3826 6098
128 174 182 239 aaa
603 181 773 237 amanam
802 181 1002 238 ananensis
1021 183 1297 242 uncamrxscort.
1353 233 1356 237 .
1735 182 1793 277 tat

130 306 216 365 Lucili
231 305 316 361 verba
338 303 427 360 nullas
449 303 524 360 uires
542 304 654 365 babent.
674 320 725 360 nec
740 304 972 368 ecclesiasticam
983 307 1087 378 poralia
1102 307 1179 365 lucra
1193 308 1341 366 cumulare.
1358 309 1411 366 Cur
1431 325 1498 382 ergo
1512 310 1722 368 admemoriam
1736 288 1798 369 ιο(

130 403 301 469 reputantur,
319 394 404 449 libere
414 393 490 464 potui
504 393 611 449 solvere
626 393 699 465 quod
722 409 777 448 non
791 393 867 449 licuit
883 392 933 448 tibi
983 403 1068 450 stram
1082 412 1137 452 non
1149 398 1226 463 ¹redit
1253 397 1325 470 quod
1340 413 1391 453 vox
1406 397 1499 455 divina
1521 398 1683 471 precipiens
1696 399 1764 457 dicit
1779 417 1788 456 ι

127 485 226 559 ligare.
243 483 334 539 Sedet
348 484 400 537 boc
414 481 494 546 bene,
509 491 537 536 nt
551 489 634 552 patet,
651 497 705 536 non
720 480 888 546 intellexisti,
906 491 933 538 et
985 484 1078 540 Gratis
1093 486 1251 557 accepistis,
1267 486 1357 558 pratis
1372 487 1436 542 date
1457 487 1588 557 rtttatrt.
1603 489 1646 557 x.)
1661 489 1717 543 Cur
1730 503 1789 544 noa

126 581 233 631 cenum
243 570 355 643 estquia
367 585 421 625 non
431 578 506 626 recto
526 586 608 624 sensu
627 568 741 640 posuisti
752 571 933 641 qnodhuoius
983 579 1044 628 ante
1060 573 1158 627 mentis
1173 573 1268 629 oculos
1282 573 1427 638 revocatis,
1444 575 1518 646 quod
1531 574 1661 646 templum
1671 575 1789 631 Redem-

129 662 196 718 dixit
212 678 218 717 :
236 684 247 708 v
266 661 301 717 Ut
311 659 399 714 nullus
410 658 635 729 metropolitanus
650 658 754 729 absque
769 666 932 714 caeterorum
983 661 1453 732 ptornosteringressus,catbedras
1462 663 1636 718 vendentium
1644 663 1790 719 columbas

127 750 251 807 omnium
266 747 536 819 comprovincialium
551 746 742 818 episcoporum
752 746 877 800 instantia
887 746 933 801 ali·
983 748 1089 815 evertit,
1106 756 1133 803 et
1143 749 1382 805 nummulariomm
1398 749 1493 806 effudit
1508 767 1547 806 aes
1562 752 1576 806 t
1591 749 1710 820 Quinam
1725 759 1791 807 sunt

127 855 244 912 quorum
258 837 464 893 audiatcausas.
484 857 495 886 ι
512 834 641 906 Quiapro
651 834 778 890 omnibus
789 836 935 905 repreben·
982 836 1009 891 in
1025 836 1125 908 templo
1139 838 1189 893 Dei
1204 838 1296 903 hodie,
1310 838 1355 910 qui
1370 838 1512 894 columbas
1526 839 1657 906 vendunt,
1673 840 1726 895 uisi
1741 839 1790 912 qui

129 927 264 997 sibilibus,
274 942 335 998 quae
349 925 383 980 de
398 933 424 980 te
434 941 483 995 per
497 923 627 988 omnium,
644 932 672 977 ut
686 923 724 977 ita
738 923 865 988 dixerim,
881 938 932 978 ora
981 923 1010 979 in
1024 925 1146 980 Ecclesia
1161 925 1276 996 pretium
1292 927 1325 981 de
1340 926 1513 996 impositione
1528 942 1626 981 manus
1636 927 1787 998 accipiunt,

126 1017 250 1081 volitant,
266 1023 292 1070 et
307 1015 341 1069 ad
356 1031 400 1069 me
415 1029 469 1068 non
489 1013 632 1083 pervenire
647 1026 700 1066 non
716 1019 840 1082 possunt,
855 1028 931 1067 sem·
982 1028 1032 1082 per
1061 1029 1143 1083 quam
1172 1013 1295 1069 videlicet
1324 1030 1419 1070 manus
1445 1014 1647 1085 impositionem
1667 1014 1789 1086 Spiritus

128 1120 180 1177 per
207 1104 316 1176 quando
343 1103 455 1160 easdem
483 1100 711 1170 reprehensiones
731 1108 792 1154 tuas
807 1100 930 1166 audiero,
982 1108 1092 1156 sanctus
1105 1101 1210 1157 coelitus
1225 1101 1327 1156 datur?
1341 1102 1473 1157 Columba
1486 1102 1711 1174 igiturvenditur,
1722 1103 1788 1174 quia

127 1209 226 1249 omnes
254 1191 398 1263 episcopos
416 1187 605 1260 provinciales,
623 1196 651 1242 ut
678 1203 725 1243 eas
753 1203 859 1244 mecum
879 1203 930 1242 au·
981 1204 1078 1245 manus
1093 1189 1238 1259 impositio,
1255 1205 1399 1260 perquam
1424 1189 1541 1262 Spiritus
1556 1199 1667 1246 sanctus
1680 1189 1787 1261 accipi-

125 1282 212 1350 dlant‚
225 1292 397 1353 congregare
413 1293 468 1332 non
488 1291 611 1347 possum.
630 1276 657 1331 Si
680 1276 751 1331 enim
767 1276 837 1331 bene
852 1275 931 1331 intel·
982 1286 1032 1344 tur,
1048 1277 1082 1332 ad
1112 1276 1229 1348 pretium
1258 1277 1397 1347 praebetur
1412 1295 1419 1331 :
1435 1278 1484 1333 sed
1512 1278 1679 1350 Redemptor
1691 1287 1789 1335 noster

126 1369 243 1426 lexisses
258 1365 489 1438 Carthaginenses
500 1379 619 1419 canones
627 1364 725 1435 quibus
734 1363 832 1419 dicitur
841 1366 929 1431 (conc.
981 1364 1124 1419 cathedras
1140 1365 1313 1420 vendentium
1336 1366 1477 1421 columbas
1491 1366 1597 1435 evertit,
1613 1365 1677 1439 quia
1691 1366 1787 1423 talium

124 1457 272 1529 (Cartbap.
283 1470 321 1519 rv,
334 1469 392 1510 can.
408 1453 471 1521 til:
484 1474 494 1502 ι
506 1453 540 1507 Ut
555 1452 700 1523 episcopus
710 1451 809 1506 nullius
819 1466 932 1508 oausam
981 1452 1180 1524 negotiatorum
1200 1453 1382 1508 sacerdotium
1405 1453 1528 1509 destruit.
1560 1454 1628 1510 Hine
1656 1453 1787 1526 estquod

123 1544 219 1600 audiat
234 1542 293 1597 sine
309 1541 453 1613 praesentia
463 1540 625 1596 clericorum
636 1555 758 1605 suorum,
775 1564 786 1588 x
798 1541 825 1595 in
835 1541 931 1596 harde
982 1540 1052 1595 sacri
1066 1556 1186 1596 canones
1207 1541 1382 1596 simoniacam
1397 1542 1523 1597 haeresim
1538 1542 1680 1608 damnant,
1696 1550 1724 1597 et
1738 1557 1786 1597 eos

124 1632 266 1687 auditione
280 1630 412 1685 sententia
428 1644 481 1683 non
497 1644 603 1683 errares
620 1646 626 1682 :
643 1629 772 1684 eumalio
786 1644 869 1683 sensu
884 1644 966 1718 ac·B
983 1628 1138 1683 sacerdotio
1161 1628 1262 1700 privari
1277 1628 1452 1700 praecipiunt,
1465 1629 1510 1702 qui
1524 1629 1558 1686 de
1572 1629 1724 1702 largiendis
1738 1644 1787 1685 or·

125 1719 286 1791 cipiendum
297 1719 331 1773 sit
358 1717 431 1789 quod
450 1717 567 1773 tacebas
591 1716 658 1771 dixit
673 1718 708 1772 ad
723 1716 836 1771 Paulam
854 1733 860 1770 ε
877 1717 930 1772 Au·
980 1715 1089 1770 dinibus
1102 1716 1219 1787 pretium
1233 1724 1366 1788 quaemnt.
1382 1717 1516 1773 Cathedra
1529 1733 1595 1791 ergo
1608 1717 1787 1773 vendentium

127 1805 424 1879 dicut,quintudaei,tc
434 1806 782 1877 superuenirsc(.lct.xx1);
793 1813 821 1859 et
831 1804 930 1859 Paulus
981 1803 1123 1861 columbas
1136 1804 1275 1871 evomitur,
1300 1805 1411 1876 quando
1426 1805 1464 1874 bi,
1482 1805 1528 1876 qui
1551 1805 1701 1877 spiritalem
1716 1820 1786 1878 gra-

125 1897 164 1952 de
174 1911 204 1951 se
216 1911 222 1951 :
235 1896 360 1951 Audiaut
370 1897 579 1965 amnrrprutes,
591 1898 620 1949 ct
630 1894 833 1949 liberatussum
842 1893 930 1949 dcccc
980 1892 1046 1946 tiam
1061 1893 1227 1960 venundant,
1243 1893 1286 1949 vel
1301 1900 1362 1948 ante
1377 1894 1522 1959 humanos,
1532 1892 1576 1948 vel
1583 1902 1645 1949 ante
1653 1893 1705 1950 Dei
1718 1909 1784 1950 ocu·

126 1985 217 2039 ιεοιιὶε
228 1984 265 2052 (lt
280 1984 348 2038 Tim.
361 1982 420 2050 xv);
438 1982 529 2037 etalio
545 1996 627 2036 sensu
641 1981 714 2052 quod
738 1981 803 2036 dicit
817 1981 851 2035 ad
873 1980 929 2035 Co·
978 1979 1021 2035 los
1035 1980 1343 2053 sacerdotioprivantnr.
1359 1981 1417 2054 »jbe
1433 1981 1483 2037 hac
1494 1981 1632 2055 agnitione
1647 1990 1674 2038 et
1684 1983 1784 2057 beatem

125 2070 242 2128 rinthios
258 2088 264 2124 :
281 2071 370 2127 Audio
384 2071 462 2126 iuter
473 2086 518 2125 vos
534 2070 672 2124 scissuras
680 2085 750 2136 csse,
766 2069 794 2123 id
804 2076 845 2124 est
854 2068 929 2123 sebi·
979 2070 1147 2142 Augustinus
1168 2069 1196 2123 in
1225 2069 1295 2126 libro
1309 2070 1343 2124 de
1370 2070 1532 2126 Poenitentia
1555 2070 1621 2126 dicit
1636 2072 1710 2140 (cap.
1728 2071 1756 2139 3)
1773 2088 1780 2125 ι

125 2168 225 2228 smata,
243 2164 272 2215 ct
285 2175 323 2215 ea
332 2162 415 2232 purte
426 2159 506 2214 credo
517 2158 542 2228 (l
552 2158 611 2213 Cor.
629 2159 659 2227 t).
672 2157 706 2211 Et
715 2156 849 2227 alioquod
864 2157 929 2211 item
981 2177 992 2206 ι
1010 2157 1146 2228 Plerique,
1163 2157 1298 2228 inquiens,
1315 2157 1379 2213 boni
1393 2158 1538 2214 Christiani
1553 2166 1654 2225 tacent,
1665 2166 1692 2214 et
1703 2155 1785 2214 suffe·

123 2248 160 2304 ad
176 2263 224 2303 eos
239 2247 304 2302 dicit
319 2247 458 2301 :Auditur
467 2247 545 2300 iuter
560 2262 605 2300 aas
619 2246 772 2316 {crematio
784 2244 874 2313 (lCor.
887 2245 926 2312 v),
978 2254 1040 2299 runt
1054 2245 1169 2300 aliorum
1183 2254 1295 2316 peccata
1306 2263 1367 2318 quae
1379 2254 1524 2313 noverunt,
1537 2247 1601 2318 quia
1610 2245 1784 2303 documentis

123 2342 153 2389 et
166 2332 276 2389 Elililiis
286 2334 343 2388 suis
360 2349 367 2387 ε
383 2333 443 2388 Nau
458 2333 578 2389 boucart
587 2335 677 2404 tama,
693 2349 833 2404 quamcpo
843 2332 928 2388 audio
977 2349 1051 2404 saepe
1065 2333 1237 2401 deseruntur,
1257 2342 1284 2387 ut
1300 2349 1334 2389 ea
1349 2351 1409 2406 qnae
1418 2335 1471 2406 ipsi
1486 2335 1573 2391 sciunt
1580 2334 1720 2403 judicibus
1734 2349 1794 2391 ert-⁴

126 2423 162 2478 dc
176 2423 250 2478 vobis
264 2423 356 2492 (lllcp.
374 2419 414 2487 ιι).
429 2419 666 2491 Undeintelligare
682 2420 777 2486 debes,
793 2419 864 2475 inter
879 2435 926 2476 au·
977 2421 1139 2477 clesiastiois
1154 2422 1271 2492 probare
1287 2438 1340 2476 non
1356 2423 1470 2493 possint.
1487 2422 1616 2491 Quamvis
1631 2423 1706 2477 enim
1716 2437 1783 2478 vera

126 2510 255 2566 ditionem
271 2517 295 2563 et
311 2507 476 2563 auditionem
490 2507 704 2563 velandientiam
719 2522 781 2562 esse
796 2506 926 2562 differen·
977 2509 1031 2563 sint
1045 2509 1179 2579 quaedam,
1197 2525 1251 2564 non
1266 2517 1356 2564 tamen
1368 2509 1452 2578 judici
1467 2510 1546 2566 facile
1561 2509 1698 2567 credenda
1706 2516 1780 2578 sunt,

127 2598 203 2665 tiam,
220 2597 288 2652 sicut
310 2605 337 2652 et
360 2595 508 2667 Scriptura
522 2596 718 2650 demonstrant.
738 2597 778 2650 De
791 2595 926 2651 audientia
976 2596 1029 2650 nisi
1042 2597 1124 2651 certis
1139 2596 1246 2653 indiciis
1272 2599 1501 2653 demonstrentur.
1517 2598 1575 2653 Nos
1590 2613 1656 2653 vero
1671 2612 1687 2652 a
1702 2612 1782 2653 rom·

126 2685 227 2758 quippe
241 2685 315 2741 Felix
324 2685 359 2739 ad
369 2684 480 2739 Paulum
498 2702 505 2738 :
520 2683 643 2740 Audiam
653 2688 690 2751 tc,
700 2683 797 2755 inquit,
807 2700 872 2739 cum
882 2700 926 2739 ac·
975 2684 1104 2739 munione
1118 2686 1439 2757 quemquamprobibere
1455 2701 1509 2741 non
1520 2701 1676 2756 possumus,
1686 2701 1784 2757 quam·

126 2773 457 2830 cusatorestuiaencrirrt
469 2772 541 2837 (Act.
557 2772 643 2841 xxrxr)
655 2790 662 2837 3
673 2780 699 2826 et
709 2788 828 2828 canones
845 2772 926 2826 :Non
978 2772 1019 2828 vis
1034 2773 1093 2828 haec
1108 2773 1255 2842 prohibitio
1269 2774 1388 2829 nondum
1403 2774 1438 2828 sit
1452 2773 1583 2840 mortalis,
1599 2774 1648 2828 sed
1663 2773 1784 2829 medici-

127 2868 233 2932 oportet
248 2875 349 2931 negare
364 2859 528 2913 audientiam
540 2859 648 2931 roganti
664 2877 670 2912 :
687 2868 713 2913 et
728 2859 808 2915 aliter
821 2859 924 2914 intelli·
975 2860 1055 2924 nelis,
1084 2860 1137 2914 nisi
1152 2868 1195 2914 aut
1220 2869 1317 2932 sponte
1344 2860 1518 2931 contessum,
1532 2870 1579 2916 aut
1594 2861 1697 2934 aliquo,
1723 2863 1783 2917 sire

126 2949 217 3020 ganda
231 2954 272 3002 est
286 2946 387 3001 auditio
409 2947 437 3000 in
455 2962 488 3000 eo
509 2946 570 3001 loco
592 2947 638 3000 ubi
660 2946 756 3000 dieitur
772 2965 779 3000 ε
796 2948 923 3013 Domine,
977 2947 1109 3014 seculari,
1130 2947 1188 3003 sive
1203 2948 1388 3005 ecclesiastico
1408 2949 1511 3019 judicio
1525 2957 1683 3006 accusatum
1698 2956 1783 3022 atque

127 3034 406 3092 audiciauditiorrrm
420 3038 501 3089 tuam
512 3037 540 3089 et
549 3035 634 3090 timui
642 3034 753 3119 (Habea
765 3034 929 3104 xrx);etaliter
942 3004 1139 3091 Cconvictum.
1165 3035 1232 3106 Quis
1260 3037 1333 3092 enim
1348 3037 1400 3091 sibi
1419 3046 1565 3109 utrumque
1580 3037 1680 3094 audeat
1696 3053 1782 3093 assu·

127 3122 174 3177 ubi
192 3123 416 3178 dicitur:tustas
433 3123 467 3177 ab
488 3121 633 3177 auditione
648 3122 727 3176 mala
741 3138 800 3177 narr
818 3123 929 3178 timebit
977 3139 1063 3190 mere,
1080 3132 1108 3177 ut
1134 3125 1261 3195 cuiquam
1290 3125 1349 3196 ipse
1377 3125 1412 3179 sit
1434 3133 1461 3181 ει
1474 3133 1617 3182 accusator
1631 3133 1659 3181 et
1671 3125 1784 3194 judex?

127 3212 215 3283 (Psat.
232 3212 284 3282 ru).
296 3207 616 3266 Similiterdifferentiam
626 3209 780 3283 intelligere
788 3209 873 3265 debes
883 3210 928 3264 in·
976 3213 1037 3266 Non
1053 3211 1125 3266 enim
1134 3220 1238 3268 temere
1253 3221 1279 3267 et
1294 3213 1509 3285 quomodolibet,
1520 3214 1570 3269 sed
1583 3229 1634 3285 per
1644 3212 1784 3282 iudicium

126 3309 169 3357 ter
182 3299 404 3364 nominationem,
421 3306 447 3353 et
464 3298 676 3353 nominationem
691 3305 773 3370 atque
789 3299 927 3371 cognitio·
977 3299 1012 3353 ab
1026 3299 1156 3355 Ecclesiae
1179 3301 1371 3357 communione
1386 3301 1534 3373 separandi
1544 3308 1606 3356 sunt
1620 3301 1695 3364 mali,
1712 3300 1783 3356 utsi

127 3404 199 3452 nem,
212 3396 240 3442 ut
254 3389 318 3443 item
333 3387 432 3442 Paulus
447 3386 511 3442 dicit
528 3404 534 3439 :
551 3387 649 3459 Siquis
659 3389 752 3457 frater
762 3389 929 3443 cornicatur
977 3403 1026 3458 per
1035 3388 1168 3457 judicium
1183 3389 1284 3444 aulerci
1308 3405 1361 3444 non
1378 3399 1509 3460 possunt,
1525 3388 1674 3444 tolerentur
1687 3389 1782 3460 potius

125 3479 283 3549 fornicator
293 3476 320 3548 (t
332 3477 392 3532 Cor.
408 3477 437 3546 v)
453 3495 459 3541 ;
476 3483 503 3530 et
520 3493 526 3530 :
543 3476 612 3530 Ecce
626 3490 675 3547 epo
685 3476 792 3531 Paulus
804 3475 865 3531 dico
876 3491 927 3531 aa·
978 3476 1051 3531 velut
1071 3478 1148 3548 palea
1164 3494 1226 3532 cum
1250 3477 1349 3544 tritico,
1370 3479 1506 3550 usquead
1523 3478 1645 3533 ultimum
1660 3476 1782 3534 ventila·

127 3566 219 3623 triadi
230 3567 342 3621 veniam
353 3565 409 3621 cita
419 3564 455 3619 ad
464 3564 698 3632 vos,siDominur
709 3565 839 3629 ratrrerit,
850 3567 928 3620 eico·
978 3564 1066 3630 brnm,
1084 3565 1125 3620 vel
1141 3567 1230 3637 pisces
1244 3566 1308 3621 mali
1318 3581 1380 3621 cum
1398 3566 1478 3622 bonis
1490 3582 1578 3638 usque
1591 3566 1625 3622 ad
1640 3581 1781 3639 segrega·

126 3671 258 3727 guerram
272 3671 330 3710 uon
341 3668 600 3710 sermoncmcorum
610 3653 658 3724 qui
674 3653 770 3720 trattati
785 3655 863 3718 sunt,
879 3652 928 3708 sed
977 3655 1089 3716 tionem,
1105 3653 1263 3725 quaetutura
1273 3663 1314 3710 εει
1328 3655 1460 3722 inlittore,
1478 3654 1529 3711 boc
1544 3653 1629 3710 estin
1644 3652 1700 3710 line
1725 3669 1781 3710 sas·

126 3744 263 3799 uirtutem
274 3745 296 3811 tl
313 3743 374 3799 Cor.
391 3741 441 3810 xv).
467 3741 536 3795 Hinc
546 3739 614 3796 sicat
635 3740 663 3794 in
677 3739 783 3810 legibus
804 3748 886 3810 atque
900 3740 928 3796 in
977 3742 1040 3797 culi.
1061 3765 1071 3789 ι
1087 3742 1126 3796 De
1149 3758 1202 3813 qua
1216 3741 1354 3814 agnitione
1383 3743 1418 3797 ad
1432 3758 1475 3798 me
1489 3750 1632 3813 perventa,
1648 3741 1722 3798 bene
1735 3757 1782 3798 re·

125 3831 276 3887 canonibus
303 3829 454 3893 invenitur,
467 3827 538 3882 inter
562 3826 746 3899 cognitionem
777 3843 886 3899 quoque
901 3837 928 3883 et
976 3829 1084 3885 minisci
1099 3838 1177 3900 potes
1191 3830 1302 3899 maiam
1318 3838 1343 3885 te
1357 3830 1569 3897 commonuisse,
1585 3829 1715 3902 quoniam
1730 3845 1783 3901 per

126 3918 294 3989 agnitionem
308 3931 370 3972 esso
384 3914 566 3971 differentiam
576 3914 730 3986 intelligere
746 3915 841 3981 debes,
858 3916 928 3972 sicut
976 3918 1077 3973 multos
1101 3918 1202 3984 audivi,
1222 3919 1271 3973 sed
1286 3927 1313 3973 et
1325 3935 1413 3990 usque
1428 3919 1463 3974 ad
1485 3933 1565 3974 aures
1579 3917 1684 3974 domini
1701 3917 1781 3990 regis

125 4004 277 4062 ostenditur
293 4005 320 4058 in
336 4002 434 4059 Atriam
449 3997 598 4073 provinciae
609 4002 768 4069 canonibus,
786 4003 812 4057 in
829 4004 927 4075 quibus
977 4001 1108 4072 pervenit,
1125 4001 1186 4073 quia
1209 4009 1236 4056 et
1257 4002 1291 4057 de
1306 4001 1478 4072 impositione
1492 4016 1588 4056 manus
1614 4001 1642 4055 in
1662 4001 1782 4057 ordina·

127 4092 314 4163 scriptumest
328 4096 404 4164 (carr.
420 4093 467 4161 ll)
483 4107 489 4146 :
509 4112 520 4141 a
538 4090 700 4163 Quicunque
714 4092 749 4147 ab
764 4091 927 4162 imperatore
977 4090 1049 4145 tione
1070 4089 1317 4146 ecclesiasticorum
1332 4091 1467 4163 gradxmm
1479 4134 1486 4156 ,
1498 4090 1578 4145 etiam
1592 4104 1609 4146 a
1624 4105 1709 4145 manu
1724 4105 1785 4145 mu·

127 4181 312 4255 cognitionem
323 4179 486 4251 judiciorum
501 4180 668 4250 publicorum
694 4180 863 4251 expetiverit,
878 4182 927 4236 ho·
977 4193 1044 4234 nera
1070 4178 1239 4249 accipiebas,
1269 4187 1296 4233 et
1324 4178 1359 4233 de
1381 4178 1557 4235 ecclesiarum
1572 4177 1693 4246 datione,
1718 4192 1781 4250 qun

126 4286 192 4327 nore
207 4269 319 4342 proprio
333 4269 463 4342 privetur.
478 4293 489 4316 x
506 4269 560 4324 Sed
574 4276 600 4324 ει
619 4268 683 4323 alibi
698 4268 780 4324 iidem
795 4269 927 4326 acSardi-
977 4267 1058 4323 etiam
1073 4270 1127 4322 non
1149 4266 1265 4336 amplius
1280 4281 1361 4338 quam
1385 4266 1476 4323 dotem
1491 4282 1579 4330 suam,
1595 4265 1623 4321 id
1644 4273 1686 4322 est
1701 4280 1783 4320 man·

126 4376 223 4418 censes
242 4373 364 4415 canones
386 4351 506 4430 glossam
526 4357 689 4429 cognitionis
707 4358 870 4428 exprimunt.
893 4359 927 4413 Et
942 4353 1047 4418 Dsum,
1058 4370 1139 4426 quern
1155 4353 1205 4408 sub
1219 4353 1398 4417 immunitate,
1415 4355 1485 4410 siout
1499 4354 1527 4409 in
1549 4353 1675 4425 capitulis
1691 4353 1784 4410 eccla-

127 4456 239 4505 sanctus
254 4447 405 4521 Gregorius
420 4447 446 4501 in
462 4446 572 4502 bomilia
587 4446 729 4518 Evangelii
744 4445 927 4502 differentiam
976 4443 1093 4498 siasticis
1103 4442 1266 4509 continetur,
1281 4443 1382 4498 hebent
1397 4459 1458 4498 cum
1468 4442 1572 4499 decima
1582 4441 1704 4497 fidebam
1714 4458 1785 4514 pras·

128 4537 284 4612 agnitionis,
306 4552 368 4608 quae
388 4533 634 4608 significationibus
648 4535 690 4590 vel
705 4535 794 4590 relatu
808 4535 926 4606 percipi·
976 4531 1031 4586 mia
1041 4531 1212 4602 requirebas,
1229 4539 1255 4585 et
1269 4546 1285 4585 a
1301 4528 1631 4602 diffamatispresbyteris,
1644 4530 1784 4587 nediseu·

128 4637 179 4695 tur,
195 4626 332 4682 utPaulus
349 4642 356 4678 :
371 4623 702 4696 Significatumestmitri
716 4623 927 4679 denobisabttir
977 4628 1115 4685 terantur,
1146 4618 1363 4689 redemptionem
1391 4618 1555 4690 accipiebas.
1588 4618 1666 4674 Unde
1695 4626 1723 4674 et
1746 4618 1782 4674 ab

127 4717 252 4787 quisunt
279 4714 375 4770 chloes
391 4713 414 4783 (l
431 4713 491 4768 Cor.
507 4711 538 4781 r),
552 4719 578 4766 et
598 4710 712 4782 reliqua,
730 4727 746 4766 a
760 4711 926 4784 cognitione,
977 4706 1101 4764 eeclesiae
1111 4715 1163 4763 tuae
1174 4705 1236 4761 liliis
1244 4707 1330 4762 isdem
1341 4707 1458 4762 domnus
1470 4723 1518 4762 rex
1529 4706 1671 4762 veritatem
1681 4705 1782 4763 audire

128 4818 188 4874 quie
204 4801 285 4872 legali
293 4817 325 4858 ac
337 4800 566 4875 regularijudicio
578 4800 753 4871 comperitur,
762 4799 928 4855 demonstrat
977 4795 1110 4866 quesivit,
1127 4803 1153 4849 et
1169 4794 1391 4865 requisitionem,
1408 4795 1604 4850 interveniente
1629 4793 1676 4849 tali
1694 4808 1783 4852 cause

128 4888 243 4962 loquens
258 4889 292 4943 ad
307 4890 452 4963 episcopos
465 4889 500 4944 dc
515 4888 672 4945 simoniaca
687 4888 795 4954 baeresi,
812 4887 928 4959 quamsi
978 4900 1039 4955 quae
1053 4892 1117 4938 nota
1133 4890 1185 4947 est,
1201 4883 1329 4954 prosequi
1344 4883 1454 4950 destitit,
1472 4883 1574 4954 tibique
1601 4898 1683 4954 quam
1699 4882 1782 4939 terri·

128 4994 177 5050 per
190 4977 373 5049 cognitionem
388 4978 415 5032 in
426 4977 551 5049 personis
566 4977 649 5033 certis
658 4985 811 5049 compertas
823 4976 927 5045 suisset,
977 4970 1057 5026 bilius
1071 4970 1156 5042 potui,
1172 4971 1309 5038 interdixi,
1326 4971 1406 5026 uthis
1420 4970 1587 5028 iecinoribus
1601 4969 1675 5026 nullo
1695 4970 1781 5028 modo

128 5067 186 5122 sine
198 5065 301 5136 judicio
315 5065 500 5123 ecclesiastico
515 5081 570 5121 non
585 5064 743 5121 dimisisset.
754 5089 765 5112 α
775 5064 870 5130 Vobis,
887 5064 928 5118 in·
977 5060 1202 5115 communicares.
1214 5060 1268 5114 Sed
1283 5068 1310 5114 et
1319 5068 1381 5115 ante
1396 5059 1591 5115 altaresanctae
1599 5058 1705 5125 Marica,
1717 5065 1782 5114 ante

128 5156 185 5227 quit
199 5155 297 5228 (Greg.
315 5155 388 5210 trem.
409 5155 440 5208 ll
455 5156 487 5210 iu
498 5153 633 5226 iosap),
650 5154 819 5219 sacerdotes,
832 5152 928 5225 lugens
979 5148 1052 5218 quod
1072 5148 1217 5219 episcopus
1239 5164 1268 5203 es
1282 5148 1432 5215 ordinatus,
1449 5164 1466 5203 a
1487 5164 1531 5203 me
1547 5146 1651 5203 dietum
1665 5146 1780 5213 audisti,

128 5242 233 5316 loquor,
249 5245 312 5317 qa'a
327 5241 472 5299 nonnullos
489 5249 611 5298 vestrum
626 5256 689 5298 cum
704 5241 823 5312 praemiis
839 5241 929 5297 lacere
978 5243 1005 5291 et
1019 5236 1158 5309 accepisti,
1170 5236 1193 5290 si
1208 5235 1278 5293 torte
1296 5236 1443 5312 obaudisti,
1459 5244 1487 5292 ει
1509 5244 1600 5292 ιιιειιιε
1619 5234 1782 5305 condidisti,

128 5332 313 5390 ordinationes
327 5331 499 5406 agnovimus,
516 5330 788 5404 spiritalemgratiam
798 5330 928 5397 rendere,
978 5324 1089 5398 utquod
1103 5325 1188 5400 gratis
1213 5325 1353 5396 accepisti,
1367 5325 1452 5400 graiis
1466 5325 1547 5382 etim
1557 5323 1617 5381 aliis
1626 5323 1784 5383 secundum

129 5435 155 5481 et
168 5427 203 5483 de
220 5427 317 5484 alienis
327 5426 513 5501 iniquitatibus
534 5441 596 5484 cum
617 5426 721 5498 peccati
743 5426 845 5483 damno
857 5409 944 5482 tem·'
978 5430 1145 5494 preceptum
1159 5420 1268 5478 bomim
1284 5421 1365 5478 dares
1388 5421 1497 5493 (narrt.
1513 5420 1545 5491 ι)
1561 5438 1568 5475 :
1584 5420 1651 5495 quis
1665 5419 1786 5480 dextera
