3794 6104
48 230 90 282 57
793 178 981 285 uutsuotnu.
1681 240 1714 294 58

47 351 158 422 scripsi
176 367 184 404 :
201 358 330 406 manente
344 351 435 416 etiam,
453 358 481 405 ut
501 360 609 422 oportet
628 360 655 408 et
669 366 791 409 necesse
808 361 859 418 est,
877 353 1038 423 ltpraesutis
1052 354 1213 411 Alexandri.
1233 357 1327 413 Gratia
1340 373 1459 431 namque
1470 360 1529 430 Dei,
1546 367 1572 416 et
1586 362 1717 419 orationi·

45 439 223 495 auctoritate
230 438 437 512 privilegiorum
452 439 543 495 domni
558 440 705 507 Benedicti,
721 448 748 496 et
772 441 866 496 domni
916 440 967 496 bus
983 443 1091 512 vestris,
1107 444 1135 498 in
1149 445 1225 502 nullo
1249 447 1397 503 schismate
1413 457 1547 518 repertos,
1578 451 1627 506 sed
1656 452 1716 508 siue

47 543 87 583 ac
107 528 203 583 Patris
231 527 318 584 nostri
338 528 445 583 Nicolai
466 544 561 599 papa-3
591 529 614 582 si
637 529 676 584 illi
704 529 795 599 placet
821 529 867 587 cui
916 531 1024 586 macula
1039 531 1067 586 in
1082 533 1217 590 catholica
1241 543 1267 590 et
1289 536 1441 606 apostoliea
1455 538 1583 595 Ecclesia
1604 554 1717 610 perma-

44 625 160 672 cuncta
175 617 249 672 bona
259 616 375 688 placent,
392 623 420 670 ut
434 615 588 672 decessoris
615 617 657 672 sui
678 617 817 678 Benedicti
839 625 866 673 et
916 625 1023 687 nentes,
1041 619 1154 692 dignum
1166 629 1209 677 est
1236 631 1401 693 potestatem
1415 626 1519 682 habere
1539 635 1567 682 ct
1595 628 1717 701 eligendi

43 719 104 760 sua
119 704 264 779 privilegii
275 721 292 758 a
305 721 337 761 se
351 703 502 761 confirmati
517 705 652 762 sententia
668 706 703 762 de
715 706 758 761 his
773 705 865 761 tratri-
916 707 1073 778 quemlibet,
1091 715 1117 763 et
1131 709 1243 765 nomina
1258 726 1354 767 eorum
1382 714 1466 770 dandi
1481 715 1528 786 qui
1550 715 1625 772 clero
1654 726 1718 773 suut

45 794 107 849 bus
117 802 238 865 propter
250 791 467 849 misericordiam
482 809 533 865 per
541 793 739 867 indulgentiam
765 795 865 849 immu-
915 803 1002 876 digni,
1017 814 1045 858 et
1058 804 1183 861 absolute
1198 806 1290 864 lacere
1305 809 1398 864 omnia
1411 812 1562 867 secundum
1576 813 1666 886 legem
1690 822 1718 870 et

47 890 140 952 tetur,
155 881 317 937 ubiexiude
333 881 463 952 scriptum
487 881 609 951 habetur,
632 881 708 938 salvo
737 883 866 940 Romanae
916 892 1073 948 sanctiones
1088 893 1228 951 Ecclesiae.
1253 897 1281 952 Si
1304 913 1386 970 quem
1410 914 1477 955 uero
1500 898 1645 974 contigerit
1668 917 1716 958 re-

51 971 137 1026 sedis
149 971 179 1025 in
193 970 321 1026 omuibus
328 970 406 1039 jussu
419 978 501 1042 atque
508 970 610 1040 judicio
626 988 632 1025 :
649 970 760 1027 etaliter
768 971 866 1028 decre·
915 979 1042 1052 quiscere
1070 981 1097 1036 in
1126 982 1267 1052 Ecclesia,
1297 992 1362 1041 tunc
1388 987 1503 1057 provehi
1526 988 1554 1044 in
1582 990 1717 1047 honorem

51 1068 116 1114 tum
141 1057 336 1124 confirmetur,
366 1058 499 1130 nobisque
522 1059 668 1115 tenendum
696 1060 864 1126 mandetur,
915 1068 1036 1126 defuncti
1050 1085 1099 1125 eos
1123 1071 1170 1142 qui
1192 1088 1280 1144 nuper
1302 1076 1436 1147 assumpti
1463 1085 1535 1144 sunt,
1562 1079 1717 1136 solumnodo

47 1149 135 1219 juxta
149 1147 368 1202 moderationem
397 1147 557 1212 iunocentii,
583 1146 629 1220 qui
646 1149 866 1204 observationem
915 1157 939 1211 si
952 1157 1097 1213 videantur
1111 1159 1197 1231 digni,
1214 1161 1422 1232 etpopuluseos
1432 1165 1556 1238 elegerit,
1567 1166 1719 1224 condem.

52 1237 186 1308 priorem
201 1235 349 1305 duriorem,
365 1234 544 1306 posteriorem
558 1243 648 1291 autem
670 1235 866 1293 interveniente
914 1253 996 1301 nente
1023 1246 1103 1301 simul
1131 1255 1159 1303 et
1181 1250 1361 1323 consignante
1389 1253 1515 1310 maximae
1543 1254 1716 1314 Alexandriae

54 1324 256 1381 misericordia
269 1322 469 1379 inclinatiorem
483 1324 548 1380 dicit
573 1326 666 1398 (epist.
684 1329 712 1391 a,
724 1326 760 1382 art
783 1328 865 1382 lioett·
915 1334 1032 1390 civitatis
1047 1335 1186 1407 episcopo.
1208 1337 1267 1394 lloc
1279 1338 1373 1410 itaque
1387 1340 1448 1397 aliis
1468 1341 1579 1413 quidem
1599 1358 1715 1400 conces.

54 1414 208 1486 perium);
224 1421 252 1469 et
265 1420 355 1467 vestra
362 1410 526 1482 fraternitas,
542 1413 588 1484 qui
599 1413 709 1468 eosdem
719 1412 865 1485 fffllrtsju·
915 1439 975 1478 sum
989 1431 1031 1478 est
1045 1423 1172 1480 omnibus
1189 1441 1196 1480 τ
1212 1425 1239 1481 in
1260 1442 1380 1497 persona
1393 1444 1460 1484 vero
1489 1429 1590 1486 lieletii
1613 1446 1717 1503 nequa-

56 1502 188 1567 dicastis,
205 1500 249 1557 rel
263 1516 378 1572 quorum
392 1501 554 1557 decessores
577 1500 639 1556 illos
654 1501 864 1572 judicaverunt,
915 1526 997 1583 quam
1012 1513 1109 1567 eadem
1122 1511 1283 1583 placuerunt
1297 1525 1411 1587 propter
1425 1516 1546 1588 priorem
1561 1518 1716 1591 indiscipli.

58 1590 188 1645 minimi
202 1589 381 1662 benignitate,
408 1589 521 1658 justitia,
542 1589 639 1660 pietate
666 1590 776 1645 conatu
797 1606 865 1646 con·
915 1599 1137 1668 rationemors,
1153 1608 1179 1655 et
1198 1610 1310 1674 propter
1323 1606 1505 1676 procacitates
1520 1607 1622 1676 querc
1636 1616 1716 1679 petu-

60 1679 182 1734 senseril
196 1686 277 1750 alque
291 1678 450 1744 decreverit,
469 1677 538 1733 sicut
553 1693 632 1734 sacra
646 1687 673 1734 et
686 1679 801 1751 mystica
814 1680 865 1735 Ni·
880 1687 1003 1768 Blantire
1031 1689 1209 1756 voluntatem,
1226 1708 1261 1747 ne
1290 1693 1345 1748 ulla
1363 1693 1475 1750 daretur
1502 1696 1651 1751 auctoritas
1673 1695 1718 1753 nel

60 1782 138 1822 taessa
152 1766 277 1838 synodus
292 1767 327 1820 de
341 1766 499 1821 Νῡιᾶῑὶθῦἱδ
513 1765 588 1838 (ccn.
610 1766 648 1838 8),
668 1774 753 1838 elpes
773 1767 864 1823 indul·
915 1784 1036 1849 potestas
1050 1776 1162 1844 homini,
1185 1779 1230 1850 qui
1244 1789 1337 1852 posset
1361 1799 1457 1838 rursus
1476 1784 1587 1840 easdem
1602 1784 1716 1840 indisci-

63 1856 197 1930 gentium,
214 1855 243 1909 in
271 1853 386 1926 epistota
409 1855 444 1910 ed
474 1854 618 1910 universos
645 1855 791 1927 episcopos
816 1869 865 1928 per
914 1865 1079 1938 ptimtiones
1093 1865 1239 1923 instruere.
1254 1871 1288 1924 ut
1302 1871 1460 1926 anastasius
1471 1872 1564 1941 junior
1578 1887 1660 1945 papa,
1681 1873 1717 1929 au

64 1945 223 2016 agrotum,
243 1943 356 2014 Libyam
383 1951 409 1997 01
435 1942 605 2013 pellibOlim
632 1943 803 2005 0⁰ss⁵¹il1¹¹0³·
830 1945 865 2001 de
916 1953 1086 2012 anastasium
1117 1959 1308 2028 imperatorem
1335 1959 1459 2015 scribens
1488 1960 1523 2016 de
1549 1961 1719 2018 ordinatiss

65 2033 173 2088 Μθῑθῑίῠ
187 2031 316 2117 dammim
326 2030 453 2087 &emenii
467 2030 592 2095 ⁰⁰11⁵ffi⁰2
617 2031 681 2086 dum
705 2032 796 2086 subtili
815 2049 865 2089 ie·
915 2045 1044 2103 damnato
1059 2049 1160 2105 acacio
1175 2047 1306 2119 (epistola
1320 2049 1428 2116 eume),
1442 2049 1613 2119 recipiendos
1622 2050 1650 2104 in
1661 2050 1717 2105 suis

66 2118 505 2193 ffl‘d10ffl50110n0112ml'0052m
531 2127 690 2189 mereretur,
721 2126 748 2174 ⁰²
775 2121 809 2174 ab
831 2136 863 2176 ‘³0
915 2135 1057 2191 ordinibus
1079 2136 1153 2193 dicit.
1183 2136 1346 2207 Quanquam
1370 2135 1466 2191 eadem
1483 2136 1600 2208 epistola
1628 2139 1716 2193 sacris

67 2218 123 2280 l0⁵⁸
138 2207 343 2263 d⁸m¹¹⁸¹i⁰¹²em
358 2207 430 2262 5¹¹⁵¹¹³
455 2207 596 2272 Oldinlfissr
615 2224 683 2279 (lUOS
708 2207 866 2265 ΜθῙΘῑῑθηῡῧ
916 2224 1067 2280 canonibus
1081 2234 1107 2281 et
1121 2225 1240 2282 decretis
1255 2224 1412 2289 lunocemii,
1428 2224 1538 2295 Zosimi,
1559 2232 1586 2280 et
1605 2226 1714 2293 Leonis,
1744 2267 1748 2274 ,

67 2298 195 2369 ilbtllfflr
211 2295 341 2353 dsscleiil·
916 2320 998 2384 atque
1014 2313 1125 2381 Gelasii,
1141 2329 1158 2369 a
1173 2312 1336 2386 quibusdam
1350 2327 1405 2368 non
1423 2313 1569 2369 convenire
1593 2314 1717 2378 dicatur;

98 2405 168 2458 Nam
194 2404 268 2459 idem
292 2402 424 2469 lleletius,
444 2410 473 2457 ut
494 2403 521 2457 in
546 2403 636 2459 ueraci
656 2411 682 2459 et
711 2403 866 2474 recipienda
917 2401 981 2471 quia
995 2410 1023 2456 ut
1037 2402 1167 2474 ambigua
1183 2401 1315 2456 sententia
1339 2400 1367 2455 iu
1390 2401 1488 2458 eadem
1503 2402 1620 2474 epistola
1645 2402 1718 2458 idem

67 2492 180 2548 historia
194 2492 408 2565 legimus,unius
423 2492 540 2546 civitatis
554 2492 743 2565 AEgyptiorum
757 2491 866 2563 episco-

67 2598 138 2652 pus,
168 2581 221 2634 sub
247 2581 327 2636 Petro
354 2578 546 2635 alexandrinae
584 2580 701 2635 civitatis
728 2580 866 2651 archiepi-

68 2668 214 2739 scopo,qui
225 2667 347 2737 suscepit
360 2666 528 2723 Diocletiano
536 2667 687 2738 imperante
697 2667 866 2739 martyrium,

917 2491 1078 2545 Anastasius
1093 2490 1197 2555 scribit,
1212 2498 1238 2545 et
1254 2488 1396 2560 baptizavit
1411 2490 1554 2559 catholice,
1583 2505 1637 2546 non
1666 2505 1717 2546 ca·

917 2577 1014 2632 uonice
1031 2596 1037 2631 ι
1054 2594 1105 2634 nec
1120 2577 1270 2633 secundum
1286 2592 1379 2632 sacras
1389 2577 1511 2648 regulas,
1521 2593 1609 2649 neque
1621 2595 1718 2634 sccun-

918 2665 983 2720 dum
997 2665 1129 2722 Ecclesias
1144 2664 1284 2721 catholicae
1305 2665 1530 2721 cousuetudinem
1560 2667 1718 2723 sacerdotes

67 2756 206 2827 depositus
235 2763 292 2824 est,
309 2761 336 2810 et
362 2762 473 2827 propter
494 2754 562 2808 alias
586 2755 686 2810 multas
708 2770 816 2820 causas,
841 2763 869 2810 et
917 2752 961 2808 vel
975 2753 1072 2808 levitas
1082 2754 1227 2809 damnatus
1242 2751 1376 2808 ordinarit
1391 2752 1516 2822 nescius,
1533 2753 1596 2825 quia
1604 2761 1720 2825 possunt

67 2843 259 2915 maximequia
272 2843 301 2897 in
319 2843 508 2914 perseeutione
527 2842 580 2897 fule
600 2851 698 2914 negata
728 2841 868 2899 sacrifica·
918 2841 1000 2896 etiam
1019 2841 1154 2897 interdum
1188 2841 1251 2897 laici
1279 2841 1404 2896 catholici
1433 2841 1572 2912 baptizati,
1601 2849 1630 2897 ut
1656 2842 1722 2898 dicit

68 2941 151 2989 rarat.
168 2933 246 3003 Ergo
269 2931 411 2986 damnatus
439 2930 531 2985 habuit
552 2931 651 2986 multos
675 2946 815 3002 sequaces,
841 2938 869 2987 et
919 2929 1053 2999 Gelasius,
1079 2928 1210 2986 catholice
1237 2929 1386 3001 baptizare,
1416 2936 1443 2985 et
1470 2930 1553 2986 etiam
1577 2930 1718 2987 criminosi

68 3021 264 3077 heresiarches
287 3019 374 3074 lactus
399 3027 440 3074 est
455 3020 608 3091 eorumqui
626 3020 758 3075 hactenus
782 3020 816 3074 ab
835 3034 868 3074 eo
919 3017 1007 3073 adhuc
1023 3019 1149 3074 sedentes
1163 3033 1246 3089 super
1269 3018 1442 3085 cathedram,
1468 3018 1537 3074 sicut
1565 3019 1666 3075 Scribae
1695 3026 1722 3075 et

67 3109 220 3182 indige-pto
243 3107 379 3163 lleletinui
393 3115 534 3173 vocantur,
560 3107 661 3162 nullam
682 3108 793 3176 justitiae
821 3122 869 3162 sa·
919 3106 1058 3170 Pharisaei,
1075 3114 1102 3162 et
1129 3107 1198 3161 sicut
1224 3106 1318 3173 ludas,
1343 3123 1393 3178 pro
1417 3107 1560 3164 ministerii
1588 3108 1720 3181 dignitate

69 3197 248 3253 tisiactionem
263 3196 366 3251 habens
379 3211 428 3251 cur
441 3195 606 3251 remanserit
626 3196 661 3251 ab
677 3196 801 3251 Ecclesia
821 3212 868 3252 se·
918 3194 988 3250 iuter
1014 3195 1153 3265 apostolos
1181 3194 1233 3249 sibi
1252 3195 1407 3261 commissa,
1425 3203 1451 3251 et
1465 3197 1586 3251 noudum
1611 3197 1717 3266 judicio

70 3294 186 3356 paratus.
201 3284 316 3341 Dicebat
332 3284 443 3356 quidem
464 3283 623 3353 injustitiam
644 3300 674 3340 se
698 3301 818 3355 passum,
842 3292 869 3339 et
918 3290 1014 3355 aperto
1029 3283 1141 3347 amissa,
1152 3299 1203 3355 pro
1217 3299 1266 3338 suo
1281 3282 1370 3340 officio
1385 3300 1446 3355 quae
1460 3284 1488 3338 in
1499 3285 1596 3340 eodem
1621 3284 1718 3345 minis·

69 3373 267 3446 obloquebatur
289 3372 340 3428 sibi
369 3372 571 3445 derogabatque
600 3373 688 3428 Petro.
706 3373 761 3428 Sed
777 3373 870 3428 Petms
919 3372 987 3426 terio
1005 3371 1146 3443 operanda
1175 3379 1237 3426 sunt
1263 3372 1386 3442 operari.
1418 3372 1485 3427 Sunt
1514 3380 1540 3428 ot
1568 3373 1632 3442 alia,
1656 3389 1717 3444 quae

70 3461 294 3534 inperseeutione
311 3469 439 3533 percepta
466 3461 585 3532 martyrii
608 3460 697 3532 palma
725 3460 870 3517 defunctus
918 3459 963 3514 hic
977 3460 1188 3530 pouipoterant‚
1204 3458 1255 3513 nisi
1271 3458 1376 3514 obviari
1391 3459 1431 3514 eis
1446 3460 1480 3514 ab
1496 3459 1556 3514 aliis
1583 3461 1717 3515 constitu-

72 3560 126 3618 est;
142 3551 196 3606 iste
211 3565 279 3606 vero
287 3549 376 3605 retulit
399 3549 580 3606 detractiones
606 3549 635 3603 in
651 3544 794 3615 Achillam,
824 3549 870 3621 qui
919 3548 953 3602 tis
968 3555 1177 3618 sanctorumque
1192 3546 1309 3602 decretis
1324 3546 1467 3601 manifeste
1482 3557 1717 3620 cognosceretur;

71 3647 129 3710 pust
156 3640 268 3694 Petrum
293 3638 413 3709 suscepit
440 3637 640 3709 episcopatum,
671 3646 698 3693 et
725 3654 820 3693 rursus
842 3638 870 3692 in
920 3634 1295 3708 quoniam,utDanieldicit:
1312 3637 1532 3692 pertransibunt
1545 3637 1675 3708 plurimi,
1692 3641 1722 3694 ct

71 3728 264 3793 alexandrum,
281 3726 327 3798 qui
341 3733 404 3798 post
418 3726 552 3782 Achillam
576 3727 698 3782 noscitur
718 3727 868 3782 ordinatus.
919 3724 1274 3797 multiplereritscicotio
1287 3725 1369 3795 (Dan.
1385 3739 1436 3789 xri,
1453 3724 1490 3796 t),
1516 3723 1594 3779 aliter
1615 3726 1649 3780 de
1666 3727 1720 3781 hu-

73 3817 209 3872 luterbaec
223 3815 307 3888 igitur
317 3815 474 3885 supervenit
496 3815 610 3886 quaestio
627 3815 736 3882 Ariana,
766 3823 793 3870 et
810 3816 870 3870 lle·
917 3813 1037 3882 jusmodi
1052 3813 1162 3868 decreta
1177 3812 1260 3868 luisse
1280 3813 1463 3868 inveniuntur.
1485 3813 1520 3867 Et
1541 3812 1645 3869 idcirco
1670 3813 1722 3869 ista

72 3904 145 3959 letius
160 3920 217 3959 una
232 3919 295 3960 cum
312 3904 369 3958 suis
379 3902 543 3959 defendebat
556 3904 659 3968 Arium,
669 3903 871 3974 conspiratione
920 3902 1045 3973 posuisse
1060 3901 1182 3964 sufficiat,
1199 3917 1260 3973 quae
1273 3901 1451 3974 indulgentia
1466 3902 1556 3972 potius
1570 3902 1723 3959 misericor·

73 3992 216 4048 saetacum
240 4007 273 4047 eo
303 3991 436 4046 adversus
459 3991 626 4063 episcopum.
651 3993 691 4047 De
708 4007 761 4063 quo
787 3992 871 4047 hlele·
921 3989 994 4044 diam
1009 3991 1095 4060 sequi,
1114 4005 1195 4062 quam
1211 4005 1355 4044 censuram
1376 3989 1487 4058 justitia
1515 3990 1649 4046 intentare
1678 3991 1721 4046 vl-

74 4080 145 4136 tioet
168 4082 231 4151 ejus
245 4079 424 4151 complicibus
452 4079 564 4150 praelata
592 4095 671 4136 sacra
696 4080 818 4151 synodus
842 4081 870 4135 in
922 4078 1031 4133 deutur.

76 4169 230 4240 prescripta
258 4168 393 4239 epistola,
416 4168 492 4239 pacis
520 4168 738 4240 redintegranda*
757 4176 784 4223 et
812 4168 872 4223 uni·
958 4167 1005 4221 llis
1021 4182 1087 4238 ergo
1102 4167 1139 4222 itu
1153 4183 1183 4221 su
1198 4167 1370 4234 habentibus,
1387 4174 1518 4238 quantum
1547 4183 1581 4223 ex
1604 4184 1648 4223 me
1672 4175 1724 4238 est,
1794 4166 1797 4179 '

77 4256 239 4329 tatisgratia,
255 4254 488 4311 baecdecretitad
498 4256 601 4312 locum.
621 4256 731 4321 Placuit,
747 4256 873 4327 inquiens
923 4254 996 4310 sedis
1011 4255 1170 4326 apostolica
1185 4255 1354 4326 benignitati,
1370 4262 1397 4310 ot
1421 4264 1518 4312 vestre
1546 4256 1725 4312 fraternitatis

79 4347 200 4415 aepistola
216 4361 296 4401 conc.
312 4345 418 4400 lt'icoem‘
433 4345 470 4400 od
485 4345 647 4416 ilioppticsl,
658 4345 796 4399 llcletium
810 4344 872 4416 qui·
923 4342 993 4398 bcue
1007 4344 1113 4414 placitae
1125 4344 1308 4413 consensioni,
1325 4344 1456 4400 sollicitus
1470 4361 1580 4400 servare
1594 4346 1724 4400 unitatem

81 4432 132 4487 dem
144 4433 273 4489 clementi
288 4432 413 4497 consilio,
430 4433 494 4486 dum
516 4433 607 4487 subtili
622 4448 741 4504 veraque
765 4433 869 4488 ratione
884 4416 1031 4502 Dspiritus
1046 4432 1072 4486 iu
1088 4432 1197 4488 vinculo
1210 4431 1296 4503 pacis,
1308 4431 1459 4488 inlrutrum
1475 4433 1588 4489 istorum
1603 4433 1724 4504 regulari

83 4521 173 4576 nullam
184 4522 293 4577 renium
307 4529 469 4586 mereretur,
485 4520 711 4593 manerequidem
726 4521 873 4592 inproprie
921 4527 991 4575 statu
1006 4536 1060 4575 non
1075 4519 1165 4575 obvio.
1182 4519 1316 4588 Quorum,
1335 4521 1404 4577 sicut
1419 4522 1446 4575 in
1462 4521 1626 4591 precedenti
1641 4521 1723 4576 sche-

82 4607 186 4676 eiritate,
203 4609 307 4665 nullam
322 4624 389 4665 vero
403 4608 567 4664 omnimodis
594 4609 695 4664 habere
710 4617 872 4680 potestatem
921 4608 986 4664 dula
1000 4608 1077 4664 robis
1103 4617 1230 4680 porrecta
1249 4609 1378 4680 praemisi,
1407 4609 1546 4663 salubrem
1560 4623 1593 4663 ao
1608 4609 1722 4681 regula-

84 4711 158 4767 neque
172 4697 302 4769 eligendi,
319 4713 408 4769 neque
432 4697 585 4762 ordinandi,
603 4697 695 4752 necin
718 4697 870 4768 provincia,

84 4798 123 4839 uec
140 4786 167 4840 in
182 4786 302 4856 qualibet
316 4786 435 4851 civitate,
451 4801 604 4858 purumque
623 4801 723 4840 nomen
751 4794 871 4840 tantum-

85 4874 152 4929 modo
165 4874 320 4945 possidere.
333 4875 388 4928 lios
397 4880 488 4929 autom
502 4874 549 4946 qui
562 4874 595 4928 ab
610 4890 643 4929 eo
659 4881 719 4928 suut
731 4874 871 4935 constitut.

84 4961 185 5029 mystica
208 4961 381 5017 ordinatione
410 4960 531 5016 firmatos
560 4962 661 5017 hahere
688 4963 821 5017 honorem
847 4970 873 5017 et

85 5049 263 5115 ministerium,
292 5056 322 5102 ut
336 5056 428 5103 tamen
450 5057 595 5120 sequentes
611 5049 666 5104 sint
680 5050 768 5105 modis
783 5050 873 5106 omni·

85 5131 125 5188 hu
137 5138 324 5193 universorum
341 5137 368 5191 in
384 5137 499 5208 singulis
514 5137 652 5207 parochiis
663 5145 689 5192 et
711 5137 836 5194 ecelesiis
856 5155 873 5194 a

84 5223 234 5280 charissimo
247 5232 275 5281 et
284 5225 472 5281 comministro
485 5232 581 5280 nostro
596 5225 749 5281 Alexandro
771 5243 873 5283 conse-

84 5321 216 5380 natomm,
259 5313 329 5368 utin
358 5314 401 5368 his
414 5313 489 5369 nulla
503 5321 625 5385 potestas
646 5314 680 5369 sit
690 5315 804 5385 placitos
823 5316 875 5371 sibi

70 5399 198 5471 eligere,
228 5410 275 5461 aul
296 5401 405 5457 nomina
426 5417 521 5458 eorum
541 5402 670 5474 preferre
698 5412 744 5458 aut
765 5404 875 5461 omnino

84 5485 173 5559 aliquid
203 5505 268 5562 gere
279 5497 379 5560 praeter
403 5489 570 5546 voluntatem
589 5489 721 5547 Faciesiae
735 5492 876 5549 catholicae

922 4713 981 4752 rom
996 4704 1094 4751 statum
1105 4705 1131 4751 et
1147 4697 1236 4768 cupivi
1251 4706 1278 4753 et
1292 4698 1382 4768 cupio.
1395 4704 1421 4752 et
1432 4696 1544 4767 quaesivi
1563 4705 1590 4751 et
1618 4711 1721 4768 quaero,

922 4793 948 4839 et
963 4786 997 4840 de
1012 4801 1126 4857 quorum
1142 4785 1294 4855 dejectione
1322 4784 1396 4840 dolui
1411 4784 1477 4838 sotis
1501 4792 1527 4839 et
1542 4784 1633 4854 doleo,
1658 4786 1724 4858 quia

923 4889 1004 4928 nemo
1018 4874 1105 4943 majus
1119 4874 1291 4944 dispendium
1302 4872 1384 4926 habet
1396 4872 1431 4927 de
1446 4872 1552 4927 illorum
1571 4873 1725 4943 dejectione

923 4978 1004 5034 quam
1019 4978 1081 5034 ego.
1099 4964 1133 5016 Et
1158 4964 1217 5017 haec
1231 4959 1341 5032 quidem
1357 4960 1454 5030 scripsi
1469 4977 1522 5031 pro
1537 4962 1725 5019 mediocritate

924 5049 1054 5122 ingenioli
1071 5050 1133 5117 mei,
1154 5049 1326 5104 devotionem
1342 5049 1441 5103 mentis
1455 5065 1524 5106 meae
1539 5051 1611 5106 circa
1625 5049 1724 5105 fratres

923 5138 1081 5202 ostendens,
1097 5137 1202 5207 priscis,
1219 5144 1248 5190 ut
1258 5136 1323 5192 dicit
1339 5137 1476 5203 Gelasius,
1492 5153 1543 5210 pro
1559 5138 1600 5192 sui
1616 5153 1725 5193 revere·

924 5222 962 5276 tia
979 5221 1151 5276 manentibus
1177 5221 1338 5290 constitutis,
1353 5228 1380 5276 et
1394 5231 1536 5277 reservato
1560 5237 1609 5291 per
1632 5222 1723 5277 omnia

925 5309 1065 5365 sententiae
1078 5325 1109 5362 ac
1121 5308 1189 5377 juris
1204 5308 1347 5382 privilegio
1362 5309 1612 5380 apostolicaesedis,
1628 5318 1656 5365 et
1669 5326 1726 5367 non

924 5396 1106 5468 praejudicans
1120 5405 1219 5453 vestrae
1240 5397 1283 5453 vel
1307 5399 1492 5469 cujuscunque
1514 5397 1721 5464 rationabiliori,

926 5501 973 5539 seu
989 5483 1050 5555 plus
1065 5486 1198 5548 tenende,
1215 5501 1247 5541 ac
1262 5486 1371 5554 majoris
1386 5485 1553 5541 auctoritatis
1569 5488 1721 5555 sententiae,
