3794 6104
68 266 118 321 297
431 265 555 324 OPUSC.
582 268 628 324 ET
654 265 765 324 EPIST.
795 267 831 322 ΙΝ
855 267 968 324 cluss
995 267 1166 326 fintenum
1190 268 1342 327 thebuti.
1669 276 1723 331 29⁸

71 405 116 446 nes
131 389 301 446 sardicense
321 390 471 448 immorans
491 392 567 463 (ocra.
586 394 629 459 tl,
647 396 700 463 lb).
724 394 759 448 Et
786 393 873 448 semel
886 391 1014 454 Acensis
1024 394 1189 466 regulariter
1203 394 1329 462 electum,
1341 393 1456 450 cumbis
1467 395 1513 467 qui
1527 407 1721 467 conuenerant,

71 493 100 535 ac
109 479 232 536 secundo
247 478 346 536 litteris
356 479 494 537 canonicis
523 481 696 537 euocatusad
718 481 869 538 ordinatio·
925 481 1027 552 velper
1047 482 1145 553 scripta
1157 490 1362 551 consenserant,
1379 482 1605 541 ordinavimus«
1630 486 1659 543 si
1677 487 1722 542 in·

71 582 129 622 nem
153 568 277 639 episcopi
301 567 330 624 in
352 567 480 624 Ecclesia
503 567 695 625 cameracensi
723 570 873 640 provinciae
923 569 1018 640 quiunt
1027 571 1116 639 (cono.
1129 572 1200 639 llic,
1212 587 1238 628 c.
1251 571 1436 640 6),communi
1444 581 1604 630 cunctorum
1613 575 1724 631 decreto

72 664 167 712 nostrae
181 663 296 727 pastore
310 656 449 723 destituta,
464 656 537 712 unde
552 657 702 729 apostolica
721 658 803 714 sedes
828 674 873 714 me
923 657 1101 723 rationabili,
1131 667 1158 715 et
1183 661 1332 716 secundum
1355 661 1478 737 regulam
1509 662 1724 720 ecclesiasticam

72 751 235 816 suggerente
249 760 305 801 non
320 744 428 800 modice
441 744 586 814 laborauit,
603 761 654 801 nec
672 746 731 816 ipse
759 746 871 815 uenisti,
923 746 1108 816 comprobato,
1124 747 1178 802 duo
1194 757 1249 815 aut,
1266 759 1321 807 tres
1336 760 1449 824 propter
1458 751 1646 807 contentiones
1660 765 1724 822 pro·

73 847 178 904 uecpro
193 831 361 889 teuicariam
371 848 548 904 personnam,
558 833 698 906 utregulae
707 850 793 890 sacrae
815 849 871 905 prae
923 831 997 903 prias
1006 834 1204 899 contradicunt,
1221 837 1343 895 obtineat
1359 840 1493 896 sententia
1506 839 1697 910 plurimorum
1709 864 1719 888 n

73 920 180 990 cipiunt,
197 922 234 977 ad
249 936 294 977 me
307 921 445 977 direxisti:
461 922 534 978 unde
549 922 727 994 Symmachus
741 939 811 994 papa
838 923 874 979 ad
923 920 1076 990 praesertim
1091 937 1153 977 curn
1167 938 1217 978 nec
1232 933 1305 980 tucci
1321 928 1524 983 contentionem
1540 927 1719 996 audierimus,

72 1008 193 1065 Eoniurn
223 1025 258 1065 ex
287 1011 376 1066 sacris
404 1011 553 1066 canonibus
581 1011 775 1084 promulgarit,
804 1020 833 1066 ut
851 1011 874 1065 si
924 1008 993 1063 sicut
1002 1024 1054 1064 nec
1081 1011 1290 1067 consensionem
1322 1015 1423 1071 hahere
1442 1016 1601 1071 meruimus.
1631 1014 1719 1083 Unde,

71 1097 184 1167 quilibet
201 1098 348 1169 episcopus
364 1099 574 1170 metropolitano
588 1099 710 1171 pontilici
734 1101 809 1169 justa
832 1115 874 1156 ca·
926 1096 990 1167 quia
1004 1096 1103 1152 fratres
1117 1106 1224 1154 nostros
1234 1103 1405 1159 nonmodice
1429 1104 1613 1170 scandalizati,
1644 1103 1724 1159 adhi-

71 1200 172 1240 uonum
188 1184 379 1242 diffinitionem
389 1195 510 1254 uocatus,
526 1188 716 1259 obtemperare
745 1187 873 1257 noluerit,
925 1184 1093 1241 bitomecum
1112 1185 1195 1242 tratre
1210 1188 1323 1245 liodone
1332 1192 1480 1247 venerabili
1490 1192 1614 1248 ecclesias
1628 1192 1725 1249 Belua·

40 1314 50 1325 .
67 1274 174 1329 noverit
192 1274 388 1330 succidendum
415 1291 455 1344 se,
471 1276 544 1346 quod
558 1291 613 1331 non
631 1277 766 1344 obtamus,
782 1276 874 1332 eccle·
925 1273 1015 1328 censis
1029 1274 1168 1345 episcopo,
1185 1284 1211 1332 te
1225 1278 1377 1348 corripiens
1392 1279 1448 1334 dixi
1463 1281 1651 1352 tibiquantum
1661 1280 1725 1338 inde

64 1361 181 1418 siastica
196 1361 351 1432 disciplina.
372 1364 412 1418 De
427 1379 544 1433 persona
559 1372 649 1418 autom
671 1380 720 1434 pro
748 1372 784 1430 te,
813 1379 875 1420 cum
924 1361 1138 1418 incurreris.Sed
1146 1363 1226 1418 aliam
1236 1366 1452 1438 recognitionem
1460 1367 1503 1424 vel
1513 1367 1724 1425 satisfactionem

64 1450 202 1505 tractoria
217 1458 244 1506 et
263 1451 416 1506 rationabili
441 1452 624 1519 excusatione,
650 1452 674 1506 si
698 1452 793 1507 venire
820 1453 881 1508 non'
927 1464 943 1503 a
958 1456 983 1504 te
994 1450 1118 1519 recipere
1125 1465 1179 1505 nou
1188 1453 1274 1521 potui,
1285 1455 1433 1510 ostendens
1441 1455 1486 1527 qui
1502 1456 1565 1512 hinc
1581 1464 1607 1511 te
1621 1457 1724 1528 regulae

59 1537 181 1608 potuisti
211 1538 365 1610 dirigenda,
394 1540 465 1595 sacri
489 1541 593 1595 Nicaeni
629 1556 749 1596 canones
782 1540 875 1596 dicunt
928 1552 981 1591 non
1001 1538 1108 1592 modice
1136 1549 1325 1610 succenseant,
1358 1542 1411 1597 nisi
1438 1543 1512 1613 qnod
1541 1543 1727 1617 indignatione

59 1626 161 1696 (conc.
180 1627 256 1692 illc„
269 1641 293 1682 c.
305 1629 353 1696 ty:
372 1647 383 1677 ι
400 1626 470 1696 Quia
481 1627 640 1698 episcopum
664 1628 790 1683 conuenit
817 1644 876 1683 ma·
925 1624 1280 1696 plenusrespondisuizrlon
1292 1631 1725 1704 sumusadhucinquieusadhoc:

56 1713 136 1769 xime
148 1714 264 1786 quidem
278 1715 314 1769 ab
327 1715 453 1772 omnibus
481 1716 528 1786 qui
542 1724 604 1771 sunt
619 1716 646 1770 in
660 1716 800 1786 prouincia
815 1716 875 1787 epi·
890 1720 954 1801 Bet
968 1714 1115 1782 posthanc
1129 1723 1157 1769 et
1169 1715 1238 1770 alias
1257 1718 1452 1788 correptiones,
1470 1734 1487 1773 a
1501 1735 1545 1774 me
1559 1720 1608 1774 tibi
1629 1720 1726 1776 litteris

55 1803 160 1873 scopis
180 1802 314 1858 ordinari.
341 1803 369 1859 Si
397 1811 488 1858 autern
506 1804 559 1860 hoc
580 1803 689 1859 difficile
715 1802 805 1870 fuerit,
831 1813 876 1861 aut
928 1801 1725 1879 acrerbisadlrihitas,ineademcontumaciapermansisti,

53 1898 183 1962 propter
198 1890 346 1946 instantem
359 1891 560 1957 necessitatem,
577 1899 623 1947 aut
638 1900 749 1963 propter
772 1892 877 1947 itineris
928 1889 1094 1944 ethactenus
1108 1906 1282 1960 permanens,
1307 1909 1359 1963 qua
1382 1901 1409 1949 et
1422 1903 1484 1949 ante
1525 1896 1720 1965 parochianum

54 1977 282 2051 longitudinem,
298 1979 386 2036 tribus
401 1988 492 2035 tamen
516 1979 681 2035 omnimodis
707 1980 878 2050 inidipsum
927 1992 1019 2031 meum
1034 1977 1219 2033 amalbertum
1241 1986 1333 2034 contra
1361 1981 1471 2051 regulas
1495 1998 1546 2052 pro
1570 1999 1651 2040 causa
1678 1983 1728 2039 tibi

54 2067 305 2134 convenientibus,
322 2076 350 2124 et
365 2069 524 2124 absentibus
534 2084 642 2140 quoque
657 2068 718 2139 pari
732 2069 814 2124 modo
830 2069 878 2124 de·
926 2062 1022 2119 illicita
1041 2067 1299 2122 excommunicasti:
1329 2068 1433 2124 scilicet
1453 2069 1515 2139 quia
1539 2086 1609 2125 uxor
1642 2070 1724 2140 illius,

57 2155 263 2222 cernentibus,
287 2164 314 2212 et
338 2172 388 2227 per
411 2156 512 2228 scripta
537 2156 780 2223 consentientibus,
814 2165 877 2211 tunc
928 2168 1008 2223 quam
1022 2152 1050 2206 in
1069 2154 1259 2224 tuaparochia
1274 2155 1398 2228 legaliter
1412 2157 1538 2225 obtinuit,
1554 2159 1621 2214 etin
1636 2174 1726 2214 meam

56 2244 210 2299 ordinatio
239 2243 412 2300 celebretur:
442 2244 555 2302 firmitas
583 2253 671 2300 autem
696 2261 790 2300 eorum
818 2261 878 2314 quae
926 2241 1084 2311 parochiam
1106 2242 1228 2310 adduxit,
1254 2251 1315 2314 post
1337 2244 1431 2315 plnres
1452 2260 1540 2301 annos
1554 2261 1635 2318 quam
1653 2247 1727 2302 illam

55 2339 205 2403 geruntur
224 2349 275 2402 per
288 2349 506 2404 unamquamque
535 2333 702 2404 prouinciam
716 2333 877 2404 metropoli·
926 2329 1031 2394 habuit,
1048 2345 1098 2401 per
1113 2331 1269 2386 mandatum
1285 2347 1347 2387 eurn
1361 2333 1434 2403 apud
1449 2341 1476 2388 te
1489 2334 1637 2405 accusavit,
1653 2334 1728 2407 quod

56 2427 127 2476 tano
156 2420 293 2475 tribuatur
323 2421 463 2493 episeopo.
483 2422 540 2477 »Ει
568 2422 729 2477 Antiocheni
758 2436 877 2476 canones
927 2417 1052 2474 camilla
1074 2433 1130 2474 non
1152 2427 1245 2490 posset
1260 2422 1452 2488 concumbere,
1478 2438 1541 2479 cum
1564 2422 1727 2495 legendibi·

55 2508 155 2580 (conc.
175 2510 319 2576 antioch,
336 2525 361 2566 c.
379 2512 432 2579 ibt,
450 2509 627 2581 explanantes
655 2510 818 2565 sententiam
832 2509 877 2564 Ni·
927 2505 1026 2561 nient:
1046 2529 1056 2555 ι
1074 2508 1108 2562 Ut
1129 2523 1219 2578 neque
1240 2517 1382 2564 accusator
1403 2526 1453 2580 per
1476 2510 1560 2566 alium
1584 2526 1725 2580 accusare,

54 2598 131 2653 caeni
147 2596 271 2661 concilii,
288 2597 381 2653 dicunt
391 2616 418 2651 :r
431 2598 583 2669 Episcopus
598 2606 694 2668 praeter
706 2599 840 2668 synodum
851 2606 878 2654 et
927 2609 1016 2665 neque
1030 2610 1093 2650 reus
1116 2610 1167 2665 per
1182 2596 1264 2651 aliurn
1279 2595 1390 2652 delendi
1408 2605 1505 2667 potest,
1522 2598 1575 2654 nisi
1590 2599 1725 2670 ingratum

55 2685 457 2757 praescntiammetropolitani
473 2685 628 2741 nullatenus
648 2686 797 2742 ordinetur.
819 2687 878 2742 lloc
926 2682 1054 2738 libertum
1078 2692 1207 2752 patronus
1230 2693 1349 2751 accuset,
1367 2693 1413 2741 aut
1426 2687 1467 2742 rei
1489 2687 1613 2743 absentia
1628 2686 1726 2743 delen-

58 2781 158 2829 antem
169 2773 261 2827 modis
274 2773 401 2829 omnibus
417 2790 511 2830 coram
524 2775 624 2845 posito,
650 2775 747 2829 melius
767 2774 877 2846 quidem
926 2770 1015 2826 datur.
1029 2792 1041 2822 ›
1054 2771 1089 2826 Et
1101 2771 1184 2827 item:
1200 2792 1210 2822 ι
1224 2771 1379 2828 Observare
1390 2774 1497 2843 judices
1511 2774 1667 2846 specialiter
1680 2776 1732 2832 de·

57 2870 106 2916 est
121 2869 153 2916 ut
167 2876 265 2916 omnes
280 2862 361 2917 simul
372 2862 460 2916 adsint
476 2862 599 2930 eiusdem
613 2863 769 2933 provincie>
783 2877 877 2918 sacer·
927 2859 1001 2928 hent,
1016 2867 1045 2913 ut
1057 2860 1086 2914 in
1099 2860 1224 2915 omnibus
1247 2861 1338 2916 causis
1357 2863 1490 2918 sententia
1505 2879 1566 2935 quae
1578 2863 1727 2920 deliberata

58 2950 145 3005 dotes
155 2965 229 3021 quos
241 2950 467 3020 metropolitanus
479 2950 625 3022 episcopus
640 2951 774 3007 advocare
789 2951 877 3006 debe·
926 2946 1007 3002 luerit
1020 2947 1171 3002 constitutis
1186 2948 1291 3020 pariter
1304 2950 1427 3020 partibus
1441 2951 1580 3019 recitetur,
1595 2960 1624 3007 ut
1638 2953 1672 3008 ab
1684 2952 1726 3008 bis

60 3037 105 3091 hit
120 3045 158 3103 et,
177 3038 293 3110 reliqua,
314 3055 374 3110 quae
403 3039 472 3095 sicut
495 3047 522 3094 et
548 3040 730 3110 praecedentia
759 3039 877 3095 Nicannis
927 3035 1055 3106 aquibus
1069 3051 1150 3091 cansa
1164 3036 1237 3092 dicta
1251 3037 1338 3094 estad
1352 3039 1489 3110 integrum
1504 3055 1565 3111 quae
1579 3040 1725 3097 dictalue·

60 3126 250 3193 concordant,
259 3126 421 3183 canonibus.
432 3151 442 3175 o
452 3127 698 3199 Elquouiamhunc
713 3136 876 3184 conuentum
892 3088 957 3178 Crit
970 3126 1103 3179 sententia
1118 3133 1309 3195 cognoscatur.
1329 3148 1340 3178 r
1357 3127 1392 3182 Et
1406 3127 1510 3199 regulae
1525 3128 1615 3184 sicunt
1632 3129 1726 3198 (corte.

59 3214 263 3286 episcoporum
278 3215 442 3270 Antiocheni
470 3230 598 3282 canones,
630 3215 816 3285 explanantes,
846 3222 877 3270 ut
924 3211 997 3281 lfa,
1010 3227 1071 3267 can.
1084 3215 1129 3277 96)
1145 3229 1152 3266 ε
1171 3214 1229 3267 «Ut
1243 3214 1276 3267 ad
1292 3214 1495 3269 accusationem
1509 3230 1564 3270 non
1578 3215 1724 3271 admittan-

59 3301 198 3370 alixinrus,
208 3307 373 3359 sententiam
380 3302 608 3370 Nicaeniconcilii,
620 3304 753 3373 synodum
764 3310 871 3369 vocant,
924 3308 967 3354 tur
982 3315 1050 3370 quos
1064 3299 1141 3371 leges
1152 3300 1267 3371 publicae
1277 3315 1332 3356 non
1343 3301 1494 3357 admittunt.
1507 3324 1518 3353 s
1530 3302 1563 3358 Et
1574 3303 1645 3358 hanc
1655 3318 1724 3375 quo·

64 3398 97 3444 et
109 3389 264 3462 perlectum
279 3391 498 3463 esseconcilium
516 3392 619 3459 dicunt,
646 3392 692 3447 ubi
720 3390 874 3447 interfuerit
923 3404 975 3458 que
989 3387 1201 3443 irrationabilem
1220 3390 1525 3446 excommunicationem
1540 3405 1555 3443 a
1570 3399 1597 3446 te
1610 3390 1721 3459 factam,

60 3478 294 3549 metropolitanus
304 3479 428 3548 antistes,
461 3496 516 3551 quo
546 3479 711 3552 regulariter
743 3486 873 3534 evocatus
921 3475 1003 3530 etiam
1018 3475 1158 3546 scriptum,
1173 3483 1268 3532 contra
1289 3476 1424 3533 rationem
1438 3479 1675 3547 etauctoritatem,
1692 3487 1720 3535 et

64 3568 162 3623 uenire
177 3574 227 3623 ant
243 3583 295 3638 pro
320 3584 466 3639 personam
494 3584 659 3623 consensum
689 3576 765 3624 tuum
793 3566 872 3623 dese·
921 3579 976 3618 non
995 3560 1107 3619 ueritate
1131 3563 1287 3630 subnixum,
1310 3565 1359 3620 sed
1374 3580 1388 3618 a
1405 3573 1430 3620 te
1452 3564 1576 3622 fabulose
1601 3566 1721 3623 consori-

61 3663 174 3712 1entem
184 3655 293 3711 mittere
303 3655 457 3728 neglexisti,
473 3671 528 3711 non
544 3664 568 3710 te
583 3655 761 3727 pertransiere
790 3655 871 3711 debet
919 3660 1005 3722 ptum,
1022 3652 1150 3718 ostendit,
1167 3651 1241 3724 quod
1254 3652 1321 3707 mibi
1335 3653 1399 3709 inde
1418 3654 1526 3709 dedisti.
1543 3655 1622 3711 Unde
1636 3655 1720 3711 etiarn

65 3742 129 3814 quia
142 3743 293 3814 provincie
305 3741 403 3799 Africae
423 3759 541 3800 canones
568 3745 748 3799 decreuerunt
778 3744 867 3814 (conc.
919 3740 996 3796 tertio
1009 3741 1057 3795 tibi
1072 3741 1154 3804 suasi,
1170 3749 1200 3797 ut
1214 3741 1377 3798 sententiam
1392 3750 1466 3797 tuam
1488 3750 1582 3799 contra
1605 3743 1718 3816 regulas

63 3829 140 3900 Asa,
156 3845 220 3901 cap.
238 3831 298 3901 ll):
317 3853 328 3877 a
346 3832 380 3887 Ut
394 3831 740 3903 episcopnsa'primatesuo
756 3839 869 3887 uocatus
917 3827 1048 3897 prolatam
1072 3828 1240 3896 immutares,
1256 3829 1421 3886 decernente
1439 3830 1609 3887 Antiocheno
1623 3832 1718 3890 conci·

63 3917 102 3972 ad
111 3918 247 3990 synodum
261 3926 448 3990 competenter
462 3928 572 3975 occurat
588 3938 594 3973 :
611 3920 684 3992 quod
700 3919 723 3975 si
738 3935 792 3975 non
819 3936 869 3990 po·
917 3913 1052 3986 tioqeooe.
1065 3918 1206 3984 Antbcb„
1216 3933 1290 3984 can,
1302 3918 1366 3990 l3):
1383 3919 1629 3991 ‹Utsiepiscopus
1641 3920 1717 3978 nullo

67 3999 148 4063 tuerit
161 4023 316 4073 occurrere,
331 4007 384 4063 nisi
394 4008 528 4063 rationem
544 4007 730 4080 impedimenti
739 4008 781 4063 sui
795 4008 868 4079 apud
917 4013 1042 4072 vocante,
1057 4005 1212 4061 inordinato
1226 4021 1303 4062 more
1314 4007 1480 4079 deproperet
1489 4023 1572 4078 super
1581 4009 1717 4082 aliquibus

69 4109 145 4150 snum
159 4095 304 4168 primatem
334 4095 495 4165 reddiderit,
514 4097 638 4153 ecclesiae
652 4113 709 4152 snm
746 4111 868 4152 commu·
916 4093 1143 4162 ordinationibus,
1154 4102 1181 4150 et
1191 4094 1385 4152 ecclesiasticis
1400 4096 1517 4168 negotiis
1533 4097 1569 4153 ad
1584 4113 1647 4154 eum
1661 4113 1717 4156 non

67 4181 147 4240 mione
156 4184 330 4241 debereesse
344 4193 511 4242 contentum,
531 4210 541 4234 o
559 4187 651 4255 (ibid,
662 4173 790 4256 ean,20,)
804 4209 814 4232 ιι
833 4184 867 4240 Et
914 4181 1111 4251 pertinentibus
1125 4181 1332 4253 componendis,
1348 4183 1426 4239 irrila
1437 4184 1547 4256 quidem
1562 4201 1623 4258 qttae
1632 4187 1669 4242 ab
1683 4200 1716 4245 eo

71 4274 114 4346 qni
127 4288 181 4328 non
197 4272 279 4328 luerit
294 4288 410 4330 concors
424 4274 495 4331 circa
508 4275 745 4346 metropolitanam
774 4273 865 4329 eccle·
915 4279 1048 4341 geruntur
1062 4269 1178 4324 existant
1193 4289 1200 4323 z
1217 4271 1276 4341 ipse
1289 4285 1354 4327 uero
1368 4270 1542 4342 incompositi
1556 4281 1646 4329 motus
1661 4273 1714 4342 sul,

67 4360 143 4425 shm,
159 4369 187 4418 et
200 4362 275 4418 circa
289 4361 458 4419 sacerdotale
472 4363 626 4431 concilium,
644 4362 694 4418 sed
720 4361 829 4417 iussatus
839 4369 866 4417 et
915 4364 941 4411 et
961 4357 1151 4413 irrationabilis
1174 4357 1294 4423 audaciae
1316 4358 1413 4413 subeat
1436 4358 1575 4428 ultionem,
1601 4376 1635 4415 en
1658 4360 1712 4418 hoc

66 4449 162 4506 abhoc
171 4449 311 4506 consortio
322 4459 462 4521 separatus
476 4458 552 4523 putat
565 4450 683 4522 propriae
697 4449 771 4522 plebi
786 4449 864 4506 incu-
874 4443 901 4504 D
913 4444 970 4513 janu
983 4445 1128 4501 damnatus
1142 4461 1157 4500 a
1172 4454 1265 4500 sancto
1280 4445 1407 4501 concilio.
1426 4466 1437 4497 s
1454 4447 1516 4503 Non
1527 4447 1600 4502 enim
1613 4455 1716 4503 metro·

68 4534 193 4606 bandum,
209 4545 237 4594 et
260 4554 455 4611 nonnunquam
482 4547 632 4596 conventus
660 4538 696 4594 ad
719 4537 867 4594 concilium
915 4532 1050 4604 politanus
1074 4548 1147 4600 eras,
1162 4541 1192 4590 ut
1205 4533 1361 4590 sollicitudo
1381 4534 1464 4590 totius
1477 4533 1623 4606 prorineiae
1636 4535 1671 4590 ad
1685 4543 1713 4592 te

69 4626 157 4682 renue
166 4626 309 4694 detrectat,
321 4625 394 4683 circa
420 4628 492 4684 hunc
520 4643 576 4684 non
603 4635 704 4682 tantum
726 4627 865 4684 dioecesicr
915 4621 1072 4693 pertineret.
1085 4621 1138 4676 Sed
1153 4622 1227 4694 quod
1238 4621 1287 4677 tibi
1301 4624 1445 4679 honestum
1459 4621 1557 4688 suerat,
1572 4629 1599 4678 et
1612 4623 1709 4694 praeci·

69 4728 119 4769 uon
132 4730 193 4770 esse
209 4715 383 4782 servandam,
400 4732 496 4772 verum
510 4717 579 4772 etde
594 4717 705 4788 propria
728 4716 863 4784 Ecclesia,
914 4709 993 4781 piunt
1010 4709 1121 4783 regule,
1146 4710 1270 4767 obtinere
1294 4726 1349 4767 non
1367 4709 1451 4782 potui,
1467 4710 1555 4766 donec
1568 4710 1709 4782 placitum,

72 4802 171 4872 qnaeilli
185 4801 258 4859 male
271 4802 377 4870 laverit,
388 4805 544 4860 omnimodo
554 4805 729 4860 adnitendum
743 4813 771 4859 ut
785 4805 865 4860 etiam
914 4804 940 4853 te
953 4806 1066 4871 propter
1080 4798 1155 4871 pacis
1170 4797 1361 4871 charitatisque
1379 4797 1529 4855 custodiam
1554 4799 1707 4868 cohibente,

73 4891 223 4947 cucwritate
234 4891 343 4963 publica
357 4892 503 4963 rejiciatur,
514 4901 595 4966 atque
623 4894 656 4947 ab
684 4893 744 4963 ipsa
767 4892 867 4964 priuci-
915 4886 943 4942 in
971 4886 1089 4944 confinio
1111 4887 1303 4958 parochiarum
1330 4894 1484 4942 nostrarum
1508 4887 1626 4956 condixi,
1657 4905 1710 4962 quo

72 4978 118 5047 pali
128 4979 256 5036 cathedra
271 4989 455 5037 removeatur.
475 5007 485 5029 ιι
501 4981 572 5050 Quia
587 4980 747 5038 uerosernel
757 4997 789 5037 ao
818 4998 864 5038 so·
915 4975 1024 5048 quidam
1039 4992 1073 5031 ex
1086 4976 1255 5047 coepiscopis
1270 4975 1379 5041 nostris,
1395 4983 1421 5031 et
1435 4974 1511 5031 multi
1521 4977 1709 5046 ecclesiastici,

73 5068 160 5136 cundo,
178 5068 286 5124 caeteris
300 5068 471 5140 coepiscopis
496 5069 597 5125 nostris
611 5071 645 5125 ad
667 5069 865 5125 ordinationem
915 5071 941 5118 et
953 5064 1056 5120 laicalis
1070 5063 1184 5130 ordinis,
1201 5078 1234 5119 ac
1247 5062 1363 5130 nobiles,
1378 5072 1404 5119 et
1416 5064 1564 5122 mediocris
1576 5066 1710 5122 conditio·

72 5157 213 5213 secundum
227 5171 322 5213 sacras
336 5157 446 5230 regulas
468 5157 740 5228 conuenientibus,et
762 5159 864 5214 absen-
915 5153 957 5208 nis
976 5152 1026 5208 uiri
1046 5159 1231 5209 convenerunt
1247 5168 1254 5206 ε
1269 5150 1315 5207 ubi
1339 5163 1422 5208 causa
1444 5153 1664 5211 irrationabiliter
1683 5161 1710 5209 et
1794 5215 1800 5227 ,

71 5241 133 5301 tibus
146 5261 198 5317 per
231 5244 335 5316 scripta
354 5245 596 5318 consentientibus,
616 5254 644 5301 tu
668 5246 753 5302 semel
771 5263 803 5303 ac
817 5257 875 5303 se·'
913 5239 1056 5297 inhoneste
1071 5255 1086 5293 ὃ
1100 5248 1126 5294 le
1141 5248 1209 5306 ³01³,
1226 5239 1388 5312 reffsslariler
1400 5249 1480 5313 alque
1499 5241 1623 5314 legaliter
1636 5240 1709 5296 diffi-

70 5334 149 5390 tuudo
160 5333 325 5407 regulariter
339 5341 515 5403 convocatus,
528 5334 633 5399 uenire,
649 5335 693 5389 uel
708 5336 864 5407 regularem
914 5329 979 5397 nita,
1001 5343 1056 5383 non
1082 5327 1170 5382 solum
1192 5327 1268 5397 mihi,
1285 5337 1312 5384 et
1326 5329 1386 5385 aliis
1408 5329 1578 5400 coepiscopis
1593 5343 1625 5385 ac
1640 5345 1710 5386 con-

69 5434 227 5479 consensum
244 5430 321 5477 tuum
334 5422 440 5478 mittere
449 5422 617 5489 detrectasti,
633 5424 864 5495 secuudumprue·
913 5416 1038 5472 iratribus
1054 5416 1165 5487 nostris,
1181 5433 1275 5473 verum
1289 5417 1370 5474 ctiam
1383 5417 1524 5489 permultis
1538 5417 1614 5474 laicis
1629 5421 1711 5475 mori·

67 5507 146 5570 scobs
160 5527 259 5570 sacros
268 5526 399 5580 canones,
413 5511 576 5584 praedictum
585 5511 718 5570 Ecclesia
737 5513 865 5571 Camera-
914 5505 1016 5580 geratis
1030 5505 1177 5564 maximam
1196 5506 1390 5566 uerecundiam
1403 5504 1438 5562 de
1451 5505 1505 5564 tuis
1521 5505 1613 5591 uerbis
1628 5522 1710 5567 rere·

228 5618 353 5676 Parnon.
369 5616 491 5679 CXXVI.
1465 5623 1499 5679 lo
