3794 6104
178 219 247 274 tots

638 213 812 274 11111111
836 192 1028 274 1111111111
1058 213 1286 306 1111111111.

1760 217 1827 274 idib

179 339 323 411 expedire,
348 354 519 413 paganorum
542 337 670 409 insidias,
694 339 851 411 pariterque
865 339 976 394 tribula·
991 335 1188 410 Aternpusque
1202 353 1233 394 ac
1249 338 1437 410 opportunitas
1459 339 1577 396 exeundi
1598 338 1769 412 patriamque
1787 356 1827 397 re-

177 427 282 483 tianum
302 427 441 484 uariarum
460 443 610 498 pressuras,
627 427 743 482 ducente
759 444 788 482 se
804 428 910 482 Christo
928 443 978 481 au-

179 515 273 573 dacter
303 530 481 588 percurrens,
516 515 623 570 tandem
657 515 804 586 aliquando
828 514 979 570 Valentiam

180 603 306 677 superius
326 604 493 659 nominatam
514 603 650 659 civitatem
665 604 835 677 aggreditur.
852 603 903 660 Ubi
918 603 979 657 die-

178 692 231 748 bus
246 700 360 764 quatuor
374 692 401 746 in
417 692 474 761 ejus
488 692 633 760 suburbio,
650 708 667 747 a
680 691 841 747 Christianis
860 693 918 761 jam
932 707 980 762 pe·

177 781 251 840 nitus
265 779 407 846 derelicto,
433 780 528 835 anxius
549 780 700 852 dubiusque
725 780 790 853 quid
813 788 906 853 ageret
929 780 980 834 im-

179 876 314 934 moratus,
332 868 425 940 quinto
440 869 484 923 111
499 868 657 923 Zachariam
677 870 823 941 quemdam
845 870 978 934 Maurum,

179 956 251 1028 apud
265 972 345 1028 quern
366 956 562 1027 hospitabatur,
586 957 767 1024 conveniam,
792 957 981 1013 sciscitabatur

180 1045 215 1101 ab
229 1060 263 1101 11
277 1044 403 1116 privatim
414 1045 448 1099 de
463 1061 493 1100 re
507 1052 710 1116 propterquam
723 1053 840 1115 venerat,
854 1054 879 1100 et
890 1053 981 1099 utrum

180 1149 210 1189 11
224 1132 251 1187 in
266 1133 318 1188 hoc
333 1133 461 1202 adjuvare
484 1133 580 1203 possit,
602 1132 745 1188 denudatis
768 1133 881 1189 secretis
897 1133 981 1187 inter-

116 1252 121 1272 ·
180 1228 266 1295 rogat.
284 1220 344 1289 Quo
366 1221 548 1292 respondente
564 1238 593 1276 se
608 1222 709 1292 optime
731 1237 830 1292 posse,
847 1230 926 1293 atque
942 1220 982 1276 lo-

179 1323 242 1365 cum
256 1308 303 1363 ubi
316 1309 452 1380 pretiosus
466 1309 576 1366 Domini
595 1319 698 1380 martyr
709 1310 825 1377 iacebat,
842 1309 981 1380 ipsiusque

179 1397 347 1454 monumenti
370 1397 493 1452 tumbam
517 1397 606 1453 adhuc
629 1397 763 1468 integram
783 1397 853 1452 bene
875 1412 979 1452 nosse:

179 1485 299 1555 Eamus,
320 1485 405 1556 iuquit
426 1485 583 1551 audaldus,
601 1493 627 1540 et
641 1486 782 1540 videamus
805 1493 929 1540 utrumne
944 1485 981 1538 ita

181 1574 225 1639 sit,
243 1573 469 1644 quemadmodum
493 1574 610 1628 testaris.
628 1574 688 1641 Quo
703 1574 789 1629 aiente
806 1590 812 1628 :
830 1573 900 1642 Quid
915 1573 981 1627 mihi

182 1661 259 1716 dabis
274 1661 405 1731 pecuniae,
419 1662 525 1732 siquod
539 1661 637 1732 quaeris
652 1662 818 1717 ostendero?
833 1661 981 1716 Monachus
995 1685 1133 1764 Bhospes
1158 1709 1281 1748 seorsum

183 1747 220 1803 ait
237 1765 243 1803 :
260 1749 358 1803 Parum
383 1749 491 1819 quidem
516 1749 625 1804 habeo:
651 1749 700 1803 sed
724 1749 790 1803 illud
814 1756 914 1813 totum,
938 1748 982 1803 vel

184 1843 258 1893 certe
273 1835 369 1891 exinde
386 1845 513 1907 quantum
537 1837 648 1907 petieris
671 1837 857 1893 incunctanter
876 1853 982 1907 appen-

182 1924 256 1980 dam.
275 1925 352 1980 Unde
373 1925 520 1994 praedictus
544 1925 685 1980 Zacharias
707 1940 823 1995 superno
842 1924 980 1995 instinctu,

184 2011 324 2083 sanctique
338 2013 475 2083 martyris,
487 2021 514 2066 ut
525 2013 672 2081 credimus,
689 2012 800 2068 obtentu
815 2013 981 2079 moderatus,

182 2115 238 2156 non
253 2100 369 2171 amplius
394 2117 475 2173 quam
499 2101 679 2174 quadraginta
700 2108 862 2174 argenteos,
881 2102 983 2156 solidos

182 2187 308 2246 videlicet
328 2189 447 2260 quinque
467 2189 619 2261 postulavit.
644 2189 748 2258 Quibus
764 2190 880 2245 libenter
895 2190 982 2243 tribu-

182 2278 218 2332 tis
232 2277 312 2331 simul
327 2277 413 2332 ierunt
431 2277 464 2331 11
478 2277 577 2342 locum,
601 2279 647 2332 ubi
668 2279 844 2333 maceriarum
861 2277 983 2334 ecelesiae

184 2373 286 2420 tantum
301 2365 430 2437 patebant
444 2365 536 2431 ruinae,
554 2373 635 2437 atque
658 2366 743 2436 ipsius
758 2366 876 2436 sepulcri
891 2367 982 2431 situm,

182 2462 213 2519 nt
227 2452 313 2509 fuerat
328 2453 569 2509 incontaminatum
590 2454 721 2525 tituloque
743 2454 889 2527 signatum,
906 2469 984 2525 repe-

184 2540 256 2596 riunt
273 2558 280 2597 :
296 2541 322 2596 in
338 2558 392 2613 quo
416 2549 473 2597 erat
495 2558 575 2613 super
598 2543 766 2613 inscriptum,
784 2543 855 2613 quod
871 2542 925 2597 illic
941 2558 984 2597 re-

90 2669 92 2673 1
184 2629 338 2703 quiesceret
353 2640 462 2686 sanctus
476 2630 559 2686 levita
573 2638 599 2685 et
614 2639 718 2702 martyr
735 2631 900 2686 Vincentius.
918 2632 984 2685 Prae-

184 2717 320 2774 clarcrum
344 2735 451 2791 quoque
476 2726 617 2789 parentum
641 2718 759 2784 nomina,
776 2719 860 2788 patris
876 2718 982 2788 Eutieii,

184 2806 281 2862 matris
306 2822 371 2862 vero
395 2806 505 2873 Enolae,
529 2808 665 2879 aquibus
690 2807 749 2862 orbi
772 2806 895 2879 agonista
924 2806 985 2860 talis

186 2903 366 2966 processerat,
392 2895 481 2950 eidem
505 2895 640 2966 epitaphio
663 2895 735 2950 inter·
750 2903 847 2950 caetera
863 2893 985 2966 refulge-

1029 424 1135 481 viseudi
1148 427 1323 498 praestolatur
1337 427 1364 481 in
1379 427 1448 482 dies.

1344 532 1456 588 CAPUT
1479 532 1512 587 V.

1064 635 1169 706 Emptis
1183 635 1301 709 denique
1325 637 1479 708 palmarum
1500 637 1592 703 ramis,
1610 637 1727 695 1111111
1747 638 1830 710 ipsum

1029 739 1128 796 corpus
1151 725 1249 797 ligatis,
1276 726 1357 781 veluti
1381 725 1491 796 hujusce
1514 726 1554 782 rei
1579 727 1668 800 gratia
1693 727 1831 783 thesaums

1030 819 1204 869 occutaretur
1227 814 1390 886 acquisitus,
1416 822 1519 869 tantum
1542 821 1656 887 tamque
1680 816 1832 872 venerabile

1029 900 1170 972 praemium
1183 901 1288 966 levans,
1305 904 1357 958 hoc
1371 909 1485 958 onustus
1498 919 1624 969 munere,
1641 904 1751 975 haeque
1765 903 1833 960 locu·

1028 989 1146 1060 pietatus
1161 991 1310 1062 margarita
1325 991 1480 1061 negotiator
1500 990 1546 1046 ille
1562 1007 1669 1062 pauper
1686 991 1831 1048 ditissimus

1029 1076 1152 1146 effectus,
1179 1085 1301 1149 optatum
1316 1079 1366 1133 iter
1380 1079 1445 1133 dum
1470 1087 1578 1149 tempus
1602 1080 1689 1145 videt,
1712 1081 1830 1136 resumit.

1031 1166 1080 1222 Cui
1095 1166 1227 1221 Dominus
1239 1183 1337 1239 rursus
1357 1168 1502 1223 ostendere
1516 1168 1622 1233 volens,
1642 1168 1717 1239 quod
1732 1169 1831 1240 quaesiti

1030 1253 1164 1310 Vincentii
1187 1253 1275 1308 levitae
1297 1262 1323 1309 et
1343 1254 1471 1326 martyris
1493 1270 1594 1326 corpus
1608 1254 1768 1324 invenerit,
1784 1257 1830 1311 sub

1030 1348 1109 1396 noete
1138 1340 1253 1413 quadam
1281 1341 1346 1396 dura
1373 1358 1457 1413 super
1479 1342 1625 1398 universos
1656 1343 1828 1415 eumdemque

1030 1429 1184 1485 audaldum
1200 1446 1283 1502 sopor
1298 1430 1377 1486 solito
1387 1430 1577 1486 vehementior
1587 1429 1712 1486 irruisset
1724 1449 1731 1485 :
1743 1431 1828 1488 Subita

1030 1515 1122 1589 fulgor
1151 1518 1233 1588 (haud
1261 1518 1373 1572 dubium
1402 1519 1467 1590 quin
1490 1518 1560 1574 coelo
1584 1517 1730 1589 delapsus)
1756 1535 1827 1582 omne

1031 1605 1144 1675 replevit
1169 1621 1223 1677 quo
1246 1607 1362 1661 Sanctus
1385 1606 1474 1660 inerat
1497 1606 1685 1662 habitaculum
1702 1624 1709 1661 :
1726 1607 1793 1663 adeo
1806 1616 1828 1662 ut

1303 1693 1436 1750 recubans
1460 1694 1498 1748 nil
1522 1694 1594 1748 aliud
1618 1711 1703 1765 quam
1728 1695 1828 1750 domun

1032 1797 1126 1847 suam,
1156 1782 1282 1837 volvente
1315 1781 1387 1853 ignis
1416 1782 1559 1845 edacitate.
1591 1782 1692 1838 111111
1721 1791 1826 1854 putaret.

1032 1872 1157 1940 Dumque
1172 1870 1309 1926 clamores
1324 1870 1464 1940 pavitans,
1481 1870 1541 1942 quis
1564 1869 1661 1940 ignem
1677 1871 1828 1927 succendis·

1032 1966 1090 2024 set,
1115 1958 1259 2027 emitteret,
1284 1958 1421 2012 audaldus
1445 1957 1528 2014 veluti
1551 1959 1587 2014 11
1609 1958 1710 2014 1111111
1738 1957 1827 2028 lessus,

1032 2045 1077 2100 vix
1091 2046 1180 2101 somni
1195 2047 1309 2101 decussa
1320 2047 1410 2118 quiete
1419 2045 1550 2119 assurgit,
1561 2061 1702 2119 vocesque
1718 2047 1829 2103 claman-

1032 2134 1067 2188 tis
1093 2134 1206 2205 hospitis
1229 2135 1372 2204 accipens,
1396 2151 1454 2189 rem
1476 2134 1584 2190 coelitus
1607 2134 1827 2201 administratam,

1031 2222 1092 2295 ipso
1107 2224 1234 2293 pertusus
1248 2223 1394 2294 splendore
1408 2223 1506 2278 tacitus
1520 2222 1691 2294 timidusque
1713 2223 1827 2279 attendit.

1033 2315 1067 2368 At
1079 2311 1125 2365 ubi
1141 2311 1210 2366 inse
1225 2310 1387 2367 recollectus
1411 2311 1536 2367 virtutem
1560 2312 1676 2384 agnovit
1696 2312 1829 2378 ditissimi,

1033 2399 1182 2471 hospitem,
1199 2406 1292 2469 utpote
1317 2398 1474 2471 gentilitatis
1497 2399 1551 2454 ritu
1575 2397 1715 2465 11111111,
1741 2400 1830 2455 blando

1033 2504 1067 2543 ne
1082 2495 1179 2559 paveat
1195 2486 1329 2544 demulcet
1344 2485 1437 2553 11111,
1454 2487 1545 2560 ignem
1567 2487 1668 2558 procul
1681 2488 1766 2544 dubio
1778 2503 1795 2543 1
1805 2503 1830 2544 se

1034 2591 1181 2632 accensum
1208 2574 1292 2630 luisse
1320 2575 1507 2645 pronuntians.
1534 2576 1591 2631 Hoc
1615 2584 1710 2632 autem
1740 2576 1831 2643 audito,

1033 2664 1079 2719 ille
1093 2681 1123 2719 se
1138 2664 1206 2718 iutra
1226 2663 1342 2719 cubiculi
1357 2663 1398 2717 sui
1413 2663 1530 2718 claustra
1554 2664 1691 2719 continuit
1709 2682 1717 2719 z
1734 2680 1784 2720 nec
1797 2673 1831 2720 est

1033 2751 1183 2824 permissus
1207 2752 1360 2824 dignusque
1384 2751 1525 2818 inventus,
1550 2751 1597 2825 qui
1622 2751 1691 2809 11111
1712 2752 1829 2809 miraculi

1033 2847 1185 2897 mereretur
1200 2855 1280 2894 nosse
1295 2839 1463 2911 mysterium.

1345 2963 1457 3018 CAPUT
1476 2963 1521 3017 Vl.

186 2982 253 3038 bant
272 2983 385 3037 inserta.
409 2983 486 3054 Ergo
507 2991 647 3053 comperto
669 2999 718 3036 seu
739 2984 867 3038 denotato
888 2997 985 3038 sarco-

187 3071 272 3143 phagi
286 3070 361 3140 loco,
377 3071 420 3126 die
440 3071 529 3126 adhuc
551 3071 635 3125 multo
656 3071 767 3125 domurn
791 3071 895 3126 reversi
914 3033 1021 3137 sunt,C
1072 3070 1221 3125 Monachus
1243 3084 1308 3124 vero
1336 3078 1396 3125 orto
1422 3084 1501 3123 mane
1530 3067 1630 3124 festine
1658 3085 1831 3144 consurgens,

187 3157 357 3233 glorificante
380 3158 504 3215 audaldo
528 3161 615 3214 Deum
629 3174 660 3215 ac
676 3159 863 3226 benedicente,
880 3159 926 3230 qui
940 3159 985 3212 iti·
1037 3159 1109 3231 qnod
1124 3157 1260 3212 residebat
1273 3157 1378 3211 itineris
1402 3155 1535 3212 conficere
1559 3158 1671 3229 satagit.
1689 3160 1769 3215 Unde
1782 3167 1833 3230 post

187 3247 262 3305 ueris
278 3248 320 3304 sui
333 3248 472 3304 incursum
485 3248 522 3303 ita
536 3264 669 3321 prospere
684 3248 841 3304 direxisset.
1036 3247 1139 3319 aliquot
1159 3247 1218 3301 1111
1242 3246 1475 3317 Caesaraugustam
1499 3244 1634 3301 civitatem
1658 3256 1834 3318 properanter

1037 3351 1197 3408 aggressus,
1214 3335 1357 3406 aquodam
1378 3335 1435 3389 Deo
1459 3334 1558 3389 devota
1580 3335 1743 3391 muliercula
1757 3353 1834 3408 pmpe

498 3389 610 3447 CAPUT
630 3391 673 3444 w·
990 3479 992 3483 ,
1036 3423 1121 3494 111111
1136 3424 1211 3478 urbis
1234 3423 1333 3478 111111
1358 3423 1469 3477 domum
1492 3422 1629 3489 habente,
1653 3424 1835 3481 misericordia

222 3514 338 3571 Proinde
367 3516 430 3571 dum
457 3515 534 3587 quies
558 3523 653 3570 noctus
676 3515 807 3569 membris
836 3515 986 3585 praesertim
1037 3512 1200 3583 hospitandi,
1216 3518 1310 3581 utputa
1327 3511 1499 3582 peregrinus,
1515 3510 1561 3565 illa
1576 3518 1658 3567 nocte
1682 3513 1832 3584 suscipitur.

186 3605 314 3663 humanis
341 3603 489 3669 blanditur,
518 3611 631 3674 accepto
659 3602 759 3658 lumine
788 3611 987 3674 consurgentes
1037 3601 1104 3670 Qua
1118 3600 1248 3669 sollicita,
1264 3599 1327 3653 dum
1344 3599 1371 3652 11
1386 3599 1534 3655 occultiore
1558 3608 1638 3671 parte
1662 3617 1722 3657 suae
1745 3603 1834 3656 domus

188 3693 239 3750 soli
253 3700 358 3749 secreto
373 3701 543 3748 revertuntur
566 3692 600 3746 ad
624 3692 776 3746 tumulum:
794 3692 987 3764 inventumque
1037 3689 1154 3762 vigilans
1169 3695 1194 3743 et
1209 3696 1300 3743 tacens
1315 3687 1482 3758 quiesceret,
1498 3688 1712 3744 adnimadvertit
1735 3705 1834 3745 memo·

187 3781 265 3838 mirae
279 3780 485 3852 pulchritudinis
500 3797 547 3835 vas
562 3796 744 3835 marmoreum
759 3780 879 3851 indique,
897 3789 926 3835 ut
941 3782 988 3835 de·
1037 3786 1127 3832 ratum
1141 3777 1304 3832 monachum
1319 3783 1380 3830 unte
1395 3776 1482 3832 sancti
1500 3791 1602 3848 corpus
1623 3777 1779 3833 lucentibus
1792 3795 1833 3833 ce·

188 3871 284 3936 cebet,
306 3870 425 3924 studiose
448 3868 594 3937 munitum,
618 3869 728 3939 inopina
752 3868 896 3935 facilitate,
919 3870 988 3924 ultra
1038 3866 1093 3920 reis
1115 3865 1263 3936 psallenter
1285 3865 1404 3919 adstare.
1431 3864 1522 3935 ltaque
1550 3865 1661 3935 pulsato
1689 3865 1834 3922 nocturnali

189 3973 271 4030 quam
293 3956 347 4014 dici
370 3965 480 4027 posset,
503 3956 583 4011 simul
606 3957 686 4011 ambo
707 3957 811 4012 viribus
834 3958 988 4013 insistentes
1038 3962 1160 4024 tempore
1176 3953 1272 4025 signo,
1288 3952 1322 4006 11
1338 3952 1483 4008 ecclesiam
1506 3953 1614 4008 concita
1629 3954 1724 4025 pergit
1739 3973 1745 4009 :
1761 3963 1834 4026 atque

190 4044 323 4117 aperiunt.
337 4045 409 4112 Quid
423 4052 553 4115 11111111
568 4043 752 4099 admirationis
770 4062 820 4115 111
834 4045 988 4101 incredibili
1038 4042 1111 4114 quod
1126 4042 1227 4098 viderat
1241 4057 1290 4112 per
1305 4041 1498 4095 internuntium
1513 4041 1644 4112 11111111
1662 4042 1781 4098 civitatis
1794 4041 1832 4096 in·

190 4134 249 4204 ejus
272 4132 438 4205 integritate,
463 4132 562 4203 quidve
592 4133 808 4203 compunctionis
832 4150 879 4188 seu
902 4133 988 4205 lacry-
1037 4130 1150 4186 timavit.
1175 4130 1228 4199 Qui
1250 4128 1379 4185 festinans
1403 4128 1539 4184 sarcinam
1562 4129 1616 4184 sibi
1639 4147 1678 4185 un
1701 4147 1762 4187 cum
1782 4131 1833 4203 pal·

188 4238 304 4289 marum,
330 4228 443 4294 propter
466 4220 593 4276 videlicet
616 4221 743 4293 gaudium
769 4237 801 4277 ac
822 4222 988 4293 inexpertam
1037 4219 1089 4274 mis
1119 4219 1223 4289 pudore
1253 4217 1359 4273 sublato
1385 4217 1523 4288 deportari
1547 4217 1647 4287 jussit,
1678 4221 1833 4276 monachum

188 4311 342 4368 aromaticae
356 4310 495 4366 saturitatis
509 4309 564 4366 illic
579 4308 706 4365 diffusum
726 4309 910 4382 fragrantiam,
926 4327 987 4365 me·
1038 4315 1128 4364 atatem
1143 4306 1338 4376 comprehendi
1357 4305 1505 4360 mandavit.
1521 4304 1570 4361 llle
1584 4321 1653 4361 vero
1676 4307 1758 4378 paulo
1779 4315 1833 4362 ante

188 4408 310 4456 moratus
334 4399 378 4454 ille
401 4400 567 4464 monachus,
592 4399 660 4453 tanti
684 4399 747 4453 boni
770 4407 902 4469 repertor,
927 4398 992 4454 inihi
1007 4386 1078 4451 Dde
1105 4395 1270 4450 necessariis
1285 4394 1336 4449 viae
1361 4393 1512 4464 sumptibus
1544 4394 1704 4462 meditans,
1736 4403 1837 4466 propter

188 4498 254 4545 tunc
277 4488 458 4560 persenserit,
483 4486 618 4542 ineffabile
641 4487 700 4556 ipso
721 4488 898 4557 jurejurando
922 4495 989 4542 atte·
1039 4483 1169 4540 emendos
1184 4499 1283 4553 panes,
1305 4481 1440 4549 ministro,
1468 4481 1531 4551 quia
1554 4490 1616 4536 erat
1638 4492 1745 4552 mutus,
1769 4482 1833 4538 domi

189 4584 277 4634 stante
293 4578 416 4632 habetur.
432 4577 490 4631 lloc
505 4584 592 4630 tamen
612 4576 673 4631 luce
695 4575 791 4630 clarius
806 4575 898 4647 iulget,
916 4576 989 4646 quod
1038 4573 1150 4638 relicto,
1171 4572 1205 4626 ad
1228 4571 1316 4625 iorum
1340 4576 1519 4641 processerat.
1544 4569 1702 4642 Episcopus
1726 4585 1832 4642 namque

188 4665 343 4736 hujusmodi
359 4665 445 4737 signis
461 4664 544 4719 veluti
568 4664 729 4735 quibusdam
745 4663 856 4719 vocibus
871 4664 990 4733 promul·
1038 4661 1126 4716 diviso
1141 4659 1223 4724 11111,
1240 4666 1267 4713 11
1280 4674 1448 4731 quaecunque
1469 4657 1575 4712 inerant
1597 4659 1735 4715 universis
1748 4673 1832 4715 coram

187 4763 281 4828 gatum
304 4753 399 4819 fuerit,
423 4753 497 4824 quod
511 4754 534 4807 11
554 4753 598 4823 qui
621 4752 792 4824 quaerebatur
814 4752 863 4806 Dei
886 4754 989 4823 hlartyr
1039 4748 1178 4820 expositis,
1195 4747 1295 4817 reperit
1310 4754 1433 4802 sanctum
1448 4744 1614 4802 intrinsecus
1627 4747 1717 4803 latens
1731 4748 1830 4820 pignus,

188 4851 216 4898 et
229 4842 322 4897 Levita
337 4842 493 4896 Vincentius
516 4848 587 4895 esset
609 4840 743 4896 inventus
760 4839 812 4908 Qui
828 4840 989 4894 1111111111-
1039 4852 1117 4891 sacco
1133 4835 1280 4908 diligenter
1293 4835 1421 4889 insutum.
1438 4833 1518 4902 Quod
1535 4840 1651 4906 stupens
1674 4835 1831 4906 nimiumque

189 4930 295 5002 tiplices
310 4938 336 4985 et
350 4930 525 4984 admirandas
536 4929 730 5000 suppliciorum
746 4928 804 4997 ejus
818 4928 929 4998 injurius
941 4928 987 4998 ita,
1038 4924 1194 4984 admirans.
1212 4930 1238 4978 et
1253 4923 1390 4978 aestimans
1406 4923 1516 4978 omnino
1532 4924 1607 4993 quod
1622 4932 1681 4979 erat
1696 4923 1830 4996 11111111-

187 5028 217 5076 ut
231 5019 447 5092 prelibavimus,
464 5019 571 5090 integer
593 5018 716 5089 liberque
731 5034 746 5070 a
760 5016 913 5087 putredinis
927 5017 988 5072 labe
1038 5014 1115 5082 cujus
1135 5012 1222 5067 sancti
1244 5011 1372 5082 martyris
1394 5026 1510 5082 corpus,
1533 5011 1614 5079 jussit
1638 5012 1705 5067 illud
1727 5009 1829 5078 auferri,

187 5116 312 5180 repertus
327 5114 381 5173 est,
405 5115 434 5160 ut
457 5106 529 5160 nullo
552 5107 634 5161 modo
658 5106 685 5159 in
709 5114 860 5176 praeparato
882 5105 933 5160 sibi
954 5105 989 5159 ad
1038 5109 1117 5172 atque
1133 5100 1159 5154 in
1174 5095 1389 5156 ecelesia'heatae
1404 5098 1497 5154 llariae
1515 5115 1627 5170 semper
1640 5100 1754 5173 virginis
1767 5099 1829 5171 (qua

186 5195 355 5252 1111111111
373 5194 499 5260 1111111,
516 5194 606 5249 111111
630 5195 718 5250 adhuc
742 5193 837 5266 rigidis
862 5193 988 5264 componi
1038 5197 1078 5244 est
1092 5196 1180 5243 mater
1195 5187 1374 5243 ecclesiarum
1389 5187 1511 5256 ejusdem
1525 5188 1616 5255 urbis)
1630 5196 1829 5244 veneranterre

187 5285 303 5354 potuerit
320 5302 327 5338 ε
343 5283 395 5338 1111
410 5299 461 5354 111
475 5289 569 5347 11111,
585 5282 636 5337 1111
657 5282 717 5352 1111
738 5288 853 5355 cogente
869 5280 987 5337 necessi·
1038 5277 1118 5332 cnudi
1135 5295 1141 5329 :
1159 5277 1185 5329 in
1201 5291 1254 5347 qua
1269 5276 1334 5332 olim
1350 5276 1399 5330 sub
1414 5274 1522 5331 Valerio
1537 5275 1668 5346 pontifice
1683 5278 1753 5332 idern
1767 5289 1828 5330 mar·

185 5377 255 5439 1111,
279 5372 457 5442 complicatus
480 5371 682 5426 dissolveretur.
700 5368 803 5438 Quibus
826 5385 886 5425 curn
910 5385 988 5424 reve·
1038 5373 1080 5436 tyr
1095 5373 1274 5436 strenuusque
1289 5364 1387 5419 athleta
1402 5362 1599 5420 archidiaconii
1619 5379 1712 5421 arcem
1725 5359 1827 5437 insignis

188 5458 276 5516 rentia
290 5467 316 5515 et
331 5460 427 5517 timore
440 5458 600 5531 perfunctis,
614 5459 649 5514 ad
663 5457 808 5530 hospitium
819 5457 985 5530 deportatur,
1036 5461 1173 5509 tenuerat.
