3794 6104
177 190 226 242 80³
810 180 958 240 tonNNts
989 180 1084 236 PAPAE
1112 182 1183 238 Vlll.
1780 186 1829 241 eet

175 313 279 386 absque
299 312 427 369 dilatione
449 310 579 375 debeatis,
605 326 639 366 ne
663 309 802 380 querendo
828 306 972 364 assumatis
987 305 1082 365 Alum
1096 307 1130 361 de
1145 307 1282 378 episcopis
1296 307 1339 362 vel
1363 307 1562 374 sacerdotibus,
1587 307 1632 366 vel
1657 308 1691 364 de
1715 308 1827 380 quibus-

176 398 300 455 leberem
313 413 365 469 pro
380 395 428 452 tali
442 396 562 469 negotio.
579 394 711 465 Optamus
727 393 920 450 fraternitatem
933 407 977 446 ve
1026 410 1133 467 cunque
1147 392 1281 462 fidelibus,
1305 411 1356 467 per
1379 412 1419 462 se,
1446 396 1652 468 suppositamve
1673 412 1827 468 personam,

178 494 263 544 stram
277 486 305 543 in
320 485 428 543 Christo
442 485 512 541 hene
527 483 627 540 valere.
1027 482 1062 539 de
1076 482 1245 539 ordinatione
1259 483 1380 554 ejusdem
1394 484 1509 546 abbatis.
1525 484 1570 543 vel
1593 483 1770 551 clericerum,
1786 494 1829 556 out

415 571 417 574 ⁴
531 571 623 629 clxi.
1027 570 1266 642 presbyterorum,
1295 573 1338 628 vel
1365 573 1400 628 de
1424 571 1570 646 largitione
1593 572 1765 640 chrismatis,
1788 582 1829 630 aut

241 677 420 719 rnrvrsenmss
439 676 492 716 nno
511 673 688 717 uonnsrnnro
712 673 913 714 vvzecrncensr.
1029 659 1235 716 consecratione
1249 659 1376 728 basiliere,
1403 664 1447 717 vet
1467 660 1502 717 de
1517 661 1731 734 quibuscunque
1744 660 1829 719 cauas

331 806 335 813 ,
489 750 579 821 (duno
594 748 671 819 878.)
1029 747 1063 803 ed
1078 747 1150 803 idem
1164 748 1360 803 monasterium
1374 748 1584 820 pertinentibus,
1609 750 1716 806 audere
1731 749 1758 805 in
1773 766 1830 822 que

242 840 454 911 Confirmantar
469 838 669 894 ienmucitctes
683 836 752 894 otim
770 851 917 894 concesse.
1027 834 1092 890 libet
1107 835 1198 906 specie
1212 836 1302 892 exenii
1324 836 1385 893 loco
1408 836 1554 910 quidquam
1578 837 1720 910 accipere,
1745 854 1829 911 neque

397 928 476 993 (apud
489 926 621 979 acherium
633 925 760 991 spicifer.)
1029 923 1154 979 cumdem
1169 924 1295 980 abbatem
1308 941 1360 997 pro
1374 925 1543 982 ordinatione
1567 943 1616 981 sua
1641 925 1749 998 aliquid
1770 927 1830 984 dare

215 1014 342 1068 loannes
356 1011 502 1082 episcopus
517 1025 613 1066 servus
633 1024 774 1064 servorum
796 1007 846 1063 ltei
870 1005 979 1061 Eunoni
1029 1027 1204 1084 praesumere,
1221 1029 1255 1068 ne
1270 1015 1322 1069 hac
1342 1014 1497 1081 occasione,
1522 1030 1556 1070 ea
1580 1030 1643 1088 quae
1667 1030 1686 1070 a
1710 1014 1831 1071 fidelibus

181 1100 332 1159 venerabili
357 1099 448 1157 abbati
472 1097 666 1154 vizeliacensis
687 1095 824 1163 coenebii,
852 1095 980 1167 omnique
1029 1100 1075 1173 pio
1089 1101 1150 1157 leco
1165 1099 1314 1158 offeruntur
1335 1111 1539 1158 consumantur.
1565 1103 1662 1176 Neque
1688 1103 1831 1175 episeopus

180 1188 387 1263 congregationi
403 1187 525 1259 eiusdem
541 1185 700 1242 monosterii
712 1184 739 1240 in
754 1191 925 1256 perpetuum·
1031 1189 1147 1245 civitatis
1161 1189 1245 1262 ipsius
1259 1190 1404 1262 parochie,
1420 1190 1474 1246 nisi
1488 1191 1521 1246 ab
1531 1190 1630 1248 abbate
1642 1191 1733 1263 ipsius
1742 1207 1832 1248 mena-

217 1277 330 1348 Quoties
344 1276 391 1332 ilte
406 1274 517 1332 tribute
535 1274 615 1330 nobis
639 1281 776 1346 optentur,
802 1289 863 1344 quae
886 1271 981 1328 rationi
1032 1277 1108 1334 sterii
1122 1278 1258 1345 invitatus,
1274 1277 1376 1334 ibidem
1389 1277 1514 1350 publicas
1527 1279 1630 1336 missas
1644 1287 1723 1354 ngat,
1748 1296 1832 1353 neque

181 1368 372 1424 incunctanter
395 1362 571 1429 conveniunt,
595 1362 685 1419 animo
709 1377 759 1417 nos
786 1359 867 1416 debet
888 1359 983 1417 libenti
1032 1367 1163 1422 nationes
1178 1365 1206 1421 in
1224 1367 1320 1422 eodem
1344 1366 1470 1423 poenobio
1494 1367 1607 1436 indicat,
1633 1383 1670 1425 ne
1693 1385 1831 1425 servorum

181 1455 344 1522 concedere,
368 1461 395 1508 et
418 1451 566 1523 petentium
590 1449 733 1507 desideriis
754 1464 905 1522 congruum
928 1448 972 1504 im·
1032 1455 1082 1510 ltei
1105 1456 1183 1526 quies
1207 1455 1397 1528 quoquomodo
1420 1455 1544 1528 populari
1568 1464 1708 1513 conventu
1729 1467 1832 1529 perter-

182 1543 278 1616 pertiri
293 1539 464 1613 suffragium.
481 1542 569 1610 Atque
583 1538 645 1594 ideo
659 1538 723 1611 quia
744 1536 884 1610 postulasti
899 1552 916 1592 a
930 1551 982 1592 ne·
1032 1542 1091 1598 bari
1106 1543 1205 1613 valeat,
1221 1557 1310 1615 neque
1325 1551 1446 1615 paratas,
1458 1551 1505 1599 aut
1515 1544 1731 1602 mansionaticos
1741 1545 1832 1602 exinde

182 1630 225 1687 bis
240 1637 373 1703 quatenns
388 1628 560 1701 privilegium
574 1626 648 1682 sedis
666 1625 824 1698 apostolice
841 1632 982 1681 meneste-
998 1639 1180 1714 Bpraesnmat
1193 1631 1315 1705 exigere.
1331 1631 1537 1704 Susceptienem
1552 1641 1645 1688 autem
1669 1631 1791 1689 fidehum
1810 1642 1834 1688 et

182 1718 225 1775 rio
241 1718 384 1783 vizeliaco,
400 1716 444 1773 cui
458 1731 578 1788 praeesse
592 1714 774 1786 dignosceris,
791 1713 865 1788 qaod
878 1720 984 1772 constat
1035 1719 1226 1792 religiosorum
1254 1719 1373 1775 virorum
1402 1725 1483 1791 atquc
1506 1719 1734 1787 beneficentiam,
1758 1736 1834 1794 quarn

184 1806 248 1864 olim
263 1823 279 1862 a
293 1805 417 1862 Gerardo
431 1803 600 1860 nobilissimo
615 1811 641 1859 et
660 1801 894 1860 christianissimo
915 1800 983 1869 viro,
1032 1808 1107 1878 jubet
1122 1807 1267 1879 Apostolus
1281 1807 1386 1864 cunetis
1400 1806 1580 1863 exhibendam
1590 1823 1642 1880 pro
1656 1808 1834 1881 possibilitate

184 1910 291 1952 necnon
311 1902 338 1950 et
361 1894 440 1949 herta
464 1908 550 1949 uxore
574 1892 633 1963 ejus
657 1891 685 1948 in
703 1892 808 1947 honore
830 1889 938 1946 Domini
959 1897 986 1947 et
1034 1895 1088 1952 leci
1102 1903 1128 1951 et
1141 1894 1309 1962 facultatum,
1325 1910 1379 1950 non
1393 1895 1476 1952 mode
1495 1895 1598 1952 ibidem
1621 1894 1683 1952 fieri
1698 1895 1775 1970 [non]
1787 1898 1833 1953 de-

186 1982 336 2040 Salvtttoris
351 1981 434 2038 nostri
448 1982 513 2037 Jesu
528 1979 626 2037 Christi
640 1987 668 2035 et
690 1979 862 2036 veneratione
886 1977 986 2034 beatis·
1035 1998 1179 2059 negamus,
1196 1999 1290 2039 vemrn
1307 1983 1389 2039 etiam
1404 1982 1550 2039 suademus
1566 1999 1572 2040 :
1590 1983 1642 2040 sed
1656 1991 1684 2040 et
1704 1984 1833 2041 modusin

187 2072 263 2128 simae
278 2086 388 2142 semper
401 2068 515 2142 virginis
529 2068 620 2125 Mariae
635 2066 774 2140 genitricis
788 2066 911 2136 ejusdem
927 2067 985 2122 Do·
1036 2086 1152 2130 numere
1175 2071 1396 2145 congregationis
1417 2072 1486 2128 adeo
1505 2080 1708 2142 conservetur,
1739 2080 1768 2129 ut
1788 2089 1834 2129 nec

184 2159 252 2217 mini
266 2158 352 2216 nostri
366 2158 431 2215 Jesu
447 2155 546 2212 Christi
559 2163 764 2223 constructum
780 2154 807 2210 in
829 2170 916 2226 regno
931 2153 986 2210 sci-
1036 2159 1180 2232 pluralitas
1194 2159 1345 2234 penariam,
1362 2175 1413 2217 nec
1427 2160 1548 2232 paucitas
1561 2159 1774 2219 inhabitantium
1789 2161 1833 2219 de·

186 2249 251 2307 licet
265 2246 440 2320 Burgundio,
457 2245 484 2299 in
499 2261 572 2318 page
586 2244 714 2300 avalensi
725 2243 854 2316 quodque
866 2242 986 2314 epraefa·
1037 2249 1204 2305 stitutionem
1219 2248 1273 2307 loci
1296 2249 1425 2305 inducere
1447 2248 1546 2306 valeat.
1570 2248 1752 2324 Privileqium
1775 2265 1835 2323 quo·

186 2336 220 2392 tis
245 2334 433 2392 fundatoribus
453 2333 533 2390 beate
558 2335 638 2389 Petro
661 2331 846 2404 apostolerum
870 2330 987 2403 principi
1038 2354 1092 2410 que
1106 2356 1120 2392 a
1135 2337 1340 2410 praedeeassore
1354 2344 1449 2402 nostro
1462 2336 1515 2409 piae
1536 2337 1681 2396 memoriae
1702 2354 1772 2412 papa
1792 2338 1834 2395 ne

186 2424 231 2497 pie
245 2423 389 2480 devotione
404 2430 431 2479 et
445 2421 598 2478 testamenti
613 2420 713 2495 pagine
728 2420 856 2477 collatum
872 2427 922 2485 est,
943 2418 987 2474 fe·
1038 2425 1116 2483 culeo
1130 2425 1220 2482 eidem
1234 2425 1402 2484 monasterio
1416 2424 1546 2482 collatum
1568 2427 1834 2485 nostraauctoritate

187 2528 250 2570 cere
272 2511 434 2569 deberemus
458 2529 464 2565 :
489 2508 608 2566 inclinati
629 2508 756 2581 precibus
780 2509 846 2576 tuis,
873 2507 989 2563 libenter
1038 2513 1239 2585 confirmamus,
1255 2520 1368 2584 excepto
1382 2513 1512 2571 duntaxat
1538 2514 1614 2587 quod
1637 2513 1702 2587 ipse
1723 2515 1774 2572 sub
1793 2530 1835 2572 no

187 2601 247 2659 fieri
262 2601 441 2668 decrevimus,
458 2615 509 2672 per
524 2598 597 2671 qued
612 2597 740 2653 nimirum
763 2596 920 2669 apostolice
941 2612 988 2651 ae·
1038 2602 1112 2658 mine
1126 2601 1285 2657 ancillarum
1300 2601 1350 2657 ltei
1366 2617 1427 2674 quae
1451 2600 1551 2659 ibidem
1574 2617 1627 2674 pro
1648 2602 1758 2660 crebris
1775 2601 1834 2661 infe

187 2689 230 2746 dis
254 2688 426 2763 privilegium
450 2685 655 2754 confirmamus,
681 2695 763 2758 atque
787 2685 937 2753 statuimus,
961 2693 990 2739 ut
1040 2690 1201 2746 stationibus
1229 2689 1322 2746 saeeuli
1349 2705 1421 2746 nune
1445 2688 1632 2748 ordinabiliter
1655 2706 1771 2751 manere
1791 2707 1834 2748 ne·

188 2777 256 2834 nulli
271 2793 379 2850 regum,
396 2776 463 2832 nulli
483 2776 642 2842 antistitum,
668 2774 735 2831 nulli
760 2774 898 2843 comitum,
923 2771 990 2828 nulli
1039 2786 1150 2853 queunt,
1167 2777 1233 2833 illud
1249 2778 1386 2850 delegavit
1402 2795 1408 2832 :
1425 2794 1476 2834 nos
1490 2793 1558 2834 vero
1581 2777 1707 2853 aptioris.
1723 2778 1834 2837 utilitatis

189 2867 316 2938 cuiquam
332 2865 378 2920 alii
392 2865 472 2920 liceat
485 2864 575 2935 ipsum
598 2863 795 2921 monasterium
817 2862 988 2934 perturbare,
1040 2867 1137 2942 gratia,
1159 2866 1210 2921 sub
1231 2866 1325 2921 habitu
1348 2866 1545 2924 monachorum
1571 2881 1636 2925 esse
1658 2875 1834 2943 coagmentet

189 2954 233 3010 vel
255 2969 289 3008 ea
312 2969 371 3026 quae
391 2952 429 3008 ibi
452 2952 541 3022 ajam
564 2951 644 3008 dictis
667 2950 863 3017 fundatoribus,
888 2949 932 3006 vel
954 2949 989 3004 ab
1004 2955 1223 3066 C‹fircernimus
1241 2954 1269 3010 Si
1283 2953 1344 3027 quis
1358 2969 1425 3010 vero
1439 2969 1546 3027 regum,
1568 2954 1777 3028 episcoporum,
1795 2971 1833 3011 aa·

188 3041 250 3097 aliis
262 3039 389 3097 fidelihus
401 3039 491 3096 oblata
506 3048 578 3107 sunt,
594 3040 638 3097 vel
652 3040 680 3095 in
695 3038 814 3095 futurum
827 3036 989 3095 offerricon·
1042 3039 1192 3103 cardetum,
1206 3037 1344 3104 abbatum,
1358 3037 1481 3108 judicum
1500 3036 1640 3109 comitum,
1667 3046 1715 3096 aut
1735 3039 1835 3099 coenh-

190 3129 289 3202 tigerit,
315 3128 366 3185 sub
389 3127 533 3197 cuiuslibet
556 3143 656 3193 cause,
680 3127 866 3184 occasionisve
889 3125 990 3198 specie,
1042 3127 1113 3183 rium
1126 3141 1315 3199 personarum,
1341 3133 1435 3182 eontra
1458 3127 1528 3182 hanc
1548 3134 1652 3182 nostre
1671 3124 1836 3185 institution‘o

188 3218 324 3288 minuere,
341 3216 384 3274 vel
398 3216 515 3284 auferre,
532 3216 590 3272 sire
605 3215 663 3272 suis
676 3216 770 3272 usibus
786 3214 933 3287 applicare,
944 3213 992 3270 sed
1042 3215 1171 3290 paginam
1199 3215 1293 3271 venire
1322 3213 1482 3282 tentaeerit,
1516 3229 1669 3286 percussus
1697 3212 1837 3289 apostolico

189 3307 248 3363 sine
263 3305 453 3379 inquietudine
475 3305 504 3361 in
527 3304 726 3361 sustentatione
750 3304 872 3374 ejusdem
895 3317 993 3359 mona·
1043 3305 1225 3369 anathemate,
1244 3302 1387 3374 potestatis
1408 3302 1554 3359 honorisve
1577 3301 1620 3359 sni
1643 3301 1780 3378 dignitate
1798 3317 1837 3361 ca·

190 3394 276 3460 sterii,
293 3402 320 3451 et
335 3393 431 3450 usibus
448 3392 578 3449 abbatum
601 3400 628 3450 et
651 3393 847 3449 monachorum
872 3391 922 3447 sub
945 3405 993 3448 re·
1044 3401 1113 3458 reat,
1130 3405 1263 3464 reumque
1283 3407 1314 3447 se
1337 3405 1432 3447 coram
1452 3389 1544 3446 divino
1567 3390 1674 3460 iudicio
1687 3398 1836 3467 coqnosoet

191 3483 257 3557 qula
271 3483 356 3538 sancti
371 3482 458 3537 Patris
473 3480 612 3537 Benedicti
624 3480 663 3536 ibi
677 3483 736 3537 Deo
754 3480 927 3536 militantium
942 3492 994 3534 vo-
1044 3489 1070 3537 et
1085 3480 1137 3536 niai
1151 3494 1185 3535 ea
1199 3494 1289 3551 quea
1305 3485 1335 3535 s'e
1351 3477 1423 3535 mele
1438 3485 1498 3535 ecta
1513 3485 1576 3534 sunt
1591 3477 1748 3549 defleverit,
1772 3494 1789 3535 a
1801 3495 1838 3535 se

190 3572 279 3627 fumus
294 3585 327 3626 ea
341 3577 368 3626 et
380 3570 557 3642 precipimus
572 3569 710 3640 possideri
725 3586 732 3624 :
749 3584 781 3624 ea
794 3568 921 3625 videlicet
934 3581 996 3624 eon·
1044 3568 1198 3627 cratissima
1212 3583 1327 3640 corpere
1342 3567 1451 3623 Domini
1465 3566 1553 3624 nostri
1575 3567 1641 3624 Jcsu
1667 3567 1771 3625 Christi
1789 3567 1840 3624 alie

188 3660 303 3725 ditione,
321 3667 350 3714 ut
372 3659 465 3714 nullus
489 3671 683 3715 suceessorum
707 3664 862 3714 nostrerum
884 3654 995 3728 pontifl-
1045 3673 1097 3713 nus
1111 3655 1167 3721 fiat,
1185 3663 1267 3728 etque
1280 3662 1381 3712 aeterno
1397 3653 1513 3711 examini
1523 3653 1656 3712 districtae
1666 3653 1840 3713 ultioniasnle

191 3763 254 3805 curn
267 3748 295 3802 in
309 3748 362 3804 hae
374 3755 470 3804 sancta
485 3747 561 3813 sede,
579 3747 622 3802 cni
637 3754 748 3802 auctore
763 3747 831 3811 Deo,
849 3745 992 3810 servimus,
1042 3747 1141 3817 jaceat.
1158 3744 1270 3801 Cunctis
1283 3750 1376 3799 autem
1392 3743 1481 3800 eidem
1498 3742 1559 3799 loco
1578 3743 1655 3814 justa
1680 3743 1839 3802 servantibus

192 3853 311 3908 unquam
326 3836 369 3893 vel
384 3850 501 3906 usquam
516 3833 647 3907 quiddam
659 3850 693 3890 cx
708 3833 813 3891 eisdem
828 3834 911 3890 rebus
933 3832 994 3889 cui·
1039 3821 1080 3890 'sit
1093 3849 1145 3905 pax
1160 3831 1269 3888 Domini
1283 3831 1369 3887 nostri
1389 3832 1455 3887 Jesu
1478 3829 1589 3896 Christi,
1615 3837 1755 3904 quatenus
1768 3839 1794 3889 ct
1806 3830 1840 3887 h'e

194 3940 275 3996 quem
290 3921 462 3989 beneficiare,
477 3930 656 3989 commutare,
672 3929 718 3978 aut
732 3921 783 3976 snb
799 3937 882 3978 sensu
905 3920 994 3994 quoli-
1047 3921 1163 3978 fructum
1176 3921 1256 3977 bonae
1271 3918 1386 3976 actionis
1400 3919 1544 3991 recipiant,
1560 3925 1588 3975 et
1602 3919 1678 3992 apud
1699 3919 1839 3978 districtum

193 4012 239 4066 bet
252 4010 405 4067 concedere
419 4024 471 4080 per
485 4009 573 4066 futura
589 4018 712 4081 tempora
726 4009 854 4081 patiatur,
871 4009 919 4066 sed
931 4023 993 4066 cen·
1044 4009 1166 4080 iudicem
1180 4008 1292 4082 premia
1306 4014 1413 4064 aetemae
1428 4007 1503 4079 pacis
1517 4006 1667 4063 inveniant.

195 4115 259 4156 sum
274 4097 460 4153 tantummodo
474 4096 503 4151 in
517 4104 679 4153 testamento
698 4097 852 4154 traditionis
867 4114 882 4153 a
897 4097 998 4154 funda-
1082 4100 1181 4154 Datum
1198 4113 1249 4168 per
1270 4112 1379 4152 manum
1402 4094 1538 4166 Walperti
1561 4093 1709 4152 humillimi
1732 4094 1840 4169 episcopi

194 4186 301 4243 toribus
329 4185 376 4258 qui
405 4201 439 4241 cx
466 4186 564 4242 eedem
591 4185 757 4242 monasterie
783 4187 853 4243 hane
879 4194 998 4243 sanctam
1048 4193 1150 4242 sancte
1172 4184 1331 4241 Portuensis
1354 4183 1487 4241 Ecclesiae
1509 4197 1541 4239 ιιι
1562 4181 1682 4240 Kalend.
1711 4181 1839 4246 Octobris,

197 4275 336 4333 haeredem
351 4274 501 4332 ftomanem
516 4273 640 4331 fecerunt
654 4273 808 4347 Ecqlesiam
822 4275 904 4330 etiam
918 4274 997 4330 dele·
1048 4288 1120 4330 anne
1134 4289 1163 4329 vr
1179 4272 1299 4343 ejusdem
1312 4270 1421 4328 Domini
1434 4271 1547 4328 Ioannis
1562 4285 1642 4344 papas
1658 4270 1733 4340 vm,
1757 4270 1839 4328 indict.

194 4371 299 4439 patum,
314 4379 396 4419 unam
410 4362 537 4420 videlicet
552 4362 650 4418 libram
665 4362 769 4435 argenti
783 4362 862 4418 annis
882 4356 1099 4434 singulistu.
1115 4361 1251 4433 Scriptum
1265 4376 1332 4418 vero
1344 4376 1396 4432 per
1408 4375 1520 4417 manum
1542 4358 1659 4434 Georgii
1682 4358 1784 4417 ιιοιιιὶἰ
1803 4372 1840 4415 rc·

194 4467 370 4510 mcccsaores
383 4451 469 4508 nostri
476 4451 650 4523 accipientes,
663 4467 714 4523 per
722 4451 892 4523 paternitatis
903 4449 1000 4506 suffra·
1049 4450 1167 4525 panarii
1182 4457 1209 4506 et
1221 4448 1358 4506 scriniarii
1370 4455 1474 4504 sanctae
1488 4448 1618 4504 Romane
1632 4446 1777 4506 Ecclesia.

194 4543 269 4616 gium
284 4541 373 4598 eidem
397 4539 565 4597 monasterio
590 4539 771 4596 sollicitudine
785 4539 913 4611 pastorali
927 4539 1000 4613 vigi-
1397 4544 1505 4602 eLxll,

195 4631 283 4687 tenter
297 4637 394 4687 centra
409 4643 505 4684 omnes
520 4627 681 4684 infestantes
695 4628 856 4699 impendere
864 4628 999 4684 studeant.
1250 4649 1286 4689 ru
1311 4648 1465 4690 wrrrorm
1483 4647 1649 4690 armorui«,

198 4720 267 4775 item
280 4717 482 4783 constituimus,
498 4723 527 4771 ut
541 4716 659 4772 obeunte
674 4715 772 4772 abbate
793 4715 915 4788 predicti
938 4729 1000 4772 me-

198 4806 322 4871 nesterii,
339 4820 395 4862 nen
412 4805 482 4861 alius
501 4804 539 4860 ibi
550 4818 713 4876 quacunque
734 4803 901 4877 obreptionis
924 4810 1001 4859 estu-

198 4895 235 4950 tie
249 4893 396 4961 ordinetur,
413 4892 467 4948 nisi
482 4908 564 4966 quem
578 4907 730 4949 consensus
744 4893 941 4949 monachornm
955 4905 1002 4947 se·

197 4982 318 5040 cundum
333 4981 459 5038 timorem
473 4981 534 5048 Dei,
551 4987 578 5036 et
590 4980 785 5037 institutionem
810 4979 913 5053 regule
937 4995 1001 5034 san-

196 5072 233 5129 cti
248 5070 387 5127 hemdicti
401 5068 525 5143 elegerit,
542 5076 570 5125 et
584 5069 664 5139 huius
679 5068 836 5140 apostolicae
850 5067 924 5125 sedis
938 5083 1002 5139 pnn-

197 5160 263 5216 tifex
278 5157 437 5231 praeviderit
450 5157 640 5224 ordinandum,
657 5164 703 5213 eut
717 5158 893 5231 suggestione
907 5171 1003 5213 mona·

200 5251 313 5305 chorum
327 5247 499 5304 consenserit
512 5246 682 5302 ordinatum.

236 5337 294 5392 tloc
307 5352 416 5409 quoque
429 5334 549 5407 capitulo
562 5334 691 5406 presenti
706 5334 905 5408 subjungimus,
922 5340 949 5389 ut
964 5333 1004 5389 le·

201 5438 264 5477 cum
278 5424 398 5481 avmitie
414 5423 595 5490 secludamus,
611 5422 713 5478 nnllnm
735 5423 769 5478 de
791 5422 913 5496 regibus,
940 5420 1003 5476 nul-

1361 4721 1453 4794 (dnne
1468 4722 1543 4792 ete.)

1054 4821 1236 4879 Commendat
1248 4820 1329 4877 itttus
1338 4820 1434 4892 fidem,
1445 4821 1579 4878 hortetur
1592 4822 1626 4876 ut
1643 4819 1771 4893 &potum
1785 4816 1838 4874 md*

1088 4895 1296 4964 tntcnthocm
1314 4907 1380 4947 cem
1404 4891 1608 4950 Gcrotcmonno
1629 4889 1663 4945 in
1682 4889 1839 4964 cottoqeion

1087 4962 1193 5031 nanim,
1210 4963 1258 5017 cui
1271 4976 1336 5017 cum
1350 4977 1455 5034 quoquc
1469 4962 1610 5018 intereras
1619 4959 1715 5031 jubet.

1087 5063 1325 5120 Reverendissime
1340 5071 1366 5120 et
1381 5061 1554 5120 sanctissime
1575 5060 1721 5119 Wreaono
1742 5073 1840 5119 venen·

1053 5152 1101 5210 bili
1115 5151 1254 5224 episcopo.

1089 5241 1119 5295 ln
1146 5240 1262 5297 lectione
1290 5239 1440 5294 litterarum
1466 5245 1631 5305 vestram,
1665 5245 1693 5294 et
1719 5239 1749 5294 in
1774 5234 1842 5293 rabo

1054 5344 1148 5385 eurum
1163 5328 1251 5401 geruli
1266 5327 1384 5384 heminis
1400 5326 1492 5394 vestri,
1508 5333 1535 5381 et
1549 5326 1843 5389 vosdevotissimos,tt

1054 5424 1084 5471 ut
1099 5431 1217 5487 semper,
1234 5415 1298 5472 novi
1311 5413 1459 5472 fidissimos
1471 5432 1479 5483 3
1495 5428 1545 5485 pro
1559 5414 1663 5487 quibua
1673 5413 1753 5472 vobis
1763 5409 1847 5487 gneo
