3826 6098
146 267 218 323 ioca
536 260 708 320 amonius
735 259 867 318 uouic.
896 263 1074 324 siriciana.
1090 297 1124 309 -
1137 265 1281 325 iioririi
1293 230 1479 327 nisroaici
1718 274 1787 327 iiio

144 385 201 444 leni
217 404 224 442 :
239 386 382 459 ipsumque
403 386 559 459 sepulcrum
579 393 674 459 postea
696 401 778 457 super
794 389 981 456 exstructor&
995 390 1138 447 multitudo
1162 391 1252 463 plebis
1280 392 1409 446 annulum
1438 393 1496 462 ejus
1525 392 1654 465 quaesisse
1682 401 1791 451 ostensa

145 471 216 526 etin
231 472 361 528 honorem
376 472 462 528 sancti
484 470 623 543 Michaelis
645 478 855 542 sanctorumque
870 487 946 527 mar·
995 487 1036 533 est
1054 497 1060 534 :
1076 496 1126 550 per
1140 480 1213 551 quod
1227 478 1408 552 significatum
1423 487 1472 546 est,
1489 489 1611 552 tempore
1623 481 1717 536 mortis
1731 482 1789 551 ejus

145 564 237 631 tyrum
260 558 389 630 Stephani
411 566 493 631 atque
514 558 567 615 viii
587 558 710 614 dedicato
724 557 878 625 oratoriolo,
895 558 945 614 ad·
995 578 1042 618 eos
1066 565 1112 635 qui
1135 563 1174 618 illi
1198 563 1274 620 fuere
1295 563 1442 630 commissi,
1469 564 1547 620 anile
1570 565 1738 631 desiderare,
1762 572 1791 620 ut

146 648 254 703 ornarit
275 647 318 703 vir
338 646 512 719 edelgarIus,
529 646 563 702 de
578 662 632 718 quo
654 661 737 716 supra
756 644 883 714 diximus,
900 646 947 718 qui
995 650 1084 706 adhuc
1099 650 1230 721 exemplis
1241 651 1268 705 in
1278 651 1323 706 illo
1334 652 1486 722 perspectis
1495 651 1597 722 pertrui
1607 659 1789 708 mererentur.

147 742 176 790 et
196 743 291 791 sancto
318 735 379 791 viro
408 735 539 792 successit
563 735 590 788 iii
619 732 815 805 pontificatum.
846 734 945 807 SIcque
996 737 1049 793 Sed
1073 738 1125 794 hoc
1142 739 1198 807 jam
1222 737 1282 794 lieri
1302 754 1357 794 non
1370 755 1451 810 posse
1465 747 1572 811 tempus
1586 741 1728 812 expetebat
1743 756 1791 796 re-

147 823 284 895 completa
297 833 339 879 est
353 823 423 879 visio
437 839 520 894 supra
533 831 690 889 memorata,
702 821 797 877 desua
811 830 837 877 et
852 823 946 878 domni
996 824 1068 895 quiei
1083 826 1149 894 ejus,
1165 842 1245 898 quam
1258 826 1403 896 episcopus
1414 827 1565 898 hosgarius
1575 828 1683 898 plebem
1694 843 1790 900 aquae·

146 912 277 985 nnsgarii
291 911 318 967 iii
332 926 387 966 uua
400 910 517 967 ecclesia
532 909 698 977 detentione,
714 910 763 966 sed
777 910 848 965 muri
863 911 946 965 medii
994 912 1080 968 rendo
1095 913 1195 969 annulo
1210 929 1387 986 compescens
1403 914 1574 989 significavit,
1590 917 1655 971 dum
1669 931 1732 972 eum
1746 915 1789 970 di-

145 999 350 1071 Interpositione
374 999 441 1071 ipsis
464 999 499 1055 ad
522 999 640 1056 invicem
654 998 792 1068 sejunctis.
810 1000 858 1053 Est
872 999 962 1054 enim
994 1008 1071 1057 ceret
1086 1017 1178 1058 secum
1193 1017 1255 1058 esse
1269 1003 1435 1060 habendum.

145 1087 287 1160 praeiatum
311 1087 487 1144 oratoriolum
502 1087 660 1160 contiguum
678 1087 795 1159 antiquae
811 1087 943 1155 ecclesiae,
1184 1078 1186 1082 ’

145 1192 226 1231 muro
248 1183 353 1231 tantuin
376 1177 435 1245 ejus
450 1175 576 1231 orientali
591 1191 624 1230 ei
639 1190 693 1230 uno
706 1174 735 1229 iii
748 1174 821 1229 aliud
843 1175 946 1230 aditum
1280 1196 1392 1252 CApUT
1417 1197 1505 1252 xxv·

144 1262 361 1331 intercludente,
377 1271 403 1319 et
421 1264 449 1318 in
464 1264 534 1334 ipso,
549 1271 578 1318 ut
602 1263 728 1328 diximus,
756 1279 828 1318 novo
853 1271 944 1318 orato-

144 1352 216 1409 riolo
238 1354 354 1408 domnus
378 1352 540 1408 liembertus
564 1351 685 1422 sepultus
706 1358 746 1406 est
764 1369 770 1404 :
785 1350 814 1404 ia
836 1350 945 1422 antiqua
1031 1347 1170 1416 Suspenso
1189 1353 1230 1401 est
1255 1346 1336 1402 etiam
1351 1362 1433 1416 super
1445 1346 1600 1417 sepulcrum
1615 1346 1672 1415 ejus
1687 1345 1791 1418 lampas

144 1455 212 1496 vero
235 1441 353 1497 ecclesia
376 1440 494 1495 domnus
509 1439 658 1511 hosgarius
673 1438 828 1510 requIescit.
844 1439 879 1492 Et
893 1439 945 1494 hoc
994 1435 1094 1507 lignea,
1112 1434 1246 1489 etlumen
1261 1434 1417 1491 continuum
1428 1434 1455 1488 iii
1466 1450 1496 1489 ea
1511 1434 1611 1489 ibidem
1627 1435 1789 1492 haberetur:

144 1537 188 1585 est
203 1529 275 1600 quod
290 1529 350 1600 ipse
365 1528 392 1583 in
408 1528 513 1585 visione
529 1526 945 1599 ipsadiiiissevidebatur,quod
994 1526 1089 1577 subtus
1111 1523 1196 1593 ipsam
1220 1538 1287 1578 uero
1310 1523 1337 1577 in
1361 1520 1504 1594 superficie
1528 1522 1643 1593 sepulcri
1667 1522 1789 1578 velamen

142 1617 276 1673 annulum
284 1617 378 1673 domni
391 1616 530 1672 ltemberti
541 1631 634 1672 secum
642 1614 782 1669 habiturus
790 1623 872 1680 esset,
885 1615 944 1686 ipso
991 1612 1099 1681 jacebat
1118 1627 1276 1681 expansum,
1299 1611 1327 1664 in
1343 1626 1397 1681 quo
1421 1610 1506 1666 lertur
1526 1610 1689 1682 praeclamm
1703 1611 1792 1666 conti-

141 1706 270 1762 ridelicet
285 1706 386 1761 domno
397 1706 544 1762 llemberto
554 1720 605 1776 per
619 1702 702 1759 sidem
717 1711 743 1758 ct
758 1703 945 1768 operationem
958 1699 1068 1800 Bgisae
1092 1698 1271 1766 miraculiim3
1297 1699 1368 1770 quod
1391 1699 1419 1752 in
1447 1706 1577 1771 quantum
1602 1715 1635 1754 ex
1664 1698 1793 1755 relatione

141 1794 244 1849 bonam
257 1793 391 1865 perlecto,
408 1809 462 1849 non
485 1793 568 1865 longe
584 1800 719 1862 postcom
740 1790 799 1862 ipso
814 1791 943 1863 conjungi
993 1787 1169 1854 narrantium,
1193 1786 1237 1841 rel
1258 1786 1389 1841 memoria
1412 1785 1454 1843 vel
1470 1785 1608 1842 intellectu
1631 1786 1789 1856 retinemus,

141 1882 271 1947 debente,
288 1890 344 1936 tarn
358 1882 386 1936 iii
401 1881 539 1938 vicinitate
553 1879 681 1951 sepulcri,
699 1880 882 1951 quambeatae
897 1896 942 1934 re·
993 1875 1031 1930 ita
1052 1883 1160 1946 gestum
1182 1890 1243 1930 esse
1277 1881 1391 1930 constat.
1420 1874 1540 1947 Contigit
1568 1875 1686 1946 quadam
1711 1882 1791 1932 nocte

141 1969 215 2042 quiei
229 1969 413 2041 perceptione,
431 1969 501 2025 sicut
515 1968 581 2024 olim
596 1968 655 2038 ipse
670 1967 762 2022 divIno
778 1966 883 2038 Spiritu
895 1984 942 2023 re·
993 1963 1178 2034 conflagrasse
1204 1963 1329 2018 eamdem
1349 1962 1513 2033 lampadem,
1529 1977 1562 2018 ac
1577 1962 1665 2033 primo
1679 1963 1792 2018 crebros

141 2057 251 2112 velante
275 2057 409 2128 praediiiit.
435 2057 486 2111 Per
509 2056 639 2111 annulum
655 2055 755 2126 qqupe
770 2053 838 2109 tides
854 2055 943 2126 signi·
993 2051 1125 2107 carbones
1140 2050 1276 2107 decidisse
1290 2067 1325 2108 cx
1338 2051 1384 2105 illa
1400 2067 1482 2121 super
1497 2049 1586 2106 velum
1597 2058 1789 2118 memoratum,

140 2143 249 2210 licetur,
266 2160 320 2217 qua
344 2144 423 2198 nobis
448 2143 538 2217 imago
560 2142 610 2198 Dei
631 2142 814 2213 exprimitur:
832 2150 857 2196 et
879 2142 943 2214 quia
993 2146 1074 2212 atque
1096 2139 1169 2195 illico
1190 2139 1321 2210 subsequi
1344 2139 1425 2194 etiam
1440 2155 1533 2194 casum
1549 2139 1629 2194 totius
1644 2138 1789 2210 lampadis,

140 2232 202 2305 ipso
211 2249 307 2288 manus
322 2232 413 2288 ornari
424 2232 520 2300 solent,
533 2230 631 2303 quibus
640 2230 760 2291 oneratIo
770 2229 945 2302 designatur,
997 2228 1138 2300 ipsamque
1154 2243 1237 2298 supra
1248 2228 1320 2282 idem
1334 2227 1424 2283 velum
1440 2235 1521 2282 totam
1535 2227 1668 2295 comburI,
1685 2227 1791 2298 absque

140 2329 216 2377 recte
243 2337 293 2392 per
331 2322 383 2376 hoc
421 2319 579 2384 ostenditur,
616 2327 776 2375 ornamento
804 2317 867 2373 lidei
896 2319 946 2373 bo·
996 2316 1050 2371 ulla
1065 2317 1176 2372 laesione
1190 2316 1276 2387 ipsius
1290 2316 1353 2372 veli.
1363 2316 1443 2384 Quod
1457 2315 1524 2371 nulli
1538 2315 1649 2370 dubium
1663 2331 1725 2370 esse
1740 2315 1791 2371 dc·

139 2426 207 2465 num
228 2425 296 2480 opus
320 2424 428 2481 semper
450 2409 541 2463 inesse
563 2408 677 2463 debere.
705 2406 784 2475 Quod
805 2406 868 2478 quia
891 2407 943 2462 do·
994 2405 1039 2459 bet
1054 2405 1087 2459 ad
1096 2405 1263 2460 declaranda
1276 2405 1373 2460 merita
1387 2405 1460 2459 servi
1475 2404 1515 2460 sui
1529 2403 1665 2459 Christum
1680 2403 1789 2476 fecisse,

138 2515 221 2554 mnus
244 2497 404 2553 llembertus
425 2497 452 2551 iii
477 2511 527 2551 sua
550 2494 760 2553 conversatione
792 2494 942 2549 commistis
993 2493 1039 2565 qui
1053 2509 1114 2549 cum
1129 2494 1208 2549 Patre
1230 2501 1256 2549 et
1280 2492 1378 2565 Spiritu
1400 2501 1495 2550 sancto
1516 2493 1583 2550 vivit
1605 2501 1631 2549 et
1651 2498 1746 2565 regnat
1761 2491 1790 2548 in

138 2586 193 2642 sibi
208 2602 316 2658 semper
330 2585 462 2653 eiiiiuii,
487 2591 560 2640 reete
575 2583 604 2638 in
618 2583 755 2655 presagio
770 2582 866 2637 moitis
882 2583 940 2651 ejis
991 2588 1132 2637 aeiernum.

566 2857 569 2864 ¹
624 2870 740 2956 titi
784 2868 965 2953 sirtori
1000 2867 1262 2953 insensati

757 3047 966 3088 incniiiriscori
993 3046 1206 3087 nununoniisis

700 3154 864 3214 AUCTORE
894 3155 1031 3212 SANCTO
1059 3155 1248 3210 REIIBERTO

577 3283 666 3365 (Vide
681 3284 900 3359 Potrolopi'oe,
914 3285 987 3343 tom.
1005 3281 1147 3356 CXVIII,
1163 3282 1219 3342 ool.
1237 3279 1329 3361 959.)

734 3621 818 3664 Anno
848 3618 960 3663 nomm
986 3619 1212 3665 mdccxxxviii.

469 3924 472 3929 ,
568 3753 1308 3971 AIMOINUS

679 4049 871 4106 MONACHUS
894 4047 1226 4110 shNGnthNnNSIS.

527 4286 734 4380 NOTITIA
761 4281 1022 4376 distollit
1050 4291 1102 4378 IN
1128 4291 1380 4383 AIMOINUM

724 4431 854 4504 (Fabiis,
870 4431 995 4492 Biblioth.
1012 4440 1084 4495 med.
1102 4442 1185 4497 etinl.
1203 4443 1275 4516 Lat.)

832 4558 977 4579 Q

161 4650 312 4711 diuorum.
330 4646 387 4704 sive
411 4651 566 4714 binemus,
584 4653 705 4709 notarius
728 4664 754 4710 et
775 4661 925 4717 monachus
941 4657 1039 4722 Ctom.
1057 4654 1124 4779 lig

1126 4667 1143 4707 a
1166 4654 1259 4717 .406;
1276 4667 1382 4706 necnon
1405 4652 1433 4706 iii
1447 4651 1593 4708 Mabillonii
1612 4654 1687 4709 Actis
1702 4656 1772 4711 San-

128 4717 157 4773 S.
184 4718 314 4799 Germani
330 4719 370 4800 ¹de
395 4720 481 4800 Pictis
503 4719 532 4774 iii
551 4722 681 4780 suburbio
703 4726 855 4795 Parisiensi,
880 4730 926 4801 qui
976 4733 1082 4783 ctorum
1122 4669 1164 4777 ri.
1191 4723 1218 4777 S.
1244 4723 1392 4791 Benedicti,
1410 4739 1465 4778 sec.
1482 4738 1521 4788 iv,
1536 4733 1605 4795 part.
1623 4728 1647 4794 1,
1665 4743 1691 4795 p.
1710 4729 1771 4784 652.

128 4788 290 4869 subscripsit
310 4790 450 4870 diplomati
473 4791 535 4846 dato
550 4807 595 4847 aii.
612 4794 641 4848 C.
659 4798 721 4862 872,
743 4814 771 4853 re
793 4801 820 4854 ni
834 4801 926 4856 Caroli
976 4796 1097 4851 Liberde
1106 4797 1132 4852 S.
1146 4795 1288 4853 Germani.
1302 4795 1422 4866 episcopi
1432 4795 1614 4861 Porisiensis,
1627 4797 1770 4854 luricatis

127 4859 286 4941 (calvitii.
307 4861 373 4929 Eius
396 4860 457 4914 libri
472 4876 492 4915 ii
502 4862 542 4944 'ad
565 4863 715 4920 Bemonem
739 4816 874 4936 abietem,
892 4872 926 4927 de
975 4867 1008 4921 ab
1024 4882 1068 4921 aii.
1085 4868 1137 4921 846
1152 4865 1186 4919 ad
1201 4880 1245 4918 an.
1272 4866 1333 4928 874,
1351 4864 1466 4934 scriptiis
1481 4880 1524 4918 nn.
1550 4868 1622 4933 892,·
1637 4866 1664 4919 in
1677 4867 1772 4923 iacobi

126 4930 293 5009 Inventione
315 4934 344 4986 et
365 4933 629 5012 Turcnslctconecoi·
648 4937 705 4991 on'r
721 4939 751 4991 B.
772 4942 922 5006 Vincentia,
975 4936 1110 4992 ldosandri
1130 4935 1288 5007 Appendice
1309 4934 1342 4989 nd
1369 4934 1476 4989 Surium
1498 4937 1534 4991 25
1548 4935 1627 5001 Julii;
1650 4936 1678 4990 in
1696 4938 1772 4994 dctis

125 4999 226 5054 Leritae
237 5007 343 5080 etimart
364 5017 411 5066 ris,
428 5017 461 5055 eii
474 5002 595 5057 Valentia
639 5004 751 5075 ispaniae
767 5026 810 5065 an.
823 5014 875 5066 864
891 5013 925 5066 ad
975 5009 1167 5063 Sanctorumd
1183 5006 1255 5070 bIaII,
1281 5021 1345 5077 pag.
1372 5008 1433 5071 861,
1452 5005 1519 5059 etin
1535 5006 1681 5062 llabilloiiii
1697 5008 1772 5063 Actis

124 5076 323 5151 monasterium
337 5019 461 5152 gastrum
476 5072 603 5155 dioecesis
622 5076 797 5150 hibingensis
812 5081 839 5135 in
855 5081 924 5137 Gal·
975 5079 1135 5134 Sanctorum
1166 5076 1232 5132 Ord.
1250 5076 1398 5142 Benedicti,
1415 5091 1469 5130 sec.
1487 5091 1527 5143 iii,
1544 5084 1614 5146 part.
1627 5093 1656 5142 ii,
1669 5094 1695 5148 p.
1708 5080 1770 5134 104.

123 5138 169 5203 lia,
185 5141 311 5195 versibus
327 5150 419 5212 scnpti
434 5143 606 5213 hexametris,
633 5162 688 5202 una
711 5164 773 5203 cum
797 5152 924 5223 Epistola
973 5152 1012 5205 lic
1031 5149 1225 5204 Tronslotione
1239 5148 1266 5202 S.
1281 5147 1309 5201 S.
1323 5148 1476 5218 Martyrum
1496 5148 1613 5220 Georpii,
1631 5148 1768 5217 lionoclii',

125 5209 162 5264 cd
180 5210 361 5289 Ilicotperum
374 5213 545 5269 monachum
561 5220 589 5270 ct
603 5218 731 5297 carticino
755 5234 866 5276 versum
888 5226 922 5278 66
973 5219 1259 5283 taratarantium,
1273 5217 1352 5283 liber,
1366 5226 1392 5272 et
1406 5217 1494 5272 libriii
1505 5218 1641 5274 decoram
1654 5220 1771 5275 illicea-

126 5279 300 5363 heroicorum
327 5282 362 5364 de
392 5284 496 5365 eadem·
517 5286 694 5343 translatione
717 5297 833 5361 exstant,
862 5308 923 5347 cum
975 5291 1019 5356 lis,
1037 5289 1109 5359 apud
1137 5289 1263 5344 eumdem
1288 5288 1481 5351 llahillonIum,
1505 5303 1561 5344 sec.
1587 5305 1626 5355 iv,
1652 5297 1717 5344 tom.
1734 5291 1768 5357 ll,

126 5348 228 5430 brechi
251 5353 377 5434 Aimoino
397 5354 522 5411 Histortae
535 5356 674 5414 Francicae
688 5360 740 5414 scri
761 5367 827 5415 tore.
846 5361 922 5416 Pari-
1009 5377 1036 5431 g.
1053 5362 1096 5415 46.
1115 5360 1181 5413 Sunt
1195 5359 1277 5415 etiam
1289 5359 1334 5430 qui
1348 5359 1410 5414 liuic
1426 5358 1550 5413 AImoIno
1566 5359 1685 5414 tribuunt
1698 5359 1770 5416 libro

125 5423 269 5502 1661663,
295 5424 388 5505 in·lol.
404 5425 433 5479 in
446 5426 535 5506 Boscii
557 5427 722 5509 Bibliotheca
742 5376 921 5500 i’loriaceiist,
972 5377 1166 5485 ffnacdoium
1194 5431 1223 5484 Β.
1252 5430 1338 5484 Mauri
1366 5437 1393 5485 et
1425 5429 1570 5484 Historiam
1606 5431 1771 5489 inventionis

123 5490 337 5564 ingemisce,
353 5498 423 5555 ιιι-80
434 5514 441 5564 ;
453 5504 479 5552 et
490 5513 517 5554 in
526 5498 601 5555 dctis
617 5499 779 5558 Sanctorum
791 5502 921 5570 Ianuarii,
972 5515 1117 5572 corporum
1132 5500 1232 5557 Placidi
1247 5500 1354 5556 abbatis
1369 5508 1396 5557 et
1410 5498 1545 5556 sociorum
1561 5500 1630 5571 ejus.
