3794 6104
118 214 172 271 tta

563 210 737 271 matthat
749 210 952 270 sannausts
964 213 1232 275 Aacntartscort

1723 230 1774 286 i'lb

117 337 231 395 tentatio
246 344 288 394 est
303 354 311 394 ε
326 337 408 395 nimis
422 346 513 403 autem
526 337 644 394 amando
659 336 1062 412 sententiamsuam,Aligare
1083 341 1171 412 possit
1205 351 1252 398 aut
1274 343 1391 402 solvere.
1424 348 1479 404 Sed
1508 348 1623 405 solvitur
1637 349 1685 423 qui
1713 366 1774 408 oum

117 427 162 483 vel
175 426 322 483 invidendo
335 426 505 494 mulieribus,
517 441 605 498 usque
615 424 651 481 ad
659 425 842 496 praecidendae
848 441 923 482 com·

117 514 255 571 munionis
269 524 296 571 et
309 515 444 572 condendi
464 514 619 571 schismatis
638 514 683 569 vel
706 514 819 570 haeresis
834 515 923 571 sacri·-

118 602 220 677 legium
234 604 389 675 pervenire,
407 603 541 659 diabolica
556 601 732 674 presumptio
741 609 781 657 est
791 619 798 656 :
810 602 838 657 in
847 602 922 659 nullo

119 699 211 748 autem
224 691 303 748 aliter
316 707 412 764 sapere
426 707 508 764 qnam
517 706 546 746 se
557 705 603 745 res
612 690 705 754 habet,
717 689 844 762 angelica
859 707 923 762 per-

118 779 200 837 fectio
213 788 263 836 est.
282 779 349 849 Quia
364 780 454 851 itaque
470 779 595 835 homines
611 794 715 847 sumus,
732 778 781 833 sed
800 794 849 849 spe
874 795 921 833 an-

119 869 174 941 geli
188 884 290 936 sumus,
307 868 405 941 quibus
418 867 539 941 aquales
560 868 588 921 in
610 867 813 923 resurrectione
836 867 920 921 futuri

119 973 214 1013 sumus
227 957 337 1027 (hotta.
360 957 443 1028 xxti),
461 955 581 1028 quandiu
596 971 651 1010 non
682 954 815 1011 habemus
830 954 921 1026 perle-

119 1046 237 1104 ctionem
251 1045 352 1117 angeli,
368 1060 423 1100 non
437 1045 589 1100 habeamus
603 1043 849 1115 presumptionem
861 1043 920 1100 dia·

120 1134 186 1190 boli.
202 1135 267 1190 ldec
281 1133 348 1190 dicit
359 1133 523 1204 Apostolus:
544 1133 671 1188 Tentotio
685 1148 732 1188 vos
747 1147 805 1188 oon
819 1148 920 1205 oppre-

120 1224 234 1289 headot,
248 1223 307 1279 aiei
321 1223 449 1278 humano
462 1220 487 1290 (l
500 1221 560 1277 Cor.
577 1221 618 1290 x).
636 1220 789 1274 llumauum
798 1226 840 1275 εει
851 1235 919 1291 ergo

973 427 1100 484 columba
1122 429 1216 486 fecerit
1238 447 1346 504 pacem,
1372 443 1399 490 ει
1429 435 1531 508 ligatur
1551 438 1599 509 qui
1627 453 1691 494 curn
1724 455 1773 496 co·

973 516 1063 572 lumba
1079 533 1132 573 non
1148 520 1230 576 habet
1241 537 1346 592 pacem,
1364 523 1421 579 sive
1440 533 1533 597 aperte
1548 525 1617 582 loris
1644 527 1691 594 sit,
1718 528 1775 585 sive

972 604 1046 660 intus
1060 623 1122 662 esse
1135 608 1268 665 videatur.
1284 611 1391 667 bathan
1413 628 1479 669 vero
1502 622 1530 669 et
1548 614 1656 670 Abiron
1678 617 1772 686 (Nam.

972 695 1043 763 xvv),
1059 695 1105 766 qui
1131 696 1182 751 sibi
1211 697 1380 754 sacrificandi
1404 699 1543 757 licentiam
1565 719 1703 775 usurpare
1726 721 1776 762 oo·

973 783 1031 837 nati
1064 791 1126 838 sunt
1159 794 1253 841 contra
1286 773 1416 843 unitatem
1453 791 1545 861 populi
1578 792 1640 860 Dei,
1678 800 1706 847 et
1728 793 1775 849 lilii

971 873 1073 938 Aaron,
1092 872 1138 944 qui
1154 873 1272 929 alienum
1286 876 1379 948 ignom
1393 877 1682 951 altariimposuerunt,
1694 881 1772 937 novi·

970 975 1030 1014 mus
1045 962 1118 1031 qnod
1131 961 1242 1033 impune
1257 979 1312 1018 non
1325 964 1458 1021 iecerint:
1474 983 1526 1024 nec
1540 969 1659 1024 nosalia
1668 971 1773 1026 seelera

970 1043 1086 1099 dicimus
1100 1045 1232 1117 impunita
1246 1063 1399 1117 remanere,
1408 1050 1497 1107 nisise
1506 1053 1575 1108 tales
1585 1054 1764 1123 correxerint,

971 1131 994 1186 si
1008 1132 1137 1203 patientia
1152 1135 1202 1189 Dei
1226 1136 1262 1190 ad
1285 1137 1471 1207 paenitentiam
1497 1140 1641 1197 adducens
1663 1150 1770 1213 tempus

970 1221 1126 1293 corrigendi
1139 1223 1264 1296 largitur.
1281 1226 1377 1298 (Aug,
1392 1226 1440 1282 lib.
1457 1243 1487 1282 ιιι
1499 1229 1532 1284 de
1547 1231 1643 1303 Bapt„
1661 1246 1686 1286 c.
1713 1232 1769 1302 ld.)

120 1311 222 1384 aliquid
246 1311 325 1366 aliter
346 1323 453 1380 sapere.
479 1310 628 1380 Propterea
651 1308 717 1363 dicit
738 1307 793 1364 alio
823 1308 885 1365 loco
910 1327 917 1364 ε

122 1399 270 1471 Quodqood
283 1414 347 1470 erpo
359 1398 480 1470 perlecti
495 1398 545 1454 hoc
555 1397 709 1470 sapiamus.
719 1397 784 1452 Etsi
793 1398 859 1470 quid
868 1398 921 1454 ati·

972 1330 983 1359 ι
1002 1309 1118 1380 Spiritus
1131 1319 1220 1367 autem
1237 1321 1355 1381 sanetus,
1372 1315 1462 1388 quiin
1478 1316 1538 1372 sola
1562 1318 1701 1375 catholica
1723 1336 1772 1392 per

969 1413 1067 1453 manus
1081 1399 1283 1471 impositionem
1297 1402 1358 1458 dari
1376 1404 1485 1473 dicitur,
1511 1405 1645 1461 nimirum
1670 1408 1724 1465 hoc
1744 1409 1770 1464 in

121 1487 279 1559 teraopita's,
297 1487 347 1542 hoc
362 1501 467 1559 qaoque
481 1487 554 1542 uotis
569 1487 642 1542 Deos
656 1485 791 1542 revelabit
801 1486 916 1557 (Philia.
968 1487 1055 1560 telligi
1071 1489 1191 1557 maJores
1205 1491 1291 1546 nostri
1306 1491 1446 1549 voluerunt
1461 1494 1535 1566 quod
1550 1497 1702 1566 Apostolus
1715 1497 1768 1554 ait:

119 1573 917 1646 nr).Quibusautemrevelatcumvoluerit,siveinhaovita,
970 1574 1650 1652 Quooiomehoritoalteidiffuaoesttacordihua
1667 1588 1770 1642 nostris

73 1671 79 1679 ’
119 1664 177 1720 sive
192 1672 254 1735 post
268 1664 337 1719 hanc
351 1663 444 1731 vitam,
458 1662 511 1717 nisi
524 1662 724 1718 ambulantibus
738 1662 767 1719 in
781 1663 852 1719 viam
873 1678 919 1735 pa·
933 1666 1165 1754 BperSpiritum
1180 1672 1313 1724 sonetum
1323 1671 1371 1742 qai
1380 1670 1464 1726 datos
1478 1676 1523 1727 eat
1537 1673 1618 1729 nobis
1627 1673 1716 1743 (Rom.
1731 1674 1768 1747 v).

119 1754 169 1819 eis,
186 1751 264 1808 et'in
285 1752 386 1807 nullam
409 1751 599 1823 praecisionem
623 1751 823 1808 deviantibus?
856 1753 918 1808 Non
970 1753 1032 1823 lpse
1047 1761 1088 1809 εει
1103 1754 1175 1809 enim
1196 1756 1322 1827 charitas,
1348 1773 1430 1829 quam
1456 1776 1510 1815 non
1537 1760 1643 1816 habent
1664 1762 1712 1835 qui
1738 1761 1795 1821 ak

119 1841 214 1913 quales
228 1840 273 1896 isti
301 1848 372 1906 sunt,
399 1839 445 1912 qui
471 1840 544 1896 viam
564 1840 639 1912 pacis
657 1855 711 1896 non
736 1848 916 1914 agnoverunt,
967 1841 1099 1898 Ecclesia
1115 1844 1255 1900 catholicae
1270 1847 1460 1903 communione
1475 1848 1708 1919 praecisisunt,ac
1722 1867 1795 1922 pen-

119 1945 171 1987 nen
193 1937 306 2001 propter
329 1928 402 1983 aliud
426 1928 537 1984 unitatis
568 1929 707 1985 vinculum
744 1929 915 2001 diruperunt.
967 1929 1019 1986 hoc
1035 1931 1115 1986 etiam
1130 1932 1153 1986 si
1169 1932 1270 2004 linguis
1283 1934 1423 1990 hominum
1439 1944 1466 1991 ει
1479 1936 1644 2010 angelorum
1660 1937 1793 2011 loquens

118 2019 237 2091 ideoque
252 2017 399 2089 Apostolus
414 2032 475 2073 cnm
489 2017 607 2075 dixisset
620 2019 731 2092 (Ephes.
749 2019 799 2090 ιν).
828 2019 864 2073 Et
895 2019 918 2075 si
967 2019 1251 2086 tur,sisciantomnia
1264 2031 1444 2091 sacramenta,
1457 2032 1604 2081 etomnem
1620 2026 1775 2105 scientiam,

120 2107 184 2181 quid
198 2106 276 2163 aliter
287 2107 392 2178 sapitis,
408 2107 460 2162 hoc
475 2121 584 2179 quoque
598 2106 676 2163 vobis
692 2108 765 2163 Deus
775 2107 916 2175 revelavit,
968 2115 994 2163 ει
1004 2107 1027 2163 εἰ
1050 2108 1168 2164 habeant
1188 2126 1296 2167 omnem
1325 2113 1497 2183 prophetiam
1518 2122 1545 2170 et
1559 2130 1670 2171 omnem
1680 2115 1769 2193 iidem,

118 2212 154 2253 ne
167 2203 295 2267 putarent
311 2203 406 2266 praeter
420 2196 492 2251 viam
506 2196 582 2266 pacis
598 2197 670 2268 quod
685 2195 765 2251 aliter
775 2195 918 2267 sapiebant
967 2196 1003 2250 ita
1018 2204 1047 2251 ut
1061 2207 1168 2253 montes
1182 2199 1356 2270 transferant,
1373 2210 1399 2256 ει
1417 2200 1580 2257 distribuant
1604 2203 1696 2260 omnia
1721 2221 1763 2265 sna

119 2285 171 2342 sibi
185 2291 267 2356 posse
282 2283 410 2354 revelari,
426 2284 554 2340 continuo
568 2283 671 2340 addidit
696 2286 723 2356 (l
745 2286 805 2341 dor.
830 2285 915 2354 xiid:
967 2286 1142 2356 pauperibus,
1169 2294 1195 2342 ει
1223 2288 1327 2343 tradant
1352 2304 1452 2360 corpus
1482 2306 1563 2346 suum
1591 2299 1621 2346 ut
1657 2292 1755 2352 ardeant

119 2373 312 2429 Verumtamen
326 2372 355 2427 in
379 2374 453 2444 quod
474 2373 658 2443 pervenimus,
681 2373 708 2428 in
732 2388 765 2429 ec
792 2373 917 2429 ambule-
968 2374 1033 2428 nihil
1063 2374 1103 2429 eis
1128 2375 1250 2445 prodest.
1279 2377 1341 2431 Non
1354 2385 1443 2433 autem
1454 2379 1537 2434 habet
1548 2379 1599 2435 Dei
1611 2381 1751 2439 charitatem

119 2478 190 2517 mus.
207 2462 237 2516 ln
252 2476 305 2533 quo
319 2461 462 2516 ambulans
472 2461 623 2533 Cyprianus
647 2462 918 2532 perseverantissima
970 2462 1017 2534 qui
1030 2463 1162 2519 Ecclesiae
1179 2480 1233 2520 non
1249 2464 1336 2536 diligit
1351 2466 1502 2522 unitatem:
1521 2483 1555 2524 ac
1568 2484 1621 2540 per
1634 2471 1685 2526 huc
1694 2479 1749 2526 recte

119 2550 268 2619 tolerantia,
285 2566 319 2605 ne
335 2548 396 2606 fuso
411 2550 554 2622 sanguine,
567 2550 652 2606 sedin
663 2550 828 2607 unitatencn
846 2549 916 2617 luso,
968 2549 1130 2624 intelligitur
1144 2552 1208 2618 dici,
1224 2568 1277 2607 non
1293 2554 1380 2624 accipi
1392 2554 1445 2609 nisi
1459 2555 1488 2609 in
1502 2555 1638 2613 catholica
1654 2558 1748 2630 Spiritus

118 2646 462 2721 quiesiaraderetcorpus
477 2647 730 2718 supersuturam,
747 2656 774 2704 et
790 2664 845 2703 non
866 2648 918 2703 ha.
969 2648 1088 2695 sanctus.
1114 2641 1209 2713 Neque
1232 2641 1305 2696 enim
1324 2643 1519 2714 temporalibus
1543 2653 1570 2700 et
1594 2645 1746 2701 sensibilibus

118 2737 194 2793 beret
208 2736 378 2806 charitatem,
403 2735 470 2790 nihil
490 2736 515 2790 ei
538 2737 690 2807 prodesset,
716 2753 765 2807 per
788 2736 913 2808 martyrii
967 2728 1108 2783 miraculis
1137 2730 1331 2785 attestantibus
1362 2748 1411 2802 per
1438 2747 1537 2787 manus
1569 2733 1747 2804 impositionem

119 2823 318 2881 confessionem
333 2824 504 2894 pervenitad
524 2823 679 2896 angelicam
703 2825 816 2880 lucem:
844 2832 874 2879 ut
894 2824 917 2879 si
967 2816 1049 2871 modo
1063 2816 1140 2870 datur
1155 2816 1271 2887 Spiritus
1288 2826 1398 2875 sanctus
1414 2818 1489 2891 (Act.
1505 2821 1579 2892 vlit),
1597 2821 1665 2877 sicul
1685 2829 1745 2876 aulea

120 2928 176 2968 non
189 2920 280 2978 antea,
302 2911 340 2966 ibi
366 2920 440 2966 certe
468 2911 616 2968 revelatum
644 2920 814 2983 agnosceret,
845 2912 918 2985 quod
967 2904 1082 2960 debatur
1096 2904 1130 2959 ad
1146 2907 1414 2962 commendationem
1429 2908 1504 2962 rudis
1519 2907 1593 2975 fidei,
1602 2918 1628 2964 et
1636 2909 1744 2966 Ecclesia

120 3016 182 3057 eum
205 2999 284 3056 ahter
307 3007 426 3071 saperet,
451 3000 615 3056 senientiam
639 3000 754 3057 diversa
782 3001 917 3071 opinionis
969 2992 1117 3064 primordia
1137 2992 1279 3049 dilatanda.
1299 2993 1366 3064 Quis
1381 2995 1452 3051 euim
1468 2999 1602 3054 nuncuoa
1620 3004 1744 3070 exspectat,

120 3089 228 3146 vinculo
242 3103 297 3144 non
311 3088 452 3160 proposuit
466 3087 587 3143 unitatis.
606 3108 617 3138 ι
643 3087 723 3157 Quod
748 3097 840 3145 antem
867 3089 919 3145 ad·
933 3051 958 3115 G
971 3090 999 3135 ut
1009 3081 1037 3135 iu
1052 3081 1150 3153 quibus
1162 3097 1261 3136 munus
1276 3083 1310 3137 ud
1338 3083 1528 3154 accipiendum
1553 3086 1679 3172 Spiritum
1698 3100 1745 3140 sau·

117 3177 207 3250 jungit
215 3177 367 3248 Cyprianus
376 3185 402 3232 ει
412 3177 477 3233 dicit
490 3176 549 3250 (tte.
562 3177 619 3233 vde
629 3180 721 3250 Bapt,
730 3192 755 3233 c.
769 3177 795 3247 3)
808 3195 815 3231 :
830 3199 840 3228 ι
854 3178 917 3232 Non
970 3177 1044 3225 ctum
1058 3170 1216 3240 imponitur,
1233 3179 1346 3242 repente
1355 3172 1483 3243 incipiant
1493 3173 1596 3246 linguis
1606 3174 1696 3246 loqui?
1705 3173 1744 3229 Sed

119 3274 211 3324 tamen
225 3267 288 3340 quja
302 3266 449 3338 aliquando
464 3273 585 3322 erratum
600 3273 650 3332 est,
666 3266 729 3322 ideo
743 3282 853 3338 semper
875 3282 920 3322 er.
967 3257 1141 3313 invisibiliter
1156 3266 1182 3313 et
1197 3259 1310 3314 latenter
1323 3260 1484 3333 intelligitur
1497 3277 1547 3333 pro
1563 3263 1668 3318 vinculo
1683 3259 1741 3334 pacis

119 3355 236 3412 randum
250 3362 301 3421 est,
317 3371 378 3411 cum
392 3355 481 3429 magis
495 3355 664 3426 sapientibus
685 3363 712 3410 et
728 3357 815 3410 Deum
826 3355 920 3411 timen-
970 3362 1066 3402 eorum
1080 3347 1211 3404 cordibus
1226 3347 1315 3403 diviua
1330 3349 1447 3404 charitas
1462 3349 1598 3421 inspirari,
1614 3358 1642 3406 ut
1661 3348 1744 3422 possht

119 3445 193 3501 tibus
215 3451 360 3518 congruat,
390 3443 536 3515 patefactae
554 3452 581 3499 et
603 3451 754 3515 perspectae
768 3443 918 3500 veritatili-
969 3434 1230 3504 diceretQuoniam
1243 3437 1627 3509 citaritasDeidtffttsaettt'tt
1641 3438 1743 3496 cordibus

120 3533 218 3590 benten
231 3541 313 3606 atque
326 3532 517 3589 incunctanter
530 3533 656 3604 obsequi,
674 3549 755 3605 quam
770 3533 918 3605 pertinaci·
968 3525 1073 3580 uostris
1087 3541 1138 3597 per
1152 3526 1291 3597 Spiritum
1305 3530 1439 3582 sunctum
1452 3527 1500 3599 qui
1522 3527 1607 3583 datus
1635 3532 1675 3584 est
1686 3526 1744 3582 mas
1793 3558 1795 3563 ·

119 3629 162 3678 ter
176 3629 257 3694 atque
272 3621 407 3677 obstinate
422 3629 518 3678 contra
540 3620 640 3678 iratres
660 3628 687 3689 ει
708 3622 918 3677 consacerdotes
969 3613 1057 3684 (Eam.
1074 3612 1114 3684 v).
1140 3613 1230 3668 llultae
1254 3622 1345 3668 autem
1369 3622 1432 3669 sunt
1455 3615 1630 3686 operationes
1652 3613 1743 3687 Spiritus

119 3727 170 3783 pro
183 3710 317 3768 haereticis
340 3709 479 3776 reluctari,
503 3709 647 3765 verissime
669 3709 743 3775 dicit,
767 3726 818 3765 nec
839 3709 918 3766 alteri
969 3701 1066 3768 sancti,
1090 3715 1159 3772 quas
1186 3701 1258 3756 idem
1287 3702 1442 3773 Apostolus,
1472 3719 1533 3758 cum
1563 3704 1678 3777 quodam
1699 3702 1743 3800 lost

119 3799 208 3870 potius
223 3815 305 3873 ιριιιιρ
320 3798 371 3853 sibi
386 3798 601 3869 adversaturqni
616 3798 717 3855 resistit
740 3798 918 3869 apertissimae
969 3797 1098 3862 qnantum
1114 3788 1237 3845 sufficere
1252 3790 1399 3846 arbitratus
1414 3798 1455 3846 est
1470 3797 1741 3857 commendassetis

119 3887 237 3943 veritati.
253 3887 389 3942 Primatns
404 3893 560 3941 autemnon
575 3895 615 3942 est
629 3886 681 3940 nisi
696 3886 724 3940 in
739 3893 833 3942 sancta
856 3901 918 3943 con·
967 3877 1100 3934 conclusit
1115 3895 1122 3932 ἰ
1139 3879 1240 3935 Omnia
1254 3883 1350 3935 tutem
1365 3881 1425 3936 ΜΟ
1442 3884 1576 3953 operatur
1586 3884 1740 3953 “willa

120 3974 274 4030 versatione
295 3981 320 4030 ει
341 3974 397 4030 vita
417 3974 497 4041 bona,
521 3990 575 4046 quo
594 3973 731 4046 pertinent
752 3989 858 4044 ornnes,
884 3991 917 4030 ex
967 3966 1043 4022 idem
1058 3966 1181 4036 Spiritus
1195 3967 1683 4041 civitemunicaequeproatvatttt
1696 3967 1740 4023 dor.

123 4061 222 4133 quihus
241 4069 370 4134 mnqnam
392 4061 524 4117 membris
547 4069 653 4118 constat
675 4062 718 4117 illa
740 4077 840 4134 sponsa
863 4078 917 4120 non
969 4055 1029 4125 ιιιι).
1043 4055 1110 4110 Cum
1119 4070 1185 4128 ergo
1199 4055 1272 4110 aliud
1280 4056 1315 4110 sit
1332 4064 1545 4126 sacramentum,
1577 4058 1649 4130 qnod
1665 4055 1742 4151 habere

120 4150 225 4207 habens
238 4149 372 4208 maculam
385 4165 474 4222 neque
489 4165 594 4223 rugam,
611 4159 638 4206 et
659 4151 703 4207 illa
727 4151 852 4207 columba
875 4153 917 4208 in·
967 4143 1149 4199 etiamsinon
1168 4144 1264 4215 Magus
1277 4145 1364 4215 Ρθῑῦἱῑ
1395 4146 1459 4215 (Μ
1473 4145 1547 4217 V¹¹¹·)
1568 4146 1742 4217 aliudoperatt

119 4244 163 4296 ter
175 4238 319 4295 multorum
333 4253 478 4296 corvorum
492 4239 694 4311 improbitatem
709 4256 832 4312 gemens.
857 4238 917 4296 Nisi
967 4231 1093 4303 Spiritus,
1110 4248 1170 4303 quae
1184 4231 1212 4287 iu
1225 4231 1305 4288 malis
1318 4233 1399 4288 etiam
1420 4233 1576 4289 hominibus
1605 4233 1664 4290 fieri
1681 4231 1739 4296 solet

118 4327 186 4384 sorte
209 4343 271 4385 oum
293 4328 367 4384 Esau
388 4336 500 4399 propter
522 4328 656 4384 lenticulae
667 4329 915 4400 concupiscentiam
967 4319 1107 4375 SicutSttul
1117 4320 1211 4376 habuit
1220 4321 1390 4391 prophetiam
1401 4321 1426 4393 (l
1433 4321 1662 4395 Re9.xrt):alind
1670 4331 1742 4393 opert·

118 4417 265 4489 primatum
286 4416 445 4488 perdiderit,
465 4425 560 4474 tenere
583 4418 731 4489 primatum
763 4418 914 4475 arbitrandi
928 4405 1003 4465 Dtio
1017 4408 1140 4478 ejusdem
1156 4409 1282 4480 Spiritus,
1304 4426 1387 4482 quum
1413 4426 1469 4465 nou
1496 4410 1548 4466 uisi
1575 4411 1640 4467 honi
1668 4409 1742 4465 hubttt

118 4514 180 4562 sunt
209 4505 385 4575 fraudatores,
420 4513 556 4575 raptores,
597 4505 776 4574 feneratores,
819 4506 915 4578 invidi,
964 4496 1446 4569 1³⁰&thSituttstftuispraecepti
1470 4498 1589 4554 charitas
1613 4501 1647 4555 de
1682 4491 1742 4554 tuitt

119 4593 230 4662 ebriosi,
247 4601 275 4651 et
288 4593 381 4650 ceteri
399 4593 564 4664 hujusmodi,
581 4594 675 4665 quales
689 4595 717 4650 in
731 4595 856 4662 Ecclesia
874 4594 917 4650 sui
964 4601 1043 4657 puro,
1060 4593 1086 4641 tt
1100 4585 1594 4654 conscientiabona,etl1denonlicta
1612 4587 1637 4660 (l
1657 4580 1741 4650 rima),

120 4676 253 4750 temporis
274 4677 357 4735 etiam
378 4693 428 4750 per
447 4678 553 4733 litteras
581 4678 736 4749 Cyprianus
771 4679 914 4753 ingemuit.
966 4673 1105 4746 quodlibet
1118 4673 1239 4731 haretici
1261 4683 1287 4730 et
1307 4675 1471 4731 schismatici
1490 4675 1634 4748 accipiant,
1649 4671 1741 4732 chariat

125 4766 299 4838 Quapropter
312 4775 357 4822 aut
374 4766 448 4838 quod
462 4772 504 4823 εει
518 4775 613 4822 tenere
626 4767 790 4833 Ecclesiam,
800 4784 855 4824 non
865 4769 918 4826 hoc
966 4779 1027 4835 quae
1041 4763 1162 4833 coeperit
1177 4763 1375 4818 multitudinem
1389 4772 1564 4835 peccatorum
1579 4764 1606 4834 (l
1618 4767 1689 4822 Patr.
1704 4758 1737 4825 ιιι

122 4861 165 4910 εει
178 4854 207 4908 in
220 4854 319 4911 divinis
334 4863 430 4912 tenere
443 4855 600 4927 primatum,
617 4863 663 4911 aut
674 4855 697 4911 si
711 4855 801 4912 omnis
814 4857 861 4929 qui
875 4866 918 4913 ιε-
966 4851 1108 4924 proprium
1123 4851 1224 4907 donum
1239 4858 1280 4907 est
1294 4852 1436 4908 catholicae
1450 4851 1561 4908 unitatis
1576 4850 1692 4924 etpacis,
1704 4857 1738 4903 ιιι

122 4950 169 4999 net
188 4943 351 5012 Ecclesiam,
375 4943 456 5000 etiarn
469 4944 615 5017 primatum
644 4952 727 5011 tenet,
757 4961 853 5002 omnes
879 4946 918 5002 illi
968 4939 1201 5007 estimantibus,
1218 4941 1281 5013 quit
1296 4955 1347 4997 uec
1362 4941 1421 5010 eJus
1436 4941 1740 5031 suntomues,sisutttt

120 5030 207 5105 iniqtn
220 5030 372 5087 Ecclesiam
386 5048 440 5089 non
465 5040 567 5101 tenent,
592 5032 639 5107 qui
662 5040 754 5090 tamen
778 5034 850 5090 intus
878 5034 919 5091 vi·
968 5028 1029 5085 loco
1043 5027 1204 5085 videbimus.
1222 5030 1324 5085 Praeter
1333 5029 1422 5101 ipsum
1437 5037 1530 5085 tamen
1550 5028 1739 5087 esseillnchtu·

118 5119 227 5187 dentur,
253 5127 279 5175 et
293 5119 459 5192 baptismum
480 5122 549 5178 dare
572 5129 598 5178 et
620 5123 723 5179 hahere
745 5138 762 5178 a
777 5123 852 5179 nullo
866 5138 918 5179 no·
968 5125 1009 5173 tas
1024 5133 1078 5173 non
1092 5125 1189 5188 potest,
1206 5117 1265 5174 tine
1279 5134 1334 5190 qut
1348 5127 1456 5184 taetett.
1473 5117 1554 5174 etium
1569 5118 1593 5174 si
1608 5113 1708 5190 ogdoad
1721 5112 1740 5164 tt

118 5216 205 5264 strum
219 5215 364 5282 negantur.
378 5209 448 5264 Nam
464 5225 512 5266 eos
525 5210 671 5281 primatum
692 5211 721 5266 in
748 5211 847 5268 divinis
866 5212 919 5267 ha·
968 5205 1113 5277 approbari
1126 5215 1249 5277 possunt,
1264 5206 1397 5279 prodesse
1420 5215 1512 5263 umen
1536 5214 1563 5262 et
1577 5206 1738 5263 liberarent

119 5297 186 5353 bere
201 5295 358 5368 quisdicat,
374 5296 427 5352 nisi
441 5298 487 5369 qui
502 5297 569 5353 nihil
589 5298 711 5356 divinum
736 5299 830 5373 sapiti
852 5320 864 5352 ι
886 5300 921 5357 Et
969 5303 1122 5366 possuntr
1153 5296 1188 5351 Et
1215 5303 1326 5352 sanctus
1345 5295 1494 5369 Gregorius
1512 5295 1540 5350 in
1572 5295 1644 5351 libro
1672 5293 1738 5350 llan-

1731 5369 1737 5382 Ι

120 5382 187 5438 loris
201 5384 322 5455 quidem,
337 5385 365 5441 id
380 5391 421 5442 εει
437 5386 466 5442 in
480 5386 578 5443 heresi
593 5388 637 5445 vel
651 5389 800 5446 schismate
814 5404 866 5447 nec
883 5389 919 5445 li·
969 5383 1035 5439 lium
1050 5384 1110 5456 (lib.
1133 5399 1214 5452 xvtn,
1234 5400 1259 5441 ο.
1286 5387 1329 5456 lt)
1347 5403 1354 5440 τ
1379 5406 1390 5436 ⁴
1418 5383 1597 5440 Conflutiouis
1619 5382 1695 5457 ignit,
1706 5387 1739 5448 lm

120 5469 181 5549 gari
196 5470 298 5543 aliquid
307 5480 397 5549 potest
411 5487 464 5532 uec
492 5474 572 5545 solvi,
601 5476 648 5533 ubi
676 5492 733 5534 non
756 5477 791 5535 eit
814 5477 861 5551 qni
875 5483 922 5534 aut
970 5488 1045 5538 extra
1057 5481 1220 5540 catholicam
1233 5482 1366 5540 toleratur
1380 5481 1543 5551 Ecclesiam,
1560 5496 1644 5555 quam
1664 5473 1743 5536 autu
