3794 6104
114 229 166 284 265
809 227 995 284 EPISTOLAE.
1709 238 1761 291 tos

116 350 205 415 nabo,
227 349 250 404 si
274 348 339 404 mibi
364 348 574 406 satisfactionem
597 349 691 407 fecerit
713 351 785 423 quod
813 351 916 406 nullum
930 351 1045 412 Amans
1075 353 1223 420 Lotharius,
1246 362 1336 425 potest
1357 355 1487 412 veraciter
1510 371 1677 430 cognoscere
1700 358 1764 429 quia

118 439 234 510 pretium
264 437 326 493 inda
354 438 504 494 donaverit.
534 439 568 493 Et
596 438 619 493 si
642 447 669 494 tu
693 439 729 494 ita
753 438 841 496 facere
866 455 919 495 non
968 449 1137 496 nontantum
1152 443 1200 509 illi,
1217 443 1266 498 sed
1281 444 1347 499 nulli
1362 445 1464 500 homini
1488 445 1515 501 in
1530 446 1631 502 mundo
1645 462 1705 500 sum
1720 445 1763 500 in-

119 526 248 593 volueris,
266 541 334 599 ergo
348 526 483 583 ordinado
497 527 740 598 qualiterpopulus
750 527 787 582 ibi
802 526 920 583 officium
969 526 1073 595 fidelis,
1089 538 1115 584 et
1130 529 1153 585 si
1176 530 1232 585 vult
1256 531 1379 602 credere,
1396 533 1489 588 credat
1506 551 1512 587 :
1530 533 1571 588 sin
1586 541 1686 601 autem,
1703 547 1765 589 cum

121 615 229 676 babeat,
245 630 333 686 usque
348 615 414 670 dum
429 615 465 670 ibi
480 615 603 671 ordinem
618 616 815 688 presbytorum.
833 616 880 672 Cui
897 616 919 670 si
968 616 1013 671 ille
1037 617 1105 673 inter
1125 618 1271 692 principes,
1298 628 1324 674 et
1351 636 1405 694 ego
1429 621 1499 677 inter
1523 621 1677 694 episcopos,
1704 630 1766 676 ante

123 703 229 775 aliquod
252 703 475 774 impedimentum
501 712 595 759 contra
620 704 724 759 divinas
748 712 774 760 et
788 706 920 759 humanas
969 704 1074 778 Regem
1093 723 1190 780 regum
1208 717 1235 762 et
1253 708 1420 780 Episcopum
1443 709 1633 781 episcoporum
1655 709 1766 765 veneri-

122 789 195 862 leges
219 790 330 858 feceris,
353 800 378 847 et
401 791 574 848 manifestum
602 792 690 861 fuerit,
715 793 858 864 presbyter
883 791 921 847 ibi
969 810 1041 860 mus,
1061 802 1124 850 tunc
1143 796 1206 866 quid
1225 797 1288 851 inde
1303 814 1399 853 verum
1414 797 1456 864 sit,
1473 798 1630 868 plenissime
1646 798 1705 855 sine
1720 792 1767 854 ali-

124 879 301 950 permnnebit,
318 888 345 934 et
360 886 388 935 tu
401 890 428 936 ct
441 895 536 936 omnes
551 881 596 952 qui
612 881 659 936 tibi
675 881 873 946 consenserint,
886 881 921 935 ab
971 883 1047 951 cujus
1059 883 1222 951 judicatione
1237 893 1380 955 cognocet,
1396 890 1450 943 etc.

125 968 192 1022 omni
218 967 532 1040 christianitatemque
559 969 595 1024 ad
619 969 828 1025 satisfactionem
847 969 921 1025 eritis
1231 1007 1401 1064 EPISTOLA
1429 1010 1499 1065 XLV

127 1055 249 1126 separati.
266 1056 341 1122 llaeo,
357 1057 440 1112 cbare
461 1055 508 1125 iili,
534 1056 596 1112 ideo
610 1059 708 1113 mando
730 1058 788 1123 tibi,
806 1065 831 1113 et
846 1057 923 1113 aliter
1503 1051 1510 1064 ’

128 1159 296 1210 commoneo,
312 1144 375 1216 quia
397 1144 501 1200 salvum
526 1152 552 1201 et
576 1146 735 1201 honoratum
750 1155 776 1202 tc
790 1146 879 1217 cupio,
896 1153 923 1201 at
1270 1106 1470 1177 Fragmentum

127 1232 192 1286 inter
207 1231 280 1287 filios
294 1232 426 1288 Ecclesiae
450 1241 476 1288 te
499 1233 526 1288 in
550 1233 610 1289 loeo
626 1233 673 1288 filii
688 1235 786 1290 babere
808 1234 879 1302 volo,
897 1242 922 1288 ct
973 1215 1093 1254 mum
1108 1215 1142 1255 ET
1157 1215 1618 1328 cmg?ssfflffgusxfflsmu
1633 1217 1656 1258 ⁸·
1674 1217 1768 1258 ΜΒ

128 1320 148 1374 si
160 1336 204 1374 me
218 1320 357 1390 coegeris,
373 1329 401 1376 ut
416 1321 484 1377 sicut
494 1321 625 1377 Dominus
639 1323 703 1378 dicit
719 1323 745 1376 in
761 1321 921 1394 Evangelio,
1185 1371 1190 1381 .
1303 1313 1308 1327 '
1345 1371 1350 1382 .
1422 1306 1472 1388 J.
1505 1313 1510 1327 '
1670 1372 1686 1385 ..

128 1408 162 1462 sis
176 1409 250 1462 velut
265 1408 390 1465 ethnicus
411 1417 437 1465 et
458 1409 629 1480 publicanus,
655 1427 709 1465 non
731 1411 797 1467 mihi
812 1411 860 1465 sed
876 1409 925 1464 tibi
1039 1369 1092 1424 pm
1108 1369 1245 1425 emme
1259 1369 1403 1425 “mmm
1417 1385 1506 1440 ”mm
1520 1374 1697 1426 'mmmm‘

128 1505 253 1567 reputare
277 1497 401 1553 nemeis.
424 1498 572 1571 Postquam
596 1499 661 1553 isias
683 1499 785 1554 litteras
812 1498 922 1564 arctavi,
1036 1480 1114 1535 mua
1132 1481 1256 1537 eumdem·
1278 1492 1308 1528 ⁰¹
1329 1481 1462 1528 ¹²¹⁰l0³¹⁶¹
1478 1481 1522 1528 ιι·
1540 1492 1577 1537 ¹¹¹·
1593 1492 1647 1538 ιιι·
1662 1482 1705 1536 ⁹⁷)-

128 1584 282 1638 dictumest
304 1585 371 1640 mihi
386 1585 457 1656 (prod
472 1586 671 1641 matricularios
695 1587 848 1641 aministro
863 1601 924 1641 meo
1011 1588 1155 1659 Propterea
1183 1588 1286 1662 diligite
1319 1604 1428 1645 sorores
1454 1597 1515 1645 ante
1544 1588 1657 1656 omnia,
1691 1595 1717 1643 et
1746 1588 1773 1644 in

128 1671 286 1728 constitutos
298 1673 333 1728 de
347 1672 395 1728 illa
404 1674 548 1730 matricula
558 1674 671 1744 ejecisti,
686 1683 712 1730 et
727 1674 763 1728 ibi
778 1674 921 1730 bonarium
936 1675 1088 1765 Bprivatis
1112 1676 1348 1745 collocutionibus,
1374 1684 1401 1734 et
1423 1678 1451 1732 iu
1473 1677 1583 1750 publico
1607 1683 1698 1734 vestro
1713 1692 1776 1733 com

129 1760 232 1823 misisti,
249 1768 277 1818 et
290 1776 342 1831 pro
356 1761 401 1816 illa
415 1762 559 1819 matricula
573 1763 600 1817 in
615 1763 704 1834 pretio
717 1779 800 1818 unum
815 1763 922 1818 asinum
978 1771 1077 1831 ventu,
1107 1764 1234 1820 remititte
1272 1773 1299 1821 et
1325 1765 1433 1835 abjicite
1458 1764 1579 1821 funditus
1606 1782 1621 1820 a
1648 1764 1775 1822 cordibus

129 1848 265 1918 accepisti.
288 1848 368 1917 Quod
390 1850 413 1905 si
428 1850 467 1905 ita
490 1859 541 1918 est,
562 1866 617 1907 uon
641 1852 727 1908 solum
751 1850 928 1907 criminaliter
977 1851 1075 1909 vestris
1100 1867 1195 1907 omnes
1222 1852 1344 1921 iujurias,
1374 1860 1400 1908 et
1430 1853 1620 1909 scandalorum
1643 1853 1775 1924 fomites,

129 1935 223 2003 fecisti,
241 1936 305 2008 quia
319 1944 415 1994 contra
429 1954 525 1996 omnes
547 1939 624 2010 leges
644 1940 859 1996 ecclesiasticum
873 1939 927 1994 mi·
978 1957 1038 2013 quae
1060 1941 1191 1996 hactenus
1214 1940 1284 1996 inter
1308 1956 1357 1996 vos
1381 1949 1447 1997 ortae
1470 1941 1589 2011 fuerunt,
1603 1943 1640 2013 [ut
1654 1941 1727 1998 nulla
1742 1940 1776 1996 de

130 2023 268 2080 nisteriunr
282 2025 365 2081 horno
390 2026 474 2082 laicus
494 2028 642 2099 usurpasti,
668 2035 693 2082 et
714 2029 926 2099 eleemosynam,
978 2044 1076 2084 sonore
1091 2045 1138 2083 sua
1153 2029 1309 2094 vindictam,
1333 2037 1380 2084 aut
1394 2045 1446 2102 pro
1461 2045 1598 2095 sermone,
1614 2037 1660 2084 aut
1673 2044 1723 2101 pro
1737 2027 1777 2083 fa·

130 2113 154 2167 id
169 2121 210 2168 est
225 2112 445 2170 misericordiam
469 2129 630 2187 pauperum,
654 2131 687 2172 ac
701 2132 750 2187 per
764 2117 816 2172 boc
830 2118 928 2183 Deum,
978 2124 1030 2181 cto,
1047 2116 1090 2171 vel
1103 2131 1153 2187 pro
1177 2116 1267 2188 aliquo
1288 2116 1418 2190 despectu
1433 2125 1545 2189 quaerat,
1562 2125 1608 2173 aut
1620 2133 1636 2172 a
1648 2118 1716 2187 Deo,
1732 2124 1778 2171 aut

132 2200 172 2271 qui
183 2200 377 2258 misericordia
386 2203 549 2258 miserorum
560 2213 610 2270 est,
622 2204 690 2260 sieut
700 2204 784 2259 ludas
794 2205 928 2275 proditor,
978 2204 1007 2259 in
1027 2204 1137 2260 saeculo.
1161 2204 1231 2273 Quia
1253 2204 1321 2260 sieut
1348 2205 1480 2260 Dominus
1504 2213 1691 2278 protestatur,
1716 2205 1776 2260 sine

130 2288 293 2356 vendidisti;
320 2291 475 2346 sedetiam
498 2291 611 2363 turpiter
624 2292 653 2346 in
671 2293 723 2349 boc
737 2292 818 2347 nimis
831 2292 928 2361 fecisti,
979 2293 1125 2348 concordia
1150 2293 1282 2364 quidquid
1306 2293 1330 2349 ei
1353 2292 1504 2349 obtuleritis
1528 2309 1582 2349 non
1597 2292 1636 2349 illi
1650 2292 1778 2364 placebit.

133 2387 158 2432 ut
170 2378 204 2433 de
219 2378 408 2446 mendicitate,
425 2379 468 2435 de
489 2397 541 2452 qua
564 2380 682 2435 mendici
705 2380 796 2436 vivere
809 2380 929 2448 debent,
981 2381 1043 2436 Sive
1067 2381 1139 2436 enim
1158 2381 1315 2447 oraveritis,
1343 2381 1400 2437 sive
1425 2379 1588 2438 sacrificium
1607 2378 1778 2450 obtuleritis,

134 2482 220 2522 comes
235 2478 264 2522 ct
278 2467 430 2523 honoratus
443 2467 504 2539 regi
512 2467 680 2523 consiliarius
690 2467 717 2522 in
727 2468 815 2539 pretio
825 2469 931 2524 asinum
981 2468 1103 2525 sivevos
1126 2468 1294 2536 afflixeritis,
1318 2469 1376 2525 sine
1400 2471 1453 2525 hac
1474 2470 1613 2526 charitatis
1634 2468 1781 2526 concordia

136 2560 267 2632 accepisti,
285 2566 312 2614 et
322 2572 418 2612 omnes
431 2555 543 2627 quihaeo
554 2556 675 2622 audiunt,
690 2572 807 2626 pensare
817 2565 932 2628 possunt
981 2557 1048 2612 nihil
1062 2558 1120 2613 Deo
1135 2558 1269 2628 placabile
1284 2557 1344 2624 erit,
1368 2558 1431 2630 quia
1447 2558 1516 2614 sicut
1532 2557 1677 2630 Apostolus
1691 2556 1756 2613 dicit
1773 2574 1780 2610 :

138 2651 247 2720 qualiter
265 2649 301 2703 de
320 2645 381 2701 aliis
395 2644 484 2700 causis
498 2660 548 2717 pro
563 2660 657 2701 amore
672 2653 699 2701 et
714 2645 808 2701 timore
828 2645 888 2712 Dei,
906 2653 932 2701 et
981 2645 1094 2700 Etiamsi
1109 2645 1245 2701 tradidero
1270 2661 1367 2715 corpus
1390 2662 1481 2700 meum
1495 2653 1524 2701 ut
1539 2645 1643 2712 ardeat,
1660 2644 1780 2701 charita-

139 2736 284 2793 reverentia
303 2734 342 2791 tui
360 2733 512 2802 ministerii,
535 2733 607 2802 juste
635 2740 662 2790 ct
688 2740 762 2789 reete
786 2733 862 2799 facis,
886 2733 933 2803 qui
981 2741 1036 2788 tem
1051 2747 1106 2789 non
1121 2733 1246 2800 habeam,
1263 2733 1329 2787 nibil
1343 2750 1402 2788 sum
1419 2734 1444 2805 (l
1453 2734 1513 2790 Cor.
1532 2748 1591 2799 ιιιιι,
1607 2734 1646 2804 3).
1660 2734 1695 2788 Ει
1708 2731 1783 2788 scitis

141 2824 167 2880 de
184 2825 232 2880 tali
249 2823 364 2880 miseria
398 2821 457 2877 sine
476 2821 529 2877 ulla
548 2821 714 2878 verecundia
733 2827 811 2894 turpe
827 2820 933 2877 lucrum
983 2821 1045 2899 quia
1059 2821 1157 2894 regula
1176 2838 1258 2893 quarn
1271 2821 1402 2893 proicssae
1416 2822 1492 2888 estis,
1508 2829 1622 2894 propter
1636 2820 1783 2878 scandalo-

144 2914 261 2985 requiris.
982 2927 1042 2965 rum
1058 2911 1151 2981 spinas
1167 2927 1227 2981 quae
1248 2910 1315 2966 oriri
1338 2910 1366 2965 in
1388 2910 1553 2966 monasterio
1569 2909 1666 2977 solent,
1684 2909 1783 2966 oratio-

392 3005 563 3062 EplsTOLA
581 3006 675 3062 xfflv,
984 3014 1047 3054 nem
1061 2997 1231 3054 Dominicam
1246 2998 1274 3052 in
1295 2999 1435 3054 matutinis
1454 3006 1480 3053 et
1495 2998 1658 3070 vespertinis
1672 2996 1783 3070 officiis,

435 3103 639 3176 Fragmentum,
985 3088 1024 3142 ita
1039 3094 1067 3142 ut
1082 3102 1176 3142 ornnes
1191 3087 1261 3142 illam
1277 3086 1398 3153 audiant,
1422 3102 1439 3142 a
1453 3086 1545 3158 priore
1560 3087 1630 3143 orari
1644 3085 1784 3158 praecepit,

170 3219 199 3257 ,D
216 3215 413 3258 ,mmm
431 3214 577 3255 mum„
596 3214 741 3256 CONJUGE„
764 3215 894 3255 mm„
986 3182 1015 3229 ut
1038 3175 1164 3230 timentes
1186 3175 1402 3231 convenientiam
1426 3190 1480 3247 qua
1502 3175 1645 3230 dicimus:
1669 3175 1788 3230 Dimitte

87 3274 89 3293 '
439 3286 634 3327 rurenaroars.
987 3264 1065 3319 uobis
1080 3263 1173 3319 debito
1188 3268 1296 3330 nostru,
1320 3265 1394 3319 sicut
1413 3267 1440 3318 et
1455 3278 1506 3318 nos
1522 3263 1695 3318 diruittt'mus
1711 3261 1787 3318 dett·

158 3371 183 3423 tte.
195 3386 222 3428 eo
236 3370 305 3443 quod
320 3369 396 3442 apud
408 3369 573 3424 lotharium
588 3370 662 3438 soleo
677 3373 827 3425 accusatus
841 3371 938 3439 suerat
989 3352 1093 3406 ²⁰f5⁶¹⁴⁸
1109 3353 1224 3418 ”05272'32
1249 3366 1358 3406 ⁰¹⁰⁰ssOE
1383 3364 1523 3405 rancorem
1545 3349 1579 3404 de
1595 3349 1678 3405 mide
1692 3355 1788 3404 ΗΘΜ)

439 3439 633 3506 infidelitatis.
987 3438 1130 3510 pellamus.
1148 3437 1215 3506 Qum
1230 3437 1295 3494 dum
1320 3438 1395 3509 prius
1419 3437 1539 3510 egeritis,
1556 3454 1591 3494 ne
1604 3454 1655 3509 per
1669 3444 1790 3493 vestram

228 3535 304 3592 (apud
314 3534 439 3587 eumdem,
450 3543 480 3579 ex
491 3532 621 3580 elodoarot
638 3533 680 3580 tib.
694 3544 729 3588 111,
741 3534 849 3589 caper.)
988 3526 1163 3593 discordiam,
1180 3526 1254 3597 qnod
1276 3525 1356 3592 absit,
1382 3524 1518 3598 regularis
1534 3524 1630 3581 electio
1646 3525 1680 3580 de
1695 3530 1789 3580 vestro
1868 3594 1877 3601 ι

184 3615 235 3688 Ego
249 3616 304 3671 scio
319 3614 384 3688 quia
406 3613 431 3668 ei
445 3613 529 3668 multa
550 3614 584 3668 de
600 3630 644 3668 me
659 3613 732 3670 dicta
748 3613 856 3668 luerunt
870 3628 938 3668 eon·
988 3614 1151 3670 monasterio
1177 3620 1278 3685 pereat,
1294 3614 1411 3670 adunate
1427 3629 1476 3670 vos
1490 3613 1524 3669 ad
1540 3613 1590 3669 Dei
1609 3613 1788 3682 voluntatem,

164 3703 235 3769 traria,
249 3704 331 3760 sedsi
346 3703 403 3758 vult
418 3702 515 3774 poterit
530 3717 698 3775 cognoscere
713 3718 768 3758 nou
784 3718 844 3758 esse
860 3717 937 3769 vera;
989 3711 1015 3758 et
1044 3701 1175 3775 regularis
1204 3701 1357 3758 devotionis
1379 3701 1594 3772 unanimitatem,
1617 3709 1791 3774 vestramque

165 3796 299 3847 tamennon
314 3807 378 3847 eum
399 3790 486 3845 audeo
507 3790 721 3861 reprehendere,
739 3790 800 3861 quia
813 3790 940 3846 dominus
990 3792 1076 3863 ipsam
1092 3790 1215 3861 salutem,
1239 3799 1401 3861 prasentem
1423 3790 1526 3847 scilicet
1547 3799 1628 3863 atque
1642 3799 1789 3858 aetermam,

167 3886 203 3941 est,
216 3896 260 3937 nec
273 3880 301 3934 in
315 3880 376 3949 ejus
391 3893 508 3951 persona
533 3879 604 3944 dieo,
621 3880 690 3934 sieut
701 3879 803 3951 legitur
819 3879 848 3933 iu
865 3878 940 3934 Scri-
990 3895 1052 3936 cum
1067 3879 1203 3935 charitatis
1217 3879 1372 3944 concordia,
1390 3895 1450 3951 quae
1471 3886 1512 3934 est
1527 3879 1648 3936 omnium
1663 3878 1794 3935 virtutum

168 3968 245 4033 pluris:
259 3970 310 4039 Qui
318 3969 439 4025 libenter
449 3967 532 4022 audit
542 3968 623 4024 verbo
633 3968 940 4033 merrdocii,miuistros
990 3975 1087 4034 mater,
1104 3977 1205 4023 etcum
1229 3966 1388 4034 humilitate,
1412 3984 1473 4039 quae
1495 3976 1535 4023 est
1558 3976 1650 4025 eustos
1672 3967 1794 4039 ipsarum

170 4071 250 4128 quoquc
271 4058 381 4112 babebit
403 4057 504 4129 impios
526 4055 619 4126 (Prot.
635 4070 717 4122 xxix,
737 4056 798 4121 12l3
814 4055 941 4111 videlicet
991 4055 1128 4123 virtutum,
1152 4065 1232 4127 atque
1246 4072 1306 4112 cum
1330 4071 1397 4111 vera
1412 4056 1575 4123 obedientia,
1591 4073 1652 4129 quae
1667 4056 1739 4112 scala
1753 4061 1795 4112 est

170 4141 242 4209 quide
262 4160 328 4218 erga
352 4160 415 4200 eum
436 4143 489 4215 piis
511 4142 661 4198 voluntarie
682 4143 827 4214 loquentur
845 4143 938 4214 impia.
991 4160 1045 4216 qua
1059 4145 1091 4199 ad
1108 4145 1207 4200 coelum
1222 4144 1385 4216 pertingitur
1400 4187 1407 4210 ,
1424 4152 1450 4199 et
1464 4145 1493 4199 in
1507 4145 1585 4200 vobis
1601 4144 1704 4200 salubri
1720 4144 1794 4200 elec·

172 4226 208 4295 uu
219 4231 250 4287 illi
263 4250 296 4288 ea
309 4233 377 4288 dixit
386 4247 420 4287 ex
444 4247 506 4287 mea
531 4239 608 4302 parte
622 4248 683 4304 quae
697 4232 763 4286 mihi
782 4232 939 4298 mandastis,
991 4232 1064 4288 tione
1080 4233 1252 4297 concordate,
1271 4240 1297 4287 ct
1311 4231 1491 4303 vosmetipsas
1506 4232 1540 4286 ad
1557 4231 1710 4304 regularem
1725 4247 1792 4288 nor-

172 4316 229 4374 alitcr
240 4337 317 4393 quam
333 4336 429 4377 verum
445 4321 479 4375 sit
493 4320 569 4385 dixit,
585 4320 655 4375 male
670 4328 758 4375 autem
775 4321 939 4392 interpreta-
995 4337 1067 4375 mam
1082 4320 1213 4386 reducite,
1239 4327 1265 4374 et
1289 4320 1465 4393 constringite
1480 4336 1512 4374 ac
1533 4327 1693 4376 conservate
1710 4319 1794 4391 :quia

173 4410 243 4463 tuaest
256 4410 324 4467 bone
348 4408 431 4465 dicta.
449 4409 477 4464 Si
492 4408 621 4464 voluisset
635 4422 804 4481 cognoscere
822 4426 938 4476 verum,
953 4403 1077 4476 Daliter,
1094 4409 1161 4463 sicut
1176 4407 1273 4463 melius
1284 4407 1351 4478 ipsae
1361 4407 1445 4478 scitis,
1457 4406 1541 4462 salvae
1551 4422 1611 4462 esse
1622 4421 1792 4478 nequaquam

173 4501 190 4544 ιι
200 4494 281 4568 aliquis
295 4499 397 4553 missus
410 4497 476 4551 mihi
492 4497 526 4552 de
541 4512 590 4552 sua
609 4505 686 4567 parte
702 4498 816 4563 veniret,
832 4505 861 4552 ut
875 4512 940 4553 vera
989 4496 1096 4552 valetis.
1111 4497 1146 4551 Et
1162 4496 1230 4552 sicut
1245 4495 1349 4552 animos
1364 4496 1399 4550 ab
1419 4494 1546 4567 inquietis
1569 4495 1696 4561 motibus,
1712 4492 1792 4551 itaet

173 4594 194 4633 tr
205 4600 239 4640 me
251 4592 437 4659 cognosceret,
454 4585 524 4642 sicut
539 4585 613 4641 venit
627 4597 652 4640 et
667 4601 710 4640 me
725 4585 940 4657 qualemcunque
989 4584 1098 4657 linguas
1121 4600 1135 4638 a
1159 4584 1341 4655 provocativis
1363 4584 1510 4639 iracundiae
1533 4583 1664 4655 vobisque
1686 4580 1791 4637 nocivis

172 4666 245 4726 Christi
256 4674 364 4730 Domini
377 4673 549 4730 sacerdotem
573 4672 740 4745 suggillavit,
761 4673 940 4728 libentissime
990 4673 1161 4728 sermonibus
1176 4669 1320 4740 custodite,
1338 4678 1507 4729 contestante
1522 4670 1652 4742 apostolo
1669 4687 1675 4724 :
1693 4668 1790 4725 Omnis

173 4770 207 4811 stro
218 4761 299 4817 animo
313 4761 511 4818 satisfacerem.
527 4762 567 4816 De
582 4776 643 4815 meo
657 4767 746 4816 autem
760 4761 853 4826 misso,
871 4761 941 4816 sicut
989 4761 1093 4818 clamor
1118 4769 1143 4817 et
1164 4761 1315 4834 indignatio
1339 4776 1356 4815 a
1379 4760 1455 4815 vobis
1470 4757 1621 4825 auferatur,
1637 4775 1698 4814 eum
1714 4756 1790 4816 omni

87 4878 92 4907 ·.
171 4843 292 4906 dominatio
307 4850 503 4922 benignissima
518 4850 767 4915 vestramandavit,
784 4858 813 4905 ut
827 4849 863 4904 ad
878 4866 940 4904 eum
989 4850 1101 4916 malitia,
1130 4857 1156 4906 et
1180 4855 1268 4906 omnis
1292 4864 1381 4904 sermo
1401 4845 1487 4902 malus
1507 4861 1539 4901 ax
1560 4862 1608 4902 ore
1627 4854 1718 4903 vestro
1733 4863 1789 4903 non

171 4931 263 5009 dirigam
275 4939 321 5011 qui
335 4939 360 4994 ei
375 4940 428 4995 hoc
442 4937 566 5002 affirmet,
583 4937 655 5009 quod
665 4939 699 4993 de
710 4939 768 5005 ejus
782 4937 939 4994 infidelitate
989 4939 1121 5010 procedat
1131 4939 1241 5011 (Epires,
1255 4954 1291 5007 ιι,
1304 4942 1347 5003 30,
1360 4938 1416 5007 3l)·,
1428 4951 1462 4989 ue
1473 4936 1541 4994 sicut
1553 4935 1785 5004 solenthomines,

169 5022 217 5079 nibil
235 5027 312 5082 velim
336 5035 460 5095 tractare,
485 5026 561 5082 scitis
584 5033 682 5098 quanta
705 5027 846 5082 mendacia
870 5040 941 5082 nunc
989 5027 1066 5097 prius
1081 5027 1175 5082 dolore
1190 5026 1326 5091 commoti,
1339 5033 1364 5080 et
1373 5031 1469 5095 postea
1479 5023 1571 5095 aliquo
1586 5025 1698 5096 gaudio,
1708 5023 1787 5096 quasi

167 5124 203 5177 per
224 5114 292 5171 istud
319 5117 421 5171 vadunt
451 5114 589 5181 saeculum,
615 5122 642 5169 ct
665 5122 767 5185 quanta
799 5115 940 5170 sinceritas
990 5115 1126 5171 victoriosi
1136 5114 1287 5169 obtinentes
1302 5128 1362 5186 quae
1381 5111 1615 5180 desideraverant,
1631 5111 1784 5178 exhilarati,

167 5199 245 5259 debeat
263 5221 325 5260 esse
344 5205 373 5260 in
387 5203 540 5269 sacerdote,
553 5212 578 5259 et
595 5211 721 5275 quautam
732 5203 829 5260 merito
841 5203 942 5260 domno
990 5204 1024 5258 de
1039 5219 1200 5275 quocunque
1224 5201 1333 5256 bomine
1358 5216 1419 5273 quae
1441 5215 1497 5256 non
1518 5201 1681 5257 conveniunt
1695 5199 1786 5271 aliqua

165 5302 211 5345 meo
230 5294 309 5348 velim
331 5308 443 5348 servare
465 5290 631 5347 fidelitatem.
654 5292 689 5346 Et
710 5291 813 5348 ideirco
827 5308 861 5347 ne
875 5291 941 5346 mali
989 5300 1109 5347 vestrum
1124 5291 1197 5345 dicat
1214 5305 1219 5343 :
1236 5304 1270 5344 ne
1294 5298 1320 5344 et
1343 5289 1478 5361 patientiae
1500 5291 1626 5345 meritum
1648 5287 1786 5343 inutilibus

161 5374 303 5452 interpretes
318 5381 391 5437 male
415 5396 516 5436 nonum
540 5381 759 5450 interpretentur,
786 5380 838 5436 hoc
852 5379 941 5436 adbuc
990 5379 1163 5435 sermonibus
1176 5392 1269 5433 coram
1289 5379 1348 5434 Deo
1363 5378 1497 5450 perdatis,
1513 5385 1539 5431 et
1553 5377 1575 5431 si
1597 5376 1695 5446 aliquis
1709 5374 1789 5432 fuerit

159 5463 302 5526 lateranen
316 5485 440 5542 possum.
455 5469 567 5536 Tamen,
584 5469 607 5524 si
622 5468 678 5524 vult
698 5469 810 5525 credere
824 5469 941 5525 domnus
990 5467 1036 5540 qui
1056 5467 1147 5538 aliqua
1169 5467 1363 5539 provocatione
1390 5480 1579 5538 quamcunque
1602 5471 1724 5521 vestrum
1752 5463 1788 5519 ad

286 5588 407 5644 Parnon.
428 5585 549 5643 CXXVI.
1664 5582 1681 5633 9
