3794 6104
186 258 238 312 983
758 251 907 308 ΑΡΡΕΝΙ).
938 252 985 306 ΑΙ)
1014 249 1043 306 S.
1066 247 1278 306 subruerunt.
1788 252 1835 306 984

183 379 242 434 lfao
252 378 353 451 quippe
363 378 520 433 auctoritate
531 391 612 449 quam
621 375 798 447 pulchraetuae
808 389 987 430 manuscom-
1001 373 1119 434 Alcetio
1134 387 1214 428 saera
1228 380 1316 428 sonat.
1333 372 1405 428 Ecce
1412 371 1470 441 jam
1478 369 1655 427 Scholastica
1666 383 1769 426 nornen
1781 371 1833 425 sir·
1862 376 1865 384 '

184 467 271 539 plexae
282 467 440 533 consistunt,
452 481 535 537 super
545 480 613 536 quas
623 472 705 534 caput
713 463 856 528 reclinans,
866 461 982 516 imbrem
1034 469 1119 516 tutum
1143 462 1224 516 laude
1248 467 1403 517 coruscat:
1424 475 1490 516 ecce
1513 459 1588 514 illius
1612 457 1749 514 miraculo
1762 458 1832 529 plebs

185 554 292 612 coelitus
303 555 456 626 lacrymans
464 551 593 608 effudisti.
616 552 669 607 Sed
688 552 762 623 quod
782 558 873 621 caput,
893 552 984 620 apos·
1034 558 1127 605 sancta
1142 550 1296 621 congaudet
1314 565 1320 604 :
1337 563 1401 604 eece
1415 564 1497 620 quam
1517 547 1631 604 cultasti
1650 547 1762 602 sarculo
1780 562 1832 603 coe·

186 643 259 700 tolus
284 642 371 698 dicat:
394 643 484 714 Caput
500 641 631 696 mulieris
648 641 701 706 vir,
722 643 809 712 ceput
832 640 887 694 viri
912 639 984 694 fleur
1033 638 1106 707 leati,
1122 637 1225 694 fructus
1240 637 1292 693 fert
1307 637 1458 709 signorum.
1475 636 1626 708 Sequitur:

184 731 331 802 (zochri,
345 729 568 801 lathomorum
581 729 631 783 riri
647 727 699 783 nisi
719 727 801 793 illius,
822 727 894 781 unde
913 727 984 780 Pro·
1047 791 1050 797 1
1071 730 1113 783 ta.
1130 728 1206 782 Tune
1222 726 1261 781 vir
1276 726 1326 780 Dei
1341 725 1412 780 iuter
1426 740 1557 781 coruscos
1573 724 1697 780 tonitrus
1707 730 1788 797 atque
1796 724 1831 779 iu-

184 820 266 891 phete
278 817 363 873 dicit:
380 819 423 874 Vir
442 818 541 873 Oriens
558 833 662 874 nemen
680 819 741 888 ejus
752 820 763 871 t
773 816 798 885 (f
806 816 866 872 Cor.
886 830 926 879 xr,
945 813 985 884 3.)
1034 815 1124 889 gentis
1137 813 1236 886 pluviae
1250 813 1463 880 inundationem,
1479 813 1576 869 videns
1592 829 1623 869 se
1637 813 1674 868 ad
1699 821 1831 868 monaste·

184 908 257 963 Ecce
274 906 318 962 ille
338 907 385 978 qui
404 922 454 977 pro
473 905 558 961 salute
575 905 695 960 omnium
711 904 738 958 in
757 919 839 959 cruce
856 902 985 958 inclinato
1034 903 1106 958 rium
1120 919 1173 958 non
1189 918 1271 974 posse
1285 918 1415 968 remeare,
1433 901 1514 974 coepit
1529 901 1666 974 conqueri
1692 900 1831 958 contrista-

185 995 273 1067 oapite
289 994 399 1050 tradidit
410 994 605 1066 spiritum,suo
622 993 709 1064 capite
719 1009 791 1048 nune
801 1000 860 1046 tuas
870 991 987 1046 declina·
1035 999 1087 1058 tus,
1110 991 1226 1047 dicens:
1252 992 1347 1046 Parcet
1370 990 1418 1044 tibi
1442 990 1615 1061 omnipotens
1637 991 1725 1058 Deus,
1749 1006 1830 1053 soror,

186 1083 224 1139 rit
233 1083 261 1138 in
270 1083 384 1155 palmas,
394 1091 422 1138 ut
442 1083 484 1137 sui
502 1082 624 1154 mysterii
641 1082 714 1153 quod
733 1088 823 1136 mente
844 1080 986 1151 quaerebas
1035 1080 1098 1152 quid
1114 1088 1155 1135 est
1169 1081 1242 1151 quod
1257 1079 1344 1136 fecisti
1359 1080 1373 1134 l
1388 1079 1479 1148 Quare
1493 1079 1605 1151 quaeris,
1621 1078 1666 1133 vir
1689 1077 1748 1144 bei,
1773 1079 1830 1150 qaid

184 1186 325 1240 arcanum,
338 1171 387 1226 tibi
397 1178 520 1226 manaret
530 1172 563 1224 ab
572 1170 663 1225 astris.
676 1169 743 1239 Quae
754 1178 858 1224 tantum
874 1168 986 1223 insertis
1035 1183 1114 1224 soror
1128 1168 1247 1224 fecerit?
1261 1168 1389 1239 Nunquid
1401 1182 1456 1223 nou
1471 1167 1560 1223 cernis
1582 1166 1651 1239 quid
1675 1167 1736 1238 ipsa
1762 1165 1830 1222 tece-

186 1259 279 1332 digitis
288 1259 368 1332 egisti
378 1259 549 1328 miraculum,
571 1257 636 1331 quid
654 1257 759 1313 faceres
779 1257 802 1311 si
816 1256 921 1328 palmas
936 1272 985 1310 ex-

185 1347 322 1402 tendisses
332 1348 366 1402 od
376 1348 492 1418 preces?
502 1347 623 1418 Cumque
633 1347 735 1401 levaret
744 1345 778 1400 de
789 1359 883 1400 mensa
892 1351 984 1415 caput,

187 1442 268 1491 tantae
277 1435 475 1491 coruscationis
485 1443 511 1490 et
522 1434 631 1489 tonitrui
647 1434 742 1499 virtus,
761 1440 889 1503 tantaque
904 1432 986 1486 inun-

187 1523 261 1578 datio
275 1523 374 1595 pluria
387 1523 486 1594 erupit,
496 1531 524 1577 ut
535 1539 623 1594 neque
633 1521 797 1577 venerabilis
812 1521 985 1583 Benedictus,

186 1627 276 1682 neque
287 1610 384 1666 fratres
394 1609 440 1683 qui
450 1626 511 1667 cum
523 1626 554 1666 eo
567 1610 773 1676 aderant,extra
781 1609 922 1664 locilimen
932 1624 985 1679 que

1035 1257 1096 1312 ritl
1114 1255 1245 1327 Nunquid
1264 1271 1320 1310 uon
1341 1255 1418 1312 vides
1435 1254 1533 1327 pluria
1560 1253 1678 1326 guttas?
1709 1254 1831 1326 Nunquid

1034 1361 1089 1401 uon
1105 1344 1182 1400 audis
1197 1351 1396 1415 concrepantes
1411 1343 1531 1416 mugitus
1545 1342 1657 1398 retheris
1674 1347 1686 1398 t
1706 1339 1829 1414 Nunquid

1034 1449 1089 1489 uon
1104 1433 1188 1488 sentis
1203 1432 1334 1487 miracula
1347 1447 1501 1498 eoruscare,
1518 1430 1597 1503 sigua
1610 1431 1710 1500 fluere,
1738 1430 1830 1485 funda-

1034 1522 1107 1576 mina
1131 1522 1228 1577 domus
1251 1520 1472 1585 contremiscere,
1495 1528 1523 1575 et
1544 1520 1613 1576 diois
1633 1519 1702 1590 quid
1724 1517 1831 1575 fecisti?

1035 1608 1163 1681 Nunquid
1178 1610 1237 1681 ipsa
1252 1610 1304 1665 hoe
1318 1608 1392 1674 tecit,
1409 1609 1481 1680 quod
1489 1608 1578 1679 magis
1589 1615 1634 1662 tua
1646 1616 1739 1663 sancta
1754 1622 1831 1680 nega-

188 1700 381 1766 consederent,
396 1700 494 1770 pedem
505 1715 616 1754 movere
636 1699 796 1770 potuissent.
814 1697 900 1766 Quam
916 1712 987 1752 nova
1001 1698 1071 1789 Btio
1087 1698 1168 1754 fecit:
1186 1697 1248 1770 quia
1263 1697 1286 1751 si
1301 1713 1356 1753 non
1371 1712 1511 1770 negasses,
1529 1696 1693 1753 miraculum
1705 1712 1763 1750 uon
1773 1712 1831 1751 exe

187 1787 317 1842 miracula
334 1787 446 1854 mundo,
463 1802 545 1859 quam
570 1787 674 1842 cunetis
696 1786 832 1841 laudanda
849 1785 985 1856 praeeonia
1035 1787 1114 1842 niret.
1131 1786 1188 1842 lloc
1203 1786 1325 1841 Christus
1339 1786 1426 1859 gessit
1439 1785 1546 1857 pietatis
1563 1793 1681 1840 amator.
1701 1786 1774 1840 Nam
1787 1801 1831 1856 pe·

186 1876 275 1932 saeclis
287 1874 293 1929 l
310 1875 357 1930 ubi
370 1875 508 1931 uullaerat
522 1875 618 1930 umbra
628 1867 722 1941 nubis,
744 1890 793 1930 aer
807 1875 912 1929 intonat
925 1873 985 1929 ola-

185 1964 305 2019 moribus
315 1979 411 2020 omnes
427 1979 433 2018 :
450 1972 477 2019 et
491 1965 576 2020 densa
596 1964 714 2019 tonitrua
729 1972 837 2029 sonant,
856 1963 903 2018 ubi
923 1962 986 2016 nul·

185 2051 237 2108 lius
252 2060 311 2108 erat
326 2052 471 2108 concussio
485 2053 568 2108 venti.
584 2052 653 2106 Nam
668 2068 738 2107 uuus
752 2053 813 2107 fens
834 2051 985 2119 oculorum,

187 2149 214 2196 et
228 2156 352 2196 mensam
367 2140 472 2213 rigabat
487 2141 624 2212 lacrymis,
641 2140 900 2196 etaetherimbribus
910 2156 985 2196 arra.

189 2228 247 2285 Stet
261 2244 333 2286 nunc
348 2236 442 2285 sancta
457 2229 573 2285 charitas
588 2227 651 2295 fixa,
668 2237 739 2284 stent
760 2228 915 2284 immobiles
939 2244 987 2300 pe·

188 2317 237 2372 des
252 2316 366 2373 fraterni
383 2335 389 2372 :
406 2318 480 2389 quod
494 2333 573 2373 soror
587 2318 684 2388 poscit,
701 2334 756 2373 nou
776 2318 894 2390 deneget
918 2317 988 2372 dile-

186 2404 241 2461 ctio
255 2404 347 2460 fratris
364 2423 371 2459 z
388 2406 431 2474 da,
448 2406 542 2461 volens
558 2406 664 2472 nolens,
680 2421 783 2477 pernox
799 2421 877 2462 sacra
900 2406 987 2462 collo-

188 2493 261 2565 quia,
279 2495 369 2549 Pater.
386 2495 458 2550 Ecce
473 2494 523 2549 ista
537 2503 703 2565 praeceptum
729 2495 836 2550 Domini
859 2495 986 2565 complet,

188 2581 256 2653 petit
270 2590 299 2636 ut
313 2582 436 2654 accipiat,
454 2582 549 2654 quaerit
563 2591 592 2638 ut
605 2583 734 2652 inveniat,
758 2583 848 2654 pulsat
871 2591 900 2637 ut
923 2598 988 2653 ape-

190 2669 276 2724 riatur
289 2671 324 2725 ei.
342 2669 412 2738 Quid
426 2672 504 2742 petit,
521 2672 580 2743 ipsa
596 2672 677 2727 dicat.
694 2672 727 2727 Ut
743 2688 829 2743 usque
846 2688 924 2726 mane
940 2669 989 2725 ali·

189 2758 255 2830 quid
265 2759 299 2814 de
309 2759 428 2816 coelestis
439 2760 500 2816 vitae
507 2759 616 2833 gaudiis
628 2760 781 2831 loquamur.
790 2761 860 2814 Nam
871 2760 933 2815 ideo
941 2761 989 2815 de-

1035 1876 1101 1930 tenti
1116 1875 1271 1930 Chananeae
1291 1875 1400 1930 mulieri
1421 1890 1516 1945 preces
1541 1873 1639 1929 audire
1662 1873 1777 1939 distulit,
1808 1883 1832 1928 ut

1036 1964 1093 2033 ejus
1111 1962 1193 2018 fidem
1218 1962 1320 2019 faceret
1343 1960 1502 2028 acutiorem,
1526 1970 1556 2016 ut
1579 1963 1715 2034 quaerenti
1741 1961 1831 2017 catello

1035 2052 1130 2121 micas,
1146 2051 1193 2106 filii
1208 2051 1320 2107 daretur
1334 2050 1421 2122 panis.
1439 2050 1495 2107 Sed
1506 2050 1553 2106 illa
1567 2058 1597 2105 ut
1608 2058 1769 2106 extraneae
1780 2049 1832 2104 tini·

1037 2141 1088 2196 bus
1103 2149 1166 2196 tunc
1180 2140 1263 2206 venit,
1272 2141 1329 2209 jam
1339 2155 1394 2195 nou
1403 2146 1558 2195 extraneae
1569 2139 1711 2195 consortio
1720 2138 1830 2194 Christi:

1037 2230 1088 2284 ista
1102 2244 1168 2284 vero
1183 2245 1198 2284 a
1212 2228 1353 2285 cunabulis
1368 2228 1475 2283 Christo
1489 2226 1589 2293 dicata,
1604 2243 1669 2282 eum
1685 2228 1772 2282 hieria
1781 2227 1833 2299 glo·

1037 2318 1110 2373 riosa
1127 2317 1238 2391 Virgine
1252 2317 1345 2373 audire
1359 2316 1457 2372 meruit
1473 2333 1479 2371 :
1496 2317 1642 2389 Optimam
1658 2319 1772 2388 portem
1786 2317 1834 2371 ele·

1037 2409 1080 2480 qit
1090 2407 1166 2476 (Lae.
1176 2423 1202 2473 x,
1220 2408 1274 2476 ta).
1290 2407 1325 2460 Et
1339 2422 1424 2478 quare
1438 2406 1517 2460 Pater
1540 2404 1723 2460 contristatus
1747 2404 1830 2460 dicis:

1038 2496 1135 2550 Parcet
1148 2493 1196 2548 tibi
1207 2495 1377 2564 omnipotens
1394 2495 1477 2560 Deus,
1494 2507 1581 2557 soror,
1592 2494 1712 2564 quidest
1722 2492 1833 2564 quodie

1039 2583 1099 2638 cisti
1112 2583 1126 2637 l
1140 2582 1163 2638 Ο
1178 2583 1220 2638 vir
1236 2583 1294 2646 Ilei,
1313 2583 1360 2636 tibi
1385 2581 1527 2637 hominum
1551 2589 1660 2636 ruentes
1682 2589 1829 2652 patescunt,

1039 2672 1086 2726 tibi
1101 2686 1149 2726 aer
1163 2671 1326 2726 numismata
1351 2670 1447 2736 fundit,
1463 2669 1512 2724 tibi
1541 2669 1622 2724 arida
1648 2669 1724 2724 dolia
1753 2670 1831 2725 oleum

1039 2768 1161 2820 manant,
1177 2760 1225 2813 tibi
1240 2759 1295 2814 alta
1306 2758 1431 2830 profundi
1447 2759 1497 2813 laci
1520 2757 1625 2813 ferrum
1650 2758 1788 2814 reducunt
1804 2757 1832 2811 ab

189 2846 320 2902 scandisti
335 2847 439 2913 obvius,
464 2855 492 2901 ut
519 2847 571 2902 ista
600 2848 672 2903 dona
698 2848 859 2919 proferres:
887 2847 990 2919 pertice
1040 2849 1104 2913 imo,
1122 2849 1173 2919 ipsi
1188 2847 1267 2903 inferi
1282 2847 1398 2902 animam
1413 2847 1539 2912 reddunt,
1556 2854 1583 2902 et
1597 2862 1672 2902 nunc
1687 2847 1767 2918 quasi
1777 2862 1833 2902 con-

189 2934 261 3004 quod
275 2934 391 3005 eoepisti.
408 2935 476 2988 Nam
492 2951 546 2989 uon
561 2936 636 2991 initio
650 2936 793 3006 praemium
817 2944 914 2999 exstat,
941 2938 990 2991 sed
1041 2937 1160 2991 tristatus
1175 2936 1300 2991 nesciens
1315 2936 1393 3001 dicis,
1408 2935 1474 3007 quid
1488 2934 1598 2990 fecistil
1615 2933 1639 2990 0
1656 2936 1738 2990 Pater
1752 2936 1830 2999 beate,

189 3021 218 3075 iu
231 3020 284 3077 fine
300 3038 413 3092 operum
428 3023 572 3078 bonorum.
589 3023 696 3079 Idcirco
708 3040 723 3079 e
736 3025 843 3095 superis
858 3024 926 3079 fudit
937 3026 992 3081 Do·
1042 3025 1064 3079 si
1080 3024 1120 3079 fas
1135 3033 1176 3080 est
1190 3025 1291 3090 dicere,
1308 3032 1435 3096 quantum
1451 3023 1645 3092 fueratjustius
1661 3023 1764 3091 dicere,
1777 3025 1833 3078 Par-

173 3109 276 3164 *minus
292 3109 418 3178 imbrem,
443 3119 472 3167 ut
496 3120 522 3167 tu
547 3127 600 3167 non
622 3113 743 3184 deneges
765 3112 987 3183 praedicaminum
1000 3076 1024 3139 C
1045 3121 1088 3168 eat
1102 3114 1167 3167 mihi
1180 3113 1352 3184 omnipotens
1366 3113 1448 3179 fleus,
1465 3112 1511 3184 qui
1525 3119 1584 3166 tuas
1597 3111 1688 3166 bonas
1703 3112 1836 3167 uonaudio

186 3211 305 3254 amnem.
323 3199 393 3254 Vere
407 3216 460 3255 non
477 3201 565 3272 poscit
578 3217 678 3255 munus
689 3201 830 3268 caducum,
842 3202 890 3256 sed
906 3202 985 3274 regni
1036 3218 1133 3272 preces
1148 3220 1154 3256 :
1171 3218 1253 3273 quarn
1268 3203 1383 3257 diceres.
1400 3203 1494 3256 Pareat
1509 3200 1557 3255 tibi
1567 3200 1745 3270 omnipotens
1755 3203 1831 3265 Deus,

186 3286 306 3343 eoelestis
322 3288 421 3359 expetit
435 3289 551 3344 lucrum.
569 3289 718 3361 Sequitur:
1038 3291 1101 3363 quid
1130 3300 1172 3347 est
1199 3293 1270 3364 quod
1299 3291 1386 3348 fecisti
1401 3292 1415 3345 ‘f
1429 3292 1485 3346 Hoe
1506 3297 1548 3344 est
1574 3288 1643 3343 illud
1673 3289 1831 3354 Salomonis,

221 3397 264 3448 ll.
283 3394 503 3450 sanctimonialis
519 3404 608 3450 autem
621 3395 730 3463 femina,
746 3405 829 3468 caput
843 3396 871 3452 in
896 3397 987 3452 maui-
1037 3383 1331 3453 Affatiafffnffmff
1346 3382 1481 3453 diffident
1497 3383 1588 3450 (ΡΜ
1605 3393 1648 3444 ¹¹³
1674 3378 1714 3449 ⁸)·
1741 3379 1833 3451 Sequi·

186 3480 238 3536 bus
252 3482 403 3549 declinans,
418 3485 597 3555 lacrymarum
613 3484 709 3539 fluvios
724 3485 752 3539 in
767 3501 859 3540 mensa
872 3485 987 3544 fuderat»
1038 3477 1081 3524 ¹⁰¹⁸
1099 3487 1105 3523 ²

185 3585 237 3641 per
251 3587 319 3643 quos
335 3573 508 3628 serenitatem
524 3573 595 3628 aeris
619 3581 645 3628 et
668 3573 789 3644 pluviam
813 3576 914 3629 traxit:
938 3591 989 3630 nec
1075 3578 1117 3629 13.
1134 3573 1183 3628 Cui
1198 3573 1243 3628 illa
1258 3574 1397 3645 respondit
1414 3593 1420 3629 :
1437 3576 1509 3632 Ecce
1523 3584 1550 3632 te
1566 3578 1672 3650 rogavi,
1699 3587 1726 3634 et
1746 3577 1833 3634 audire

187 3659 268 3729 paulo
282 3661 383 3715 tardius
402 3668 464 3732 post
487 3662 638 3717 orationem
661 3662 800 3717 inundatio
823 3662 869 3717 illa
895 3672 990 3718 secuta
1038 3679 1082 3717 me
1097 3662 1216 3727 noluisti,
1231 3663 1328 3735 rogavi
1343 3663 1486 3718 Dominum
1500 3681 1601 3733 meum,
1618 3674 1645 3721 et
1659 3667 1764 3722 audivit
1783 3682 1832 3721 me.

186 3755 228 3802 est
244 3765 250 3800 :
268 3749 316 3804 sed
332 3757 407 3804 tanta
421 3749 470 3804 fuit
484 3750 674 3806 convenientia
689 3750 819 3805 orationis
835 3758 860 3806 et
876 3751 991 3808 inundo.
1039 3751 1220 3806 Subaudiatur
1236 3768 1242 3804 :
1258 3752 1296 3805 Te
1310 3751 1418 3822 quidem
1433 3753 1529 3825 rogavi
1545 3762 1573 3807 ut
1588 3753 1715 3822 fratrem,
1740 3755 1787 3810 sed
1808 3763 1834 3808 tu
1864 3775 1866 3779 ·

186 3835 277 3902 tionis,
295 3844 323 3891 ut
337 3837 371 3891 de
386 3853 481 3892 mensa
496 3839 643 3908 caputjam
666 3854 727 3893 cunr
750 3838 849 3893 tonitru
873 3839 988 3905 levaret,
1039 3846 1066 3893 ut
1077 3854 1235 3910 germanam
1259 3838 1367 3893 noluisti
1390 3839 1494 3895 audire.
1525 3840 1677 3912 Sperabam
1698 3851 1727 3897 ut
1750 3850 1834 3898 mente

188 3932 323 3995 quatenus
338 3942 421 3978 unum
438 3925 565 3996 idemque
579 3934 652 3981 esset
668 3936 846 3992 momentum,
863 3935 888 3981 et
901 3927 992 3983 levare
1038 3928 1154 3982 haberes
1183 3927 1287 3981 viscera
1314 3927 1417 3993 matris,
1447 3936 1543 3999 partus
1570 3930 1705 3997 dolorem,
1739 3932 1833 3987 lacteas

188 4021 268 4082 caput
283 4020 309 4067 et
324 4012 444 4082 pluviam
453 4014 599 4083 deponere.
613 4011 699 4080 Quam
715 4015 803 4068 bonus
816 4016 888 4069 Deus
905 4017 990 4072 lsrael
1039 4031 1182 4079 mammas,
1200 4031 1282 4071 cunas
1297 4016 1420 4080 nutricis,
1437 4016 1544 4072 lavacra
1559 4018 1732 4089 obstetricis,
1743 4020 1832 4074 fascias

189 4100 270 4154 rectis
285 4101 379 4166 corde,
409 4117 488 4172 quam
516 4101 568 4172 piae
596 4101 693 4156 animae
723 4102 852 4174 quaerenti
879 4103 989 4160 illum?
1040 4104 1211 4175 temporales,
1237 4104 1334 4175 quibus
1354 4103 1466 4158 infantia
1490 4105 1555 4159 olim
1578 4107 1702 4162 nutrivit¹
1736 4107 1788 4163 Sed
1808 4115 1832 4160 tu

188 4187 259 4244 Ecce
275 4189 320 4260 qui
342 4197 478 4244 scrutator
501 4197 542 4244 est
566 4191 695 4245 ruentium
722 4198 748 4245 et
771 4191 853 4247 eorda
869 4193 989 4247 omniurn
1039 4208 1083 4246 me
1097 4192 1206 4246 noluisti
1223 4192 1328 4260 audire,
1344 4200 1371 4246 et
1392 4192 1479 4263 magis
1502 4192 1652 4249 festinabas
1673 4197 1710 4250 ad
1733 4196 1830 4258 fratres,

189 4277 285 4343 cernit,
302 4276 349 4349 qui
363 4294 413 4352 per
428 4277 597 4333 Psalmistam
608 4278 672 4334 dicit
685 4297 691 4332 :
704 4280 844 4336 reuocabat
855 4286 990 4354 meetepe
1040 4296 1108 4352 quos
1122 4280 1168 4334 tibi
1183 4280 1241 4335 sola
1255 4280 1372 4335 charitas
1390 4280 1488 4335 Christi
1503 4280 1568 4337 facit
1582 4299 1745 4355 germanos,
1770 4298 1831 4354 quos

92 4389 95 4401 ν
188 4366 342 4428 arcadiam
353 4383 427 4433 earn,
439 4384 505 4423 cem
516 4369 648 4437 ipsoram
663 4370 693 4423 ia
705 4369 888 4426 tribulatione
899 4371 987 4436 (Paul.
1042 4369 1123 4424 etiam
1137 4369 1254 4423 uescisa
1270 4383 1323 4440 quo
1338 4369 1421 4423 limite
1436 4369 1470 4424 ad
1484 4377 1528 4423 tua
1544 4371 1682 4426 cunabula
1699 4373 1750 4427 hos
1764 4386 1832 4426 urun-

187 4468 233 4519 xc,
247 4454 290 4525 ta)
308 4472 314 4508 :
332 4470 396 4511 ecce
411 4471 465 4510 non
479 4455 592 4522 distulit,
609 4473 663 4511 uon
675 4457 772 4512 multas
783 4458 919 4527 expedivit
930 4431 1025 4529 pre·D
1041 4459 1091 4512 dus
1105 4457 1276 4512 transmittat.
1294 4456 1396 4512 fdcirco
1411 4458 1503 4529 rogari
1520 4459 1668 4514 Dominum
1683 4477 1783 4525 meum,
1809 4467 1832 4513 et

187 4557 242 4608 ces,
260 4543 309 4598 sed
323 4543 350 4597 in
365 4544 418 4599 ictu
433 4543 504 4598 oculi
519 4553 545 4599 et
559 4552 659 4614 puncto
686 4545 777 4600 cordis
804 4546 904 4616 petenti
932 4547 983 4600 tri·
1035 4546 1136 4601 audivit
1166 4562 1219 4600 me.
1235 4546 1345 4600 Tunou
1373 4546 1533 4601 attendebas
1562 4548 1638 4618 quod
1667 4565 1739 4605 unus
1762 4557 1831 4620 pater

187 4631 244 4686 buit
266 4631 376 4685 donum.
399 4632 468 4687 Nam
490 4631 580 4687 levato
604 4633 638 4688 de
662 4633 788 4687 manibus
812 4635 911 4704 cupite,
933 4651 985 4689 una
1034 4635 1176 4689 amborum
1191 4633 1300 4689 eontulit
1317 4634 1448 4699 membra,
1474 4642 1502 4688 tu
1525 4650 1580 4690 nou
1605 4637 1741 4692 cernebas
1756 4651 1829 4691 unam

165 4732 168 4736 ⁴
187 4719 236 4775 fuit
257 4720 444 4776 convenientia
466 4721 598 4776 orationis
621 4729 647 4776 et
668 4721 862 4777 inundationis.
889 4723 984 4777 Gaude
1035 4723 1114 4778 nobis
1127 4722 1294 4778 mansionem
1310 4730 1394 4777 ⁸esse
1410 4721 1459 4795 [ol.
1472 4721 1828 4796 fuisselinteruterisepta:

187 4816 214 4863 et
229 4807 330 4875 laetare,
342 4809 463 4864 virorum
475 4809 654 4875 sanctissime,
671 4810 734 4881 quia
749 4826 812 4865 ecce
828 4812 985 4882 lenesquod
1035 4811 1136 4866 idcirco
1152 4812 1187 4865 ad
1200 4811 1276 4865 illum
1291 4819 1396 4882 patrem
1411 4811 1529 4876 cucurri,
1546 4812 1593 4882 qui
1608 4813 1691 4868 nobis
1720 4814 1827 4867 animaru

187 4896 305 4962 voluisti,
331 4913 395 4953 ecee
415 4898 500 4952 habes
523 4899 596 4969 quod
619 4915 728 4970 semper
749 4898 890 4970 quaesisti:
921 4916 984 4956 ecce
1035 4900 1118 4964 dedit,
1135 4900 1181 4971 qui
1197 4907 1306 4955 terrena
1322 4899 1424 4964 tribuit,
1441 4908 1467 4955 et
1482 4900 1669 4956 coelestianon
1680 4901 1825 4975 denegarit.

187 4984 314 5040 miracula
338 4986 426 5040 cernis
458 4985 585 5059 insignia,
610 4988 679 5043 caelo
708 4996 833 5058 terraque
860 4989 982 5059 probata.
1035 4989 1115 5043 ltodo
1130 5004 1197 5059 ergo
1212 4988 1233 5042 si
1249 4996 1337 5059 potes,
1348 4988 1492 5060 egredere,
1508 4996 1534 5044 et
1543 5004 1588 5043 me
1599 4989 1826 5055 dimissa,admc

186 5074 258 5130 Vere
275 5074 297 5128 si
312 5089 367 5128 non
383 5090 515 5146 negasses
531 5076 603 5146 quod
626 5076 781 5146 expetebas,
805 5093 859 5132 neu
879 5075 985 5132 fuerant
1034 5077 1182 5131 naslerium
1197 5075 1265 5131 redi.
1283 5076 1362 5131 blodo
1378 5076 1449 5131 enim
1463 5077 1608 5146 praesentis
1622 5085 1664 5133 est
1680 5078 1803 5149 temporis
1819 5093 1824 5128 :

186 5162 265 5236 signa
280 5161 504 5217 humanisoeulis
531 5171 603 5228 nala,
630 5166 984 5236 quaetotosempermundo
1036 5166 1116 5220 modo
1130 5164 1213 5229 enim,
1237 5165 1345 5235 quando
1369 5164 1416 5218 tibi
1440 5165 1613 5236 omnipotens
1640 5167 1715 5222 Deus
1738 5166 1824 5221 itinera

232 5310 245 5337 ⁸
256 5309 330 5357 Erant
339 5319 397 5368 ergo
408 5306 507 5370 gemelti
519 5308 663 5360 Benedictus
675 5310 918 5371 etScholustiea,uuo
935 5311 985 5361 sei·
1035 5308 1187 5360 Abundaulia
1201 5319 1286 5358 eorum
1297 5311 1375 5357 matre
1396 5319 1489 5370 ageris:
1504 5308 1570 5368 liae,
1584 5307 1675 5371 iuquit,
1698 5309 1823 5373 periclitata

186 5372 246 5424 lieet
260 5374 398 5435 partuoditi
413 5388 419 5423 :
434 5375 662 5425 nonenimunaiis
680 5376 767 5426 alicubi
782 5376 985 5439 mansioest,qui
1035 5375 1142 5438 inpartu
1165 5375 1273 5438 gerrrines
1296 5373 1380 5436 edidit,
1403 5373 1477 5424 filiurn
1495 5373 1590 5426 seilicet
1613 5375 1823 5436 benedictumet

187 5437 234 5488 sibl
246 5439 270 5487 in
282 5440 393 5490 eumdem
405 5441 484 5490 lecum
498 5445 551 5502 post
570 5441 698 5492 interualla
719 5443 862 5494 succedunt.
885 5444 985 5494 Trithe·
1035 5441 1109 5492 dham
1123 5441 1221 5492 nomine
1232 5440 1424 5493 scholasticam.

189 5504 591 5566 miusinlib.1,devirislllust.
622 5507 681 5562 Ord.
706 5510 732 5560 s.
758 5510 800 5575 B..
823 5522 847 5574 e,
880 5512 919 5572 t.,
954 5511 984 5562 de
