3826 6098
66 258 119 311 969
794 254 972 313 EPISTULA.
1662 257 1715 312 97⁰

67 386 235 450 praeceptum
250 395 328 435 suum
350 379 453 435 dudum
474 379 610 450 delegata,
636 387 716 452 atque
733 395 865 436 concessa
872 388 901 448 Α
915 394 969 433 uon
984 377 1021 432 ibi
1035 385 1186 442 morentur,
1203 377 1254 431 nisi
1270 384 1385 449 cogente
1401 373 1540 442 charitate,
1556 384 1600 431 aut
1615 394 1714 434 ueces-

63 475 89 520 et
103 476 198 536 postea
208 459 354 540 diligenter
364 468 473 539 provisa
487 469 685 540 aequanimitate
693 468 863 541 sibimetque,
918 468 995 521 sitate
1007 467 1091 520 abbas
1111 482 1172 521 cum
1193 465 1321 519 iratribus
1345 461 1549 535 postulaverint,
1573 472 1613 520 ter
1628 466 1714 537 siqui-

65 551 180 620 firmari,
197 564 224 609 et
253 564 313 626 qu‘ae
331 556 462 627 deinceps
490 573 505 611 a
533 557 693 628 quibusdam
710 557 865 611 timentibus
916 556 1038 626 damper
1049 570 1149 609 annum
1171 562 1216 608 aut
1244 553 1338 621 abbas,
1364 560 1408 606 aut
1432 552 1490 621 ejus
1505 551 1568 607 inde
1591 554 1716 610 monachi

66 643 153 697 Deum
169 643 268 698 ibidem
284 645 382 699 collata
396 645 504 710 l'uerint,
521 646 647 700 videlicet
661 646 696 700 ab
711 646 780 701 urbe
794 646 864 699 Der·
914 644 1084 698 Laudensem
1100 643 1259 714 episcopum
1287 643 1313 696 in
1329 656 1379 696 sua
1401 639 1519 695 ecclesia
1533 641 1680 698 honorifice
1691 651 1718 698 et

65 732 148 786 tbona
163 732 294 803 quidquid
308 733 342 788 da
370 733 428 804 ipsa
456 741 497 788 est
523 733 659 789 abbatiola
674 750 761 804 usquc
778 733 812 788 ad
823 733 864 804 ip·
915 731 1033 797 visitent,
1058 739 1085 786 et
1108 731 1283 802 recipiantur.
1309 732 1442 789 Praeterea
1466 730 1638 788 decernimus
1652 732 1716 786 atsi

65 821 336 877 summonasterium
351 822 377 876 iu
400 821 498 876 eodem
522 822 647 877 comitatu
670 822 861 889 Derthoneusi,
915 819 1037 888 ejusdem
1051 818 1204 874 monasterii
1220 820 1305 874 abbas
1333 837 1363 877 se
1378 822 1525 894 aliquando
1549 819 1716 893 praegravari

63 908 204 973 laonensi,
230 909 314 962 maris
334 910 423 965 littore
453 918 479 964 et
494 910 604 976 Tuscia,
637 926 744 966 necnon
774 910 864 966 vicum
914 907 1185 979 injusteoognoverit
1201 908 1347 963 abeodem
1369 911 1507 982 episcopo,
1531 911 1574 964 vel
1596 909 1666 974 aliis,
1683 909 1716 962 li·

64 996 235 1064 Arderatum,
266 998 474 1069 otl'asqualini,
506 1008 532 1053 et
550 999 863 1069 casamdePapiacum
914 995 978 1050 bere
994 995 1027 1049 ad
1042 1003 1163 1049 nostram
1179 996 1272 1050 sedem
1286 999 1464 1067 apostolicam
1485 999 1613 1070 appellet,
1631 1005 1716 1067 atque

65 1085 197 1139 massario
212 1086 239 1139 in
254 1084 368 1140 aurello.
386 1086 530 1157 Reliquum
545 1103 609 1142 vero
619 1087 703 1157 ipsius
718 1087 862 1142 abbatiolae
913 1083 947 1136 ad
961 1099 1019 1138 eam
1036 1081 1192 1154 coniugium
1208 1083 1296 1150 saciat,
1327 1093 1355 1140 ut
1371 1103 1419 1142 sua
1438 1095 1575 1142 mereatur
1591 1085 1717 1141 obtinere

64 1171 250 1228 laudunensis
279 1174 424 1246 episcopus
452 1176 487 1229 ad
514 1175 653 1229 utilitatem
669 1173 863 1231 suaeecclesiae
913 1170 1137 1244 irrefragabiliter
1149 1171 1210 1239 jura
1221 1173 1370 1242 apostolica
1389 1175 1440 1229 sibi
1455 1175 1599 1230 elementia
1630 1174 1697 1229 roho

61 1275 113 1330 pro
127 1260 297 1330 defensione,
327 1270 354 1317 et
382 1264 556 1319 excusatione
584 1264 744 1320 eorumdem
772 1279 863 1318 mona·
912 1267 982 1313 rata.
1001 1258 1068 1327 Quae
1082 1259 1105 1313 si
1121 1259 1181 1330 quis
1196 1261 1364 1333 praecognita
1387 1278 1574 1335 corrumpere,
1604 1262 1717 1332 ipsam·

62 1348 175 1404 chorum
190 1350 330 1418 retineret,
347 1353 552 1422 ucpossideret,
579 1352 729 1422 implorasti
759 1352 862 1408 scilicet
912 1363 965 1418 que
976 1348 1526 1421 sanctamcongregationemperturbare,
1544 1350 1587 1405 vel
1606 1350 1715 1421 inquie-

60 1454 111 1510 pro
126 1439 202 1494 omni
218 1440 330 1495 excubia
341 1449 368 1495 et
383 1441 554 1511 expeditione
570 1449 625 1495 tarn
640 1441 758 1511 palatina
780 1456 862 1512 quam
912 1443 968 1489 tare
983 1435 1170 1504 praetermisso
1199 1437 1359 1507 apostolico,
1389 1454 1437 1492 seu
1461 1438 1582 1511 regulari
1610 1438 1715 1507 judicio

61 1535 89 1583 et
102 1527 205 1583 hostili.
222 1529 279 1583 Nos
302 1528 385 1599 igitur
412 1545 462 1599 per
489 1530 616 1600 gratiam,
646 1538 672 1584 et
687 1537 859 1597 potestatem,
912 1522 1065 1588 tentaverit,
1083 1525 1168 1578 ethoc
1185 1532 1308 1579 nostrum
1319 1525 1491 1597 privilegium
1505 1542 1615 1599 quoquo
1633 1526 1715 1581 modo

61 1632 123 1687 quae
137 1616 217 1671 nobis
233 1631 249 1672 a
263 1617 321 1671 Deo
345 1618 531 1687 apostolorum
561 1618 665 1672 meritis
680 1617 778 1672 collata
794 1617 863 1672 sient
911 1625 1099 1680 corrumpere,
1115 1611 1142 1665 in
1157 1611 1254 1666 virtute
1270 1613 1355 1668 sancti
1380 1614 1507 1684 Spiritus,
1524 1630 1553 1668 se
1571 1614 1717 1668 beatorum

62 1701 860 1772 superiuscontineturambabuspartibusjuxtacommune
881 1698 1098 1798 Bapostolorum
1112 1714 1129 1752 a
1143 1700 1332 1755 commuuione
1361 1702 1483 1756 omniurn
1512 1702 1546 1756 sit
1574 1708 1717 1772 separatus

64 1796 168 1855 uotum,
185 1797 211 1843 et
225 1789 441 1845 moderationem
450 1805 567 1861 aequam,
579 1790 782 1865 apostolicaque
791 1805 860 1845 con·
912 1787 1046 1855 justorum
1063 1788 1240 1860 quoadusque
1264 1789 1347 1860 digna
1376 1790 1559 1845 satisfactione
1582 1790 1715 1845 bumilia—
1771 1820 1776 1827 ·

63 1875 205 1933 firmantes
217 1878 377 1933 auctoritate
392 1878 536 1933 statuimus
550 1887 660 1933 auctore
669 1878 785 1934 Domino
800 1879 865 1933 Jesu
915 1883 958 1930 tus
972 1875 1118 1930 emendare
1142 1875 1282 1941 studuerit,
1319 1894 1433 1949 quaeque
1449 1886 1545 1934 contra
1559 1878 1652 1949 ipsum
1668 1894 1716 1933 re-

61 1965 170 2021 Cbristo
184 1966 339 2022 inviolabile
355 1967 454 2022 amodo
470 1967 694 2038 sicpermanere.
721 1966 865 2023 sancimus
915 1964 1065 2019 verendum
1089 1962 1179 2019 locum
1207 1965 1242 2019 ad
1271 1965 1421 2036 periculum
1449 1965 1490 2020 sui
1511 1966 1634 2038 deliquit.
1664 1964 1717 2033 Qui

62 2065 174 2121 quoque
188 2058 216 2105 ut
226 2066 288 2106 curn
302 2066 425 2121 praesens
453 2051 576 2118 eJusdem
591 2050 643 2107 loci
663 2051 749 2105 abbas
778 2051 864 2107 acal·
914 2067 980 2106 aero
999 2058 1091 2106 custos
1115 2060 1141 2106 et
1164 2052 1325 2108 observator
1357 2054 1436 2122 hujus
1463 2054 1604 2124 apostolici
1626 2052 1714 2108 nostri

62 2138 167 2206 bertus,
184 2138 228 2194 vel
243 2139 300 2208 ejus
314 2154 488 2195 successores
507 2140 542 2194 ab
562 2140 612 2196 bac
635 2139 696 2195 luce
710 2139 801 2194 divina
817 2155 865 2194 vo-
914 2138 1049 2210 privilegii
1063 2139 1154 2205 luerit,
1170 2140 1386 2198 benedictionem
1400 2149 1427 2197 et
1441 2142 1581 2213 gratiarna
1595 2141 1714 2197 Domino

61 2226 170 2282 catione
185 2227 316 2283 subtracti
332 2226 441 2295 fuerint,
464 2244 519 2283 non
538 2228 656 2294 aliunde,
689 2227 739 2282 sed
756 2228 790 2284 de
804 2228 864 2299 ipsa
914 2236 1109 2300 consequatur.
1139 2227 1274 2299 Scriptum
1301 2246 1352 2301 per
1370 2247 1481 2286 manum
1511 2229 1624 2303 Georgii
1640 2229 1711 2285 scri-

61 2315 277 2388 oongregatione
292 2315 466 2371 concorditer
479 2317 655 2371 substituatur
671 2316 748 2382 alter,
761 2316 784 2370 si
800 2332 863 2372 vero
914 2316 982 2371 narii
997 2325 1099 2372 sanotae
1122 2317 1252 2373 Romaoae
1280 2318 1420 2385 Ecclesiae,
1444 2335 1539 2375 mense
1565 2318 1653 2385 lunio,
1671 2318 1712 2372 in·

60 2419 111 2474 pro
127 2403 189 2474 ipsa
216 2403 359 2470 electione,
386 2413 432 2458 aut
462 2403 576 2459 fratrum
612 2404 794 2470 dissensione,
820 2403 864 2459 vel
914 2404 1066 2465 dictiones.
1083 2405 1155 2460 Bene
1170 2405 1267 2461 valete.

63 2491 144 2546 etiam
160 2491 213 2546 alia
226 2491 344 2563 qualibet
359 2491 444 2562 ipsius
460 2491 514 2548 loci
527 2493 689 2548 necessitate
712 2492 864 2547 Laudensrs
949 2493 1047 2547 Datum
1069 2509 1086 2546 x
1111 2493 1170 2547 Kal.
1194 2494 1248 2548 Juli
1265 2510 1314 2564 per
1336 2510 1447 2549 manum
1472 2495 1626 2550 Zaccbariae
1640 2494 1712 2566 epis·

62 2580 209 2651 episcopus
224 2579 316 2651 utique
330 2581 475 2648 usualius,
492 2580 535 2636 vel
550 2581 609 2650 ejus
623 2580 700 2635 missi
714 2580 787 2636 idem
802 2595 863 2635 mo·
913 2580 974 2652 copi
989 2589 1016 2635 et
1026 2580 1232 2647 bibliothecarii,
1260 2591 1340 2654 atque
1362 2582 1439 2637 missi
1461 2583 1488 2638 S.
1511 2583 1584 2639 sedis
1598 2591 1711 2654 aposto·

62 2667 213 2722 nasterium
227 2675 273 2722 aut
288 2668 437 2734 cellas,aut
451 2678 541 2724 curtes
564 2669 622 2737 ejus
636 2669 725 2725 vocati
740 2669 767 2722 in
786 2669 863 2736 adju·
912 2667 982 2736 licae,
999 2668 1150 2740 imperante
1173 2670 1283 2725 domino
1302 2679 1397 2725 nostro
1426 2671 1548 2741 piissimo
1578 2679 1713 2743 perpetuo
1783 2676 1787 2683 “

60 2756 162 2812 terium
173 2756 295 2812 venerint
318 2773 372 2812 non
395 2759 537 2830 plusquam
552 2757 662 2830 triginta
689 2757 823 2822 homiues,
836 2766 864 2812 et
913 2760 1036 2828 Augusto
1065 2757 1160 2812 Carolo
1189 2758 1279 2813 abeo
1308 2766 1437 2814 coronato
1462 2775 1563 2833 magno
1592 2760 1713 2831 impera·

61 2843 183 2901 caballos
210 2844 391 2918 quadraginta
419 2846 581 2911 conducant,
613 2846 710 2917 quibus
739 2861 772 2901 ex
796 2845 863 2917 ipsis
912 2852 970 2900 tore
986 2860 1057 2900 anno
1072 2860 1111 2912 ru,
1139 2853 1240 2916 etpost
1255 2846 1423 2903 consulatum
1439 2846 1496 2915 ejus
1516 2863 1589 2903 anno
1603 2863 1643 2916 ιιι,
1669 2848 1714 2903 in·

61 2932 222 2989 monasterii
237 2933 320 2988 rebus
328 2934 424 2989 dentur
439 2934 584 3005 stipendia,
602 2942 628 2991 et
643 2935 714 2989 ultra
743 2933 862 2989 triduum
912 2932 976 2988 dict.
993 2947 1011 2987 1.

519 3252 848 3382 ulatur
919 3251 1181 3378 unum
1243 3252 1277 3418 ι

570 3460 740 3518 EPISTOLA
760 3462 808 3517 Ab
827 3461 1019 3519 MONACHOS
1037 3462 1061 3516 J.
1082 3461 1211 3518 AEGlDll.

789 3615 879 3686 (Auno
895 3615 970 3685 883.)

619 3764 744 3834 Proeficit
759 3765 901 3821 cimelium
910 3768 1112 3837 presbyteram.

223 3918 265 3988 (ln
281 3916 389 3988 probat.
405 3930 484 3970 novae
497 3913 561 3968 hist.
577 3913 707 3980 Nemaus,
723 3929 788 3986 pag.
804 3917 848 3980 lb,
865 3913 938 3984 apud
949 3912 981 3967 D.
1000 3913 1085 3984 Bouq.
1105 3909 1202 3985 Script.
1223 3928 1316 3970 rarum
1332 3912 1439 3986 Frena,
1453 3923 1479 3989 t..
1490 3914 1552 3990 tx.)

97 4151 227 4206 unarum
242 4149 395 4220 episcopus,
418 4162 514 4202 servus
526 4161 667 4201 servorum
692 4146 752 4213 Dei,
768 4145 858 4200 omni·
873 4148 968 4211 Crnus
980 4152 1007 4199 et
1023 4142 1112 4214 ipsum
1133 4152 1254 4200 vestrum
1269 4145 1472 4215 monasterium,
1495 4163 1557 4201 curn
1579 4149 1704 4204 omuibus

61 4239 115 4294 bus
130 4238 256 4293 fidelibus
270 4236 371 4292 uostris
393 4233 534 4290 monachis
559 4235 593 4289 de
608 4234 770 4289 monasterio
785 4232 858 4304 quod
909 4233 966 4287 suis
982 4232 1161 4301 pertinentiis,
1178 4234 1213 4287 ad
1230 4234 1387 4298 tenendum,
1404 4241 1430 4287 et
1440 4248 1488 4288 vos
1503 4235 1653 4304 regendum
1668 4244 1706 4290 at-

61 4335 174 4385 vaoatur
190 4324 426 4390 Vallis-Flaviana,
442 4322 558 4378 salutern
577 4330 603 4378 et
616 4321 793 4392 apostolicam
807 4320 857 4375 be·
909 4336 962 4392 que
977 4318 1196 4389 gubernandum,
1213 4320 1285 4373 salva
1297 4320 1427 4390 pensione
1441 4320 1520 4375 nobis
1535 4326 1626 4376 annua
1640 4339 1704 4393 per·

59 4416 255 4473 sedictionem.
909 4406 1048 4462 solvenda.
1067 4406 1145 4467 Unde
1159 4406 1238 4461 robis
1253 4407 1424 4477 praecipimus
1440 4415 1467 4460 ut
1477 4423 1539 4462 eum
1554 4408 1703 4465 honorilice

99 4505 243 4576 Cognitum
271 4501 385 4558 facimus
410 4499 537 4555 omnibus
564 4498 642 4554 vobis
658 4498 721 4570 quia
736 4512 873 4568 praesens-
908 4495 1071 4565 suscipiatis,
1088 4504 1114 4549 et
1128 4509 1191 4548 eum
1206 4502 1234 4548 ut
1250 4494 1390 4564 praelatum
1405 4496 1556 4551 cumomni
1571 4497 1702 4568 religione

62 4594 186 4649 Amelrus
211 4591 354 4664 religiosus
375 4589 520 4660 presbyter
539 4595 633 4643 noster
653 4585 858 4641 commendatus
907 4583 1039 4648 babeatis,
1056 4582 1101 4654 qui
1116 4598 1177 4637 eum
1192 4582 1225 4636 ad
1242 4581 1401 4638 salvandum
1415 4592 1441 4639 et
1456 4584 1607 4657 regendum
1621 4600 1705 4656 super

56 4679 146 4740 factus
163 4687 214 4736 est.
231 4679 310 4736 Unde
325 4686 354 4737 et
381 4692 433 4732 nos
446 4691 496 4747 pro
512 4691 560 4730 sua
585 4672 713 4729 fidelitate
728 4672 858 4729 concedi·
908 4687 958 4728 vos
973 4669 1168 4728 ordinavimus.
1182 4671 1254 4727 Beue
1264 4670 1363 4727 valete.
