3826 6098
106 252 160 306 tls
695 245 873 304 EPISLOLAE
899 243 945 301 ET
968 246 1141 307 DECRETA.
1703 251 1755 307 'tlt

109 372 231 429 tionibus
245 370 382 443 quatimur
394 384 427 427 ac
445 377 600 436 aestuamus,
616 378 643 426 et
656 386 707 442 pro
721 370 814 442 populi
828 370 907 426 nobis
921 370 948 431 A
960 382 1072 441 avertat,
1084 373 1236 445 proveniat,
1252 389 1364 430 manum
1372 391 1427 432 suae
1441 374 1609 433 defensionis
1619 376 1755 446 exhibeat,

109 459 250 517 commissi
273 459 389 514 miseriis
409 458 573 526 cruciamur,
596 459 694 515 vestris
712 458 909 516 consolationi·
960 473 986 518 et
1000 465 1069 520 hanc
1083 471 1195 530 terram,
1211 481 1272 535 quae
1288 463 1330 519 sui
1344 464 1452 536 imperii
1467 473 1547 536 caput
1562 473 1612 535 est,
1627 466 1663 521 ad
1677 465 1759 522 liber·

110 548 163 604 bus
185 547 281 604 reiecti
304 546 437 611 laetemur,
453 555 480 602 et
493 563 543 618 per
557 562 606 604 uos
626 547 820 621 tranquillitate
842 564 909 619 per·
959 560 1040 608 tatem
1055 553 1177 623 redueat,
1194 569 1227 607 ne
1242 553 1352 625 quando
1367 554 1457 608 dicant
1471 562 1578 627 gentes,
1595 553 1641 609 ubi
1656 561 1698 609 est
1707 553 1759 608 im·

110 645 201 709 eepta,
218 643 337 708 optatam
355 635 518 702 libertatem,
537 636 607 692 siout
622 636 709 706 decet,
733 653 783 708 per
798 645 852 692 tem
865 635 911 692 be
959 651 1071 712 perator
1084 642 1179 697 illius?
1194 640 1334 710 Quatenus
1350 651 1376 698 et
1389 643 1469 698 nobis
1484 658 1547 714 spes
1559 642 1702 710 evadendi,
1717 642 1758 700 vi·

110 725 227 796 nignum
236 724 432 796 imperatorem
446 724 578 795 consequi
587 741 752 781 mereamur.
768 726 910 780 Postremo
960 730 1095 802 vendique
1106 738 1255 796 remaneat,
1265 738 1291 785 et
1300 730 1661 802 priusquamhiemsvelver
1670 740 1760 788 trans·

110 812 309 868 sublimitatem
329 820 450 869 uestram
471 812 645 884 deposcimus
664 822 693 867 ut
713 813 813 868 latores
836 829 910 884 prae·
961 827 1015 885 eat,
1031 826 1123 874 contra
1144 819 1255 875 eosdem
1268 835 1392 891 paganos
1415 821 1508 876 Romae
1522 819 1575 875 sint
1588 819 1662 875 illius
1675 836 1758 878 exer-

109 901 241 968 sentium,
259 901 369 957 Petrum
390 901 495 958 seilicet
513 909 595 972 atque
609 903 720 957 Petrum
740 901 911 957 venerabiles
962 906 1030 962 citus
1044 915 1198 978 praeparata
1216 907 1347 962 subsidia.
1360 907 1488 978 Alioquin
1503 915 1550 962 aut
1567 908 1759 980 omuinoperi·

107 990 275 1061 episcopos,
309 989 408 1045 missos
440 989 597 1061 apostolicae
629 990 712 1057 sedis,
747 999 912 1062 nostrosque
963 995 1038 1061 bunt,
1076 1003 1121 1050 aut
1144 996 1230 1051 coacti
1246 1004 1275 1050 ut
1299 995 1385 1051 solam
1400 995 1483 1050 vitam
1507 995 1643 1052 redimere
1664 996 1760 1054 valea-

110 1077 241 1143 dilectos‚
255 1078 330 1146 juxta
344 1093 448 1134 morem
462 1078 580 1151 benigne
595 1093 628 1135 ac
642 1075 756 1149 pacifice
771 1077 912 1148 suscipere
962 1100 1032 1153 mus,
1057 1083 1097 1139 eis
1125 1083 1169 1155 qui
1193 1083 1272 1138 uobis
1300 1081 1486 1150 dominantur,
1516 1084 1759 1157 quomodocunque

109 1182 170 1222 non
193 1165 390 1238 dedignemini,
415 1173 443 1221 et
465 1181 498 1221 ea
522 1182 583 1238 quae
605 1167 658 1237 piis
682 1167 779 1222 vestris
803 1165 913 1222 auribus
963 1171 1147 1241 subjiciemur.
1178 1172 1245 1227 Data
1273 1187 1301 1226 tv
1326 1173 1390 1227 Idus
1425 1172 1584 1240 Febuarias,
1612 1172 1760 1230 indictione

107 1270 166 1325 pro
180 1254 295 1310 utilitate
310 1262 410 1311 sanotae
429 1255 558 1310 Romane
578 1254 708 1310 Ecclesiae
724 1255 752 1310 in
766 1261 913 1325 conspeetu
964 1260 1080 1317 decima.

107 1351 206 1399 restro
221 1342 372 1409 retulerint,
390 1343 425 1398 ad
439 1359 588 1416 congruum
603 1358 636 1401 ac
650 1352 829 1415 opportunum
845 1341 914 1399 elie-
1353 1348 1411 1403 LX.

108 1439 190 1488 ctum
205 1431 359 1502 pervenire,
379 1448 429 1503 pro
444 1431 544 1487 sanetis
558 1431 690 1502 apostolis
714 1432 814 1487 restris
827 1431 914 1487 inter·
1105 1451 1143 1490 au
1157 1450 1284 1491 annotatt
1299 1451 1409 1491 oaavutt
1424 1451 1632 1495 manntroutut.

106 1520 273 1577 cessoribua
297 1520 369 1590 apud
398 1520 496 1589 Deum,
521 1520 647 1577 celeriter
674 1520 815 1576 studeatis.
846 1521 915 1576 Data
1248 1524 1338 1596 (hano
1353 1524 1429 1596 877.)

109 1617 214 1681 quarto
228 1609 293 1665 ldus
306 1608 479 1675 Februarias,
496 1608 641 1665 indictione
655 1608 782 1666 decima..
964 1613 1053 1670 liitttt
1073 1614 1240 1685 imperatori
1260 1614 1397 1684 palmam,
1423 1618 1452 1668 et
1474 1631 1492 1669 a
1512 1616 1609 1681 malis,
1630 1615 1761 1687 qulbuaa

472 1715 544 1770 LIX.
931 1723 957 1782 Β
1003 1702 1152 1760 Saracenis
1167 1702 1315 1773 pravaque
1325 1702 1494 1758 Christianis
1510 1703 1661 1775 carpebatur
1678 1718 1764 1777 capa·

332 1816 369 1858 an
383 1818 527 1859 alcuinum
543 1816 698 1860 auousrau.
1002 1792 1076 1855 titis,
1092 1790 1205 1846 auxilia
1219 1790 1299 1860 petit.

425 1893 516 1962 (Anno
533 1891 606 1963 877),
1000 1879 1127 1932 ioannes
1141 1877 1285 1948 episcopus
1300 1877 1411 1932 Ctaouo
1425 1877 1594 1948 imperatori.

106 1981 147 2040 ηε
162 1982 366 2053 {mmmm
380 1983 528 2053 ,onmem
541 1997 626 2037 ,uum
641 1981 677 2036 ,g
691 1995 770 2052 ,pem
785 1979 917 2036 gggrggaoe
1002 1967 1076 2022 luter
1088 1973 1184 2022 caetera
1195 1981 1338 2036 quae,vera
1347 1974 1488 2022 crescente
1500 1966 1642 2038 religione,
1655 1967 1690 2021 ab
1699 1965 1766 2023 olim

244 2054 454 2124 quamprimum
467 2053 615 2122 ferendam
630 2052 769 2108 hortetur.
967 2054 1150 2112 ecclesiastica
1161 2054 1232 2110 sacta
1246 2062 1344 2110 vestrae
1358 2054 1450 2125 pietati
1464 2053 1589 2109 duximus
1603 2054 1763 2122 intimanda,

148 2141 282 2195 ioannes
295 2139 439 2210 episcopus
454 2140 581 2195 Rroutanr
596 2142 737 2213 Augustae.
967 2143 1110 2207 virentium
1125 2142 1202 2199 vobis
1225 2143 1379 2214 palmarum
1394 2159 1457 2199 ecce
1482 2142 1607 2197 bravium
1621 2142 1763 2213 mittimus,

149 2226 241 2283 uultu
254 2234 364 2298 peracto
375 2228 432 2296 iam
447 2235 579 2298 ternpore,
591 2235 647 2283 tarn
661 2228 695 2283 ad
706 2226 855 2298 spiritualis
870 2224 920 2283 atii
969 2232 1041 2303 quod
1064 2231 1212 2303 Apostolus
1235 2247 1290 2287 non
1305 2247 1400 2287 omnes
1416 2231 1462 2303 qui
1482 2238 1602 2297 currunt,
1620 2230 1667 2285 sed
1682 2246 1765 2287 unum

100 2315 207 2372 nostri
220 2315 336 2388 Augusti
345 2331 426 2388 quam
441 2315 606 2384 advestram
621 2316 793 2372 invisendam
803 2315 919 2370 clemen·
968 2329 1081 2392 propter
1095 2319 1227 2375 unitatem
1246 2319 1367 2392 legitime
1383 2318 1545 2375 certantium
1560 2318 1685 2388 accipere
1699 2333 1765 2390 pro·

96 2405 184 2460 tiam
198 2403 299 2459 missos
321 2403 477 2474 apostolicae
498 2402 572 2459 sedis
587 2404 723 2459 destinare
749 2402 918 2459 desideravi·
968 2416 1084 2464 testatur
1106 2408 1137 2480 (l
1161 2410 1222 2466 Car.
1247 2410 1303 2478 ιιι).
1327 2407 1507 2479 Quapropter,
1532 2405 1571 2462 fili
1594 2405 1766 2474 charissime,
1842 2414 1846 2419 “

96 2507 191 2557 anus,
222 2498 353 2563 quatenus
377 2499 404 2547 et
424 2492 459 2547 de
482 2491 622 2564 utriusque
647 2492 774 2563 sospitate
801 2492 919 2548 laetiores
970 2498 1049 2569 quasi
1073 2503 1232 2568 praesentes,
1264 2495 1413 2551 incurvatis
1434 2495 1552 2567 genibus
1580 2502 1607 2550 et
1630 2493 1768 2551 submisso

98 2578 302 2646 efficeremur,
332 2589 358 2636 et
385 2579 463 2636 nobis
492 2580 654 2645 commissae,
685 2587 785 2636 sanotae
817 2579 920 2636 scilicet
970 2584 1490 2657 eapite,deprecamuretobsecramus,
1503 2580 1769 2655 utitalegitimeoel·

96 2667 216 2724 matris
232 2675 339 2735 vestrm,
356 2670 486 2725 Romane
505 2668 636 2724 Ecclesia
654 2668 823 2724 calamitates
839 2676 920 2739 atque
970 2675 1059 2730 situdo
1073 2681 1165 2730 vestra
1178 2673 1206 2728 in
1222 2673 1301 2742 hujus
1326 2672 1419 2728 saeculi
1433 2671 1520 2727 stadio
1532 2687 1583 2742 pro
1599 2670 1699 2726 Christi
1712 2671 1769 2726 Ec·

94 2755 327 2830 oppr0⁸⁸it>110⁵‚
342 2771 411 2828 (luti
426 2772 442 2812 a
456 2756 616 2812 Christianis
631 2764 658 2812 et
673 2756 708 2812 ab
722 2756 822 2828 iniquis
837 2771 922 2828 peue-
971 2762 1053 2819 alesia
1068 2776 1190 2827 currere,
1202 2760 1240 2816 ita
1247 2760 1390 2816 decertare
1404 2760 1558 2828 contendat,
1574 2766 1668 2815 utnon
1682 2757 1771 2814 solum

94 2846 158 2902 nis
189 2844 250 2900 sine
271 2845 423 2902 cessatione
445 2845 574 2916 patimur,
599 2845 634 2900 ad
657 2844 815 2900 memoriam
836 2845 921 2900 redu·
971 2848 1174 2906 bravioviotrix
1188 2848 1401 2904 vestradertera
1415 2848 1676 2914 edometur,verum
1691 2845 1773 2902 etiarn

93 2941 229 3002 centes,
244 2931 278 2988 ab
302 2933 400 2990 eodem
422 2936 547 3006 Augusto
570 2933 785 2990 consolationem
800 2939 826 2989 et
841 2940 921 3005 opta-
972 2938 1189 2995 sacratissimum
1217 2944 1298 3007 caput
1321 2936 1476 2992 diademate
1497 2934 1594 3008 gloriae
1616 2934 1771 3000 decoretur,

90 3028 173 3079 um
206 3036 297 3092 opem,
328 3021 398 3078 sicut
434 3021 613 3093 sperabamus
640 3022 750 3078 tandem
776 3021 922 3093 aliquando
972 3027 1027 3083 irno
1051 3043 1102 3098 pro
1126 3025 1279 3082 visibilibus
1293 3024 1336 3079 his
1350 3032 1377 3080 et
1391 3023 1624 3094 corruptibilibus,
1641 3037 1696 3078 non
1716 3029 1774 3077 tan-

89 3109 258 3182 consequi
280 3125 459 3166 mereremur.
476 3110 529 3165 Sed
544 3109 665 3166 omnium
685 3109 792 3166 viarum
805 3109 923 3165 aditibus
973 3124 1030 3171 tum
1044 3115 1169 3187 palmam,
1187 3114 1236 3169 sed
1250 3121 1276 3168 et
1296 3127 1425 3170 eoronam
1447 3112 1560 3182 accipiat
1574 3111 1770 3181 incorruptam.

86 3213 121 3256 a
138 3197 236 3255 malis
259 3196 380 3253 obsessis
404 3197 568 3264 hominihus,
584 3198 645 3270 plus
660 3214 710 3254 nos
729 3198 857 3270 compulit
871 3198 923 3254 do·
975 3203 1038 3268 Sed,
1055 3203 1119 3269 heu,
1131 3201 1509 3270 clementissimeimperator,
1525 3214 1590 3255 ecce
1600 3198 1666 3252 dum
1676 3197 1710 3251 ad
1722 3195 1775 3251 alia

82 3282 155 3345 lor
173 3286 320 3357 lacrymas
334 3285 449 3342 tundere
458 3302 540 3359 quam
551 3287 628 3343 locus
641 3294 746 3358 pateret
761 3285 797 3342 ad
811 3302 860 3342 vos
875 3301 924 3341 no·
974 3289 1123 3358 intenditis,
1139 3297 1227 3344 mater
1241 3297 1340 3358 vestra,
1357 3295 1452 3342 sancta
1466 3285 1592 3343 videlicet
1605 3285 1664 3341 haec
1678 3281 1776 3340 Eccle-

83 3386 196 3433 stros
217 3373 319 3431 nussos
339 3374 477 3448 dirigere:
491 3375 555 3446 quia
570 3392 604 3432 ex
622 3392 687 3442 uno,
704 3365 772 3432 sicut
797 3374 922 3443 diximus,
976 3379 1026 3446 sia,
1042 3394 1104 3450 quae
1117 3393 1166 3433 vos
1182 3376 1365 3448 spiritualiter,
1390 3375 1494 3446 genuit,
1520 3372 1689 3445 periclitatur
1704 3379 1731 3428 et
1745 3369 1775 3430 in

77 3459 281 3531 Christiani,
297 3463 400 3520 exalia
424 3464 526 3537 pagani
540 3464 576 3519 ita
590 3480 641 3519 nos
655 3463 804 3519 crudeliter
826 3478 925 3534 perse·
975 3466 1154 3523 novissimum
1176 3465 1284 3520 devenit
1300 3464 1432 3520 exitium:
1446 3462 1510 3518 hinc
1531 3461 1663 3517 iudanon
1687 3457 1775 3516 solum

77 3559 255 3629 quuntur,
270 3558 299 3607 ut
313 3550 379 3607 solis
400 3552 536 3608 moenihus
559 3552 639 3608 Urbis
656 3551 767 3619 relictis,
792 3550 884 3606 omnia
898 3549 926 3605 in
976 3553 1156 3610 tahemaoulis
1178 3553 1250 3608 hanc
1274 3552 1456 3607 ldumaeorum
1475 3558 1503 3606 et
1525 3549 1733 3616 ismaelitarum,
1749 3552 1778 3603 at

73 3639 239 3700 circuitu
269 3638 352 3713 longe
374 3640 482 3713 lateque
512 3649 673 3712 consumpta
696 3640 823 3706 habeant,
849 3646 875 3694 et
898 3638 926 3693 in
976 3642 1109 3716 Agoranis
1125 3640 1282 3714 quotidiano
1295 3639 1387 3713 gladio
1401 3646 1427 3694 et
1437 3637 1591 3709 captivitate
1604 3636 1632 3691 iu
1640 3635 1778 3691 interitum

70 3728 302 3790 solitudinem
322 3744 435 3800 prorsus
458 3729 577 3785 redacta.
594 3732 617 3784 Α
633 3728 731 3800 quibus
753 3744 804 3800 per
823 3735 926 3782 tantum
977 3731 1188 3802 impellentibus,
1211 3745 1306 3785 verum
1331 3728 1413 3783 etiam
1428 3727 1504 3782 falsis
1520 3724 1582 3780 filiis
1606 3725 1691 3794 Sarae,
1707 3737 1778 3795 quoa

64 3812 319 3894 imperatorem
339 3817 454 3873 relevari
472 3819 530 3887 jam
545 3817 724 3873 credebamus
738 3823 765 3872 et
781 3831 927 3887 recupera·
978 3820 1078 3891 optime
1093 3819 1188 3886 nostis,
1204 3818 1232 3873 in
1246 3817 1366 3887 praedam
1381 3824 1408 3872 et
1420 3814 1600 3886 direptionem
1613 3811 1777 3868 miserabili-

60 3907 226 3967 tionem
252 3904 369 3977 aliquam
388 3905 432 3961 vel
456 3905 592 3961 medelam
616 3904 730 3976 adipisci
752 3920 927 3975 summopere
979 3916 1020 3964 ter
1034 3906 1256 3974 immittentibus3
1273 3905 1309 3961 ita
1323 3913 1352 3960 ut
1367 3912 1393 3960 et
1407 3904 1446 3960 illi
1461 3920 1534 3975 saepe
1555 3919 1642 3975 usque
1665 3900 1700 3956 ad
1712 3915 1776 3956 mu-

59 3993 372 4065 Draestolabamun
389 3993 438 4049 sed
460 4009 524 4050 ecoe
547 4010 598 4065 pro
613 3994 731 4064 peccatis
755 3993 856 4049 nostris
869 3992 928 4048 aliis
979 4013 1025 4053 ros
1035 3996 1117 4054 Urbis
1126 3994 1250 4067 quamvis
1260 3992 1436 4050 clandestinis
1450 3992 1523 4048 horis
1534 3989 1717 4063 pervenerint,
1730 3984 1780 4044 sed

59 4082 245 4160 negotiis
269 4081 430 4153 implicatus,
460 4082 539 4137 nobis
568 4082 698 4137 hactenus
727 4081 829 4137 distulit
856 4081 929 4136 ferre
980 4093 1007 4141 et
1028 4085 1186 4140 Tiberinum
1209 4083 1330 4149 fluvium,
1347 4083 1394 4154 qui
1417 4080 1482 4138 olim
1504 4080 1602 4135 Albula
1624 4078 1777 4145 dicebatur,

56 4171 297 4243 praesidium.
319 4170 354 4225 Et
377 4171 439 4242 quia
456 4171 514 4240 J'am
537 4170 671 4226 sustinere
693 4186 747 4226 non
771 4185 927 4241 possumus,
977 4174 1054 4243 juxta
1069 4173 1230 4230 Sabinorum
1253 4170 1370 4228 confinia
1391 4168 1617 4241 pertransierint·,
1634 4175 1661 4223 et
1675 4167 1721 4222 isti
1735 4163 1782 4239 qui

57 4262 248 4334 gloriam
270 4265 388 4314 vestram
412 4258 594 4331 multipliciter
617 4259 806 4330 deprecamur,
826 4267 856 4314 ut
871 4258 930 4314 vioe
980 4260 1060 4316 nobis
1073 4260 1154 4317 vicini
1170 4267 1242 4324 sunt,
1259 4276 1293 4314 ex
1308 4258 1393 4313 altera
1416 4265 1492 4327 parte
1507 4256 1545 4311 ita
1560 4254 1674 4311 saeviant
1688 4261 1716 4309 et
1729 4253 1781 4310 de·

53 4358 219 4412 nostra
235 4345 323 4414 freta,
340 4347 452 4403 sumatis
466 4348 494 4402 in
506 4346 625 4403 femineo
646 4363 712 4403 sexu
728 4347 804 4403 virile
819 4353 926 4417 pectus,
981 4349 1158 4414 bacchantur,
1174 4355 1271 4401 utnon
1285 4345 1433 4408 hominem,
1456 4358 1510 4398 non
1533 4358 1639 4414 agrum,
1664 4356 1717 4397 non
1733 4340 1781 4410 Ju-

58 4451 124 4500 ea
140 4452 216 4515 pro
232 4450 330 4491 amore
345 4444 501 4492 sanctorum
515 4436 700 4507 apostolomm
715 4435 786 4491 Petri
801 4444 828 4490 et
842 4434 929 4500 Pauli,
945 4427 1111 4501 Dmentum,
1127 4450 1183 4489 non
1197 4450 1293 4505 pecus,
1305 4448 1360 4487 non
1375 4430 1519 4503 quidquam
1535 4446 1568 4485 ex
1583 4429 1626 4484 his
1642 4444 1702 4501 quas
1717 4443 1782 4483 san·

55 4540 247 4604 quorum
276 4523 315 4578 ita
342 4532 384 4580 est
410 4524 581 4580 devastatum
609 4524 765 4590 terminum,
789 4531 818 4578 ut
840 4521 929 4594 magis
980 4524 1015 4582 oti
1028 4523 1100 4578 Petri
1114 4523 1182 4592 juris
1196 4521 1324 4586 existunt,
1344 4519 1478 4575 dimittere
1491 4519 1637 4590 patiantur,
1655 4516 1704 4572 sed
1719 4531 1781 4572 om-

50 4606 208 4678 libeat
232 4611 313 4678 flere,
339 4627 421 4684 quam
445 4612 546 4679 dicere,
572 4612 663 4668 tandiu
686 4612 757 4683 apud
780 4610 930 4683 piissimum
980 4612 1026 4667 nia
1041 4627 1102 4683 quae
1123 4609 1202 4666 oculo
1224 4608 1315 4665 vident
1337 4607 1567 4677 manudiripiant,
1583 4613 1608 4661 et
1622 4604 1695 4660 mala
1719 4616 1782 4676 quae

51 4697 325 4782 imperatorem
340 4708 464 4756 nostrum
482 4701 622 4769 insistatis,
640 4715 781 4772 quousque
795 4708 821 4755 et
835 4705 931 4756 contra
980 4699 1100 4772 cogitant
1114 4698 1173 4777 siue
1188 4713 1266 4753 mora
1280 4695 1429 4769 perficiant.
1442 4697 1506 4751 Haec
1520 4701 1592 4760 sunt,
1610 4691 1782 4760 charissime,

35 4800 257 4872 ‚paganos
279 4803 360 4860 opem
382 4789 511 4861 prebeat,
528 4798 555 4845 et
570 4788 735 4844 Christianos
756 4802 932 4859 compescere
982 4789 1016 4845 de
1031 4786 1273 4844 innumerabilibus
1297 4800 1394 4857 pauca,
1421 4799 1483 4855 quae
1505 4789 1593 4837 mater
1615 4788 1705 4838 vestra
1724 4781 1782 4838 Ro-

50 4882 262 4952 gaudeat.
286 4875 421 4945 Quoniam
444 4876 506 4932 ideo
529 4876 604 4932 illurn
623 4884 699 4931 tauto
722 4876 875 4932 diademate
898 4874 932 4929 ab
981 4893 1072 4947 mana,
1087 4876 1158 4949 proh
1172 4873 1270 4931 dolori
1286 4874 1382 4929 diebus
1401 4871 1501 4929 vestris
1515 4869 1616 4942 periert
1637 4868 1782 4938 Ecclesiae

50 4975 182 5032 olim
216 4963 334 5039 quidem
357 4980 373 5020 a
393 4965 474 5020 nobis
498 4972 683 5036 exspectatum
706 4979 738 5020 eo
759 4964 933 5035 praeelectum
982 4965 1060 5039 quasi
1070 4981 1125 5020 uon
1140 4980 1190 5021 vos
1200 4960 1354 5034 specialiter
1364 4976 1397 5015 ex
1412 4959 1537 5014 omnibus
1548 4968 1575 5014 et
1585 4974 1642 5030 prae
1656 4956 1784 5013 omnibus

53 5052 409 5122 decorecuravimus,
421 5060 451 5108 ut
460 5061 562 5109 sancte
570 5054 700 5109 Romane
709 5052 840 5108 Ecclesia
854 5067 934 5107 recu·
983 5053 1122 5118 amaverit,
1148 5049 1303 5107 invitaverit
1317 5056 1343 5104 et
1358 5046 1493 5114 extulerit,
1511 5046 1554 5102 vel
1570 5045 1648 5118 quasi
1663 5060 1713 5101 nos
1727 5058 1783 5100 uon

49 5144 236 5213 peratio
257 5148 287 5196 et
309 5141 451 5207 securitas,
477 5156 558 5213 quarn
583 5141 738 5211 ademptam
761 5139 931 5208 dolebamus,
983 5158 1042 5207 vos,
1068 5148 1177 5196 auctore
1200 5139 1267 5200 Deo,
1283 5136 1311 5190 in
1329 5136 1474 5206 imperium
1498 5132 1733 5199 coronaverimus,
1754 5135 1782 5188 et

51 5241 161 5301 Der
179 5230 275 5306 pium
289 5227 408 5284 studium
422 5229 491 5298 eius,
504 5245 558 5300 quo
573 5245 682 5300 semper
695 5227 845 5296 fruebatur,
862 5227 935 5283 redi·
983 5230 1126 5286 vobiscum
1137 5227 1163 5281 in
1179 5225 1314 5292 omnibus,
1330 5224 1407 5295 quasi
1416 5239 1478 5279 aum
1489 5218 1689 5293 sapientissimo
1705 5218 1784 5276 Salo·

55 5331 163 5383 ret.
186 5319 383 5390 Quapropter,
400 5316 563 5372 charissima
574 5315 638 5387 filia,
655 5333 706 5387 per
720 5317 807 5371 Deum
823 5331 872 5371 vos
887 5314 935 5370 ad·
983 5333 1074 5382 mone,
1087 5324 1115 5370 ut
1126 5314 1261 5386 quondam
1272 5313 1317 5367 ille
1327 5311 1416 5368 fidelis
1426 5310 1532 5367 Sadoeh
1544 5309 1674 5365 sacerdos
1684 5309 1710 5376 (l
1717 5311 1781 5381 lieg,

47 5404 265 5474 juramus,
280 5411 431 5476 opportune
441 5405 595 5476 importune
609 5404 734 5469 insistite,
746 5410 775 5458 ut
789 5412 934 5475 autequam
984 5406 1015 5477 ι),
1041 5404 1172 5459 adversus
1196 5402 1312 5456 alterum
1328 5401 1362 5455 ad
1377 5400 1469 5455 omnia
1490 5398 1601 5453 minime
1616 5398 1782 5464 steterimus,

70 5493 134 5555 in
159 5501 235 5572 ipsa
261 5493 330 5548 urbe
344 5492 475 5548 Romulea
494 5491 568 5548 aliud
592 5492 752 5563 periculum,
769 5491 842 5563 quod
861 5493 935 5547 Deus
985 5508 1036 5550 nec
1049 5499 1147 5548 cuncta
1162 5507 1221 5562 quae
1236 5505 1285 5560 pro
1294 5488 1371 5544 vobis
1380 5487 1555 5544 debuerimus
1570 5485 1671 5551 iacere,
1691 5483 1787 5541 leceri-

263 5606 384 5662 Paraoa.
402 5605 524 5664 CXXVI.
1610 5594 1645 5649 23
