<?xml version="1.0" encoding="UTF-8"?>
<!DOCTYPE html PUBLIC "-//W3C//DTD XHTML 1.0 Transitional//EN"
    "http://www.w3.org/TR/xhtml1/DTD/xhtml1-transitional.dtd">
<html xmlns="http://www.w3.org/1999/xhtml" xml:lang="en" lang="en">
 <head>
  <title>
</title>
<meta http-equiv="Content-Type" content="text/html;charset=utf-8" />
  <meta name='ocr-system' content='tesseract 3.04.00' />
  <meta name='ocr-capabilities' content='ocr_page ocr_carea ocr_par ocr_line ocrx_word'/>
</head>
<body>
  <div class='ocr_page' id='page_1' title='image "./patrologiaecurs81unkngoog/patrologiaecurs81unkngoog_0081.png"; bbox 0 0 3794 6104; ppageno 0'>
   <div class='ocr_carea' id='block_1_1' title="bbox 61 159 1758 271">
    <p class='ocr_par' dir='ltr' id='par_1_1' title="bbox 61 159 1758 271">
     <span class='ocr_line' id='line_1_1' title="bbox 61 159 1758 271; baseline -0.011 -22"><span class='ocrx_word' id='word_1_1' title='bbox 61 159 64 162; x_wconf 64' lang='grc'>’</span> <span class='ocrx_word' id='word_1_2' title='bbox 114 193 164 250; x_wconf 80' lang='lat' dir='ltr'>ast</span> <span class='ocrx_word' id='word_1_3' title='bbox 601 183 772 271; x_wconf 85' lang='lat' dir='ltr'>mucuam</span> <span class='ocrx_word' id='word_1_4' title='bbox 785 176 985 239; x_wconf 84' lang='lat' dir='ltr'>ausuausxs</span> <span class='ocrx_word' id='word_1_5' title='bbox 1006 175 1281 235; x_wconf 80' lang='lat' dir='ltr'>xacmmrscorr.</span> <span class='ocrx_word' id='word_1_6' title='bbox 1707 177 1758 231; x_wconf 78' lang='lat' dir='ltr'>aaa</span> 
     </span>
    </p>
   </div>
   <div class='ocr_carea' id='block_1_2' title="bbox 120 297 1797 1721">
    <p class='ocr_par' dir='ltr' id='par_1_2' title="bbox 120 297 1797 1721">
     <span class='ocr_line' id='line_1_2' title="bbox 120 297 1776 384; baseline -0.011 -12"><span class='ocrx_word' id='word_1_7' title='bbox 120 322 276 372; x_wconf 86' lang='lat' dir='ltr'>sanctorum</span> <span class='ocrx_word' id='word_1_8' title='bbox 304 311 445 369; x_wconf 80' lang='lat' dir='ltr'>sententiis</span> <span class='ocrx_word' id='word_1_9' title='bbox 471 325 678 384; x_wconf 77' lang='lat' dir='ltr'>cognoscamus,</span> <span class='ocrx_word' id='word_1_10' title='bbox 703 308 818 379; x_wconf 80' lang='lat' dir='ltr'>nuptias,</span> <span class='ocrx_word' id='word_1_11' title='bbox 847 306 954 378; x_wconf 86' lang='lat' dir='ltr'>quasA</span> <span class='ocrx_word' id='word_1_12' title='bbox 969 307 1052 361; x_wconf 84' lang='lat' dir='ltr'>tarem</span> <span class='ocrx_word' id='word_1_13' title='bbox 1068 303 1207 374; x_wconf 88' lang='lat' dir='ltr'>suscipiat,</span> <span class='ocrx_word' id='word_1_14' title='bbox 1224 310 1251 357; x_wconf 91' lang='lat' dir='ltr'>et</span> <span class='ocrx_word' id='word_1_15' title='bbox 1265 317 1328 360; x_wconf 89' lang='lat' dir='ltr'>curu</span> <span class='ocrx_word' id='word_1_16' title='bbox 1340 301 1431 374; x_wconf 79' lang='lat' dir='ltr'>dignis</span> <span class='ocrx_word' id='word_1_17' title='bbox 1447 298 1615 372; x_wconf 74' lang='lat' dir='ltr'>peanitentiae</span> <span class='ocrx_word' id='word_1_18' title='bbox 1637 297 1776 361; x_wconf 59' lang='lat' dir='ltr'>truetbua</span> 
     </span>
     <span class='ocr_line' id='line_1_3' title="bbox 120 388 1777 474; baseline -0.013 -11"><span class='ocrx_word' id='word_1_19' title='bbox 120 402 345 473; x_wconf 83' lang='lat' dir='ltr'>concubitus&#39;pro</span> <span class='ocrx_word' id='word_1_20' title='bbox 361 401 522 474; x_wconf 89' lang='lat' dir='ltr'>quibusdam</span> <span class='ocrx_word' id='word_1_21' title='bbox 537 401 626 456; x_wconf 90' lang='lat' dir='ltr'>causis</span> <span class='ocrx_word' id='word_1_22' title='bbox 642 397 839 468; x_wconf 85' lang='lat' dir='ltr'>nonsequitur‚</span> <span class='ocrx_word' id='word_1_23' title='bbox 851 396 919 451; x_wconf 85' lang='lat' dir='ltr'>solvi</span> <span class='ocrx_word' id='word_1_24' title='bbox 969 396 1089 466; x_wconf 87' lang='lat' dir='ltr'>peiagat,</span> <span class='ocrx_word' id='word_1_25' title='bbox 1108 400 1136 448; x_wconf 93' lang='lat' dir='ltr'>ut</span> <span class='ocrx_word' id='word_1_26' title='bbox 1153 392 1198 463; x_wconf 89' lang='lat' dir='ltr'>qui</span> <span class='ocrx_word' id='word_1_27' title='bbox 1213 407 1262 447; x_wconf 87' lang='lat' dir='ltr'>suo</span> <span class='ocrx_word' id='word_1_28' title='bbox 1284 390 1412 463; x_wconf 88' lang='lat' dir='ltr'>neglectu</span> <span class='ocrx_word' id='word_1_29' title='bbox 1433 389 1597 456; x_wconf 78' lang='lat' dir='ltr'>Ecclesiam,</span> <span class='ocrx_word' id='word_1_30' title='bbox 1624 396 1650 443; x_wconf 91' lang='lat' dir='ltr'>et</span> <span class='ocrx_word' id='word_1_31' title='bbox 1675 388 1777 444; x_wconf 90' lang='lat' dir='ltr'>multos</span> 
     </span>
     <span class='ocr_line' id='line_1_4' title="bbox 120 476 1776 565; baseline -0.01 -17"><span class='ocrx_word' id='word_1_32' title='bbox 120 508 214 565; x_wconf 89' lang='lat' dir='ltr'>posse,</span> <span class='ocrx_word' id='word_1_33' title='bbox 233 500 260 547; x_wconf 92' lang='lat' dir='ltr'>et</span> <span class='ocrx_word' id='word_1_34' title='bbox 269 499 382 563; x_wconf 93' lang='lat' dir='ltr'>propter</span> <span class='ocrx_word' id='word_1_35' title='bbox 406 488 627 545; x_wconf 74' lang='lat' dir='ltr'>incontinentiam</span> <span class='ocrx_word' id='word_1_36' title='bbox 653 486 768 541; x_wconf 90' lang='lat' dir='ltr'>feminas</span> <span class='ocrx_word' id='word_1_37' title='bbox 792 485 827 540; x_wconf 91' lang='lat' dir='ltr'>ad</span> <span class='ocrx_word' id='word_1_38' title='bbox 851 484 919 539; x_wconf 89' lang='lat' dir='ltr'>nlius</span> <span class='ocrx_word' id='word_1_39' title='bbox 970 481 1101 538; x_wconf 77' lang='lat' dir='ltr'>Ecclesia</span> <span class='ocrx_word' id='word_1_40' title='bbox 1116 479 1185 535; x_wconf 87' lang='lat' dir='ltr'>filios</span> <span class='ocrx_word' id='word_1_41' title='bbox 1200 480 1384 537; x_wconf 88' lang='lat' dir='ltr'>scandalizare</span> <span class='ocrx_word' id='word_1_42' title='bbox 1400 478 1584 550; x_wconf 72' lang='lat' dir='ltr'>praesumpsit,</span> <span class='ocrx_word' id='word_1_43' title='bbox 1601 476 1736 534; x_wconf 81' lang='lat' dir='ltr'>Ecclesiae</span> <span class='ocrx_word' id='word_1_44' title='bbox 1749 486 1776 533; x_wconf 92' lang='lat' dir='ltr'>et</span> 
     </span>
     <span class='ocr_line' id='line_1_5' title="bbox 122 565 1774 646; baseline -0.011 -9"><span class='ocrx_word' id='word_1_45' title='bbox 122 580 268 638; x_wconf 89' lang='lat' dir='ltr'>convolare</span> <span class='ocrx_word' id='word_1_46' title='bbox 284 580 385 635; x_wconf 88' lang='lat' dir='ltr'>valere.</span> <span class='ocrx_word' id='word_1_47' title='bbox 402 578 456 633; x_wconf 89' lang='lat' dir='ltr'>Sed</span> <span class='ocrx_word' id='word_1_48' title='bbox 473 577 578 632; x_wconf 90' lang='lat' dir='ltr'>subtilis</span> <span class='ocrx_word' id='word_1_49' title='bbox 593 575 779 646; x_wconf 86' lang='lat' dir='ltr'>investigatio,</span> <span class='ocrx_word' id='word_1_50' title='bbox 798 580 826 628; x_wconf 91' lang='lat' dir='ltr'>et</span> <span class='ocrx_word' id='word_1_51' title='bbox 839 574 920 628; x_wconf 91' lang='lat' dir='ltr'>ratio·</span> <span class='ocrx_word' id='word_1_52' title='bbox 970 571 1027 639; x_wconf 83' lang='lat' dir='ltr'>ejus</span> <span class='ocrx_word' id='word_1_53' title='bbox 1043 570 1191 624; x_wconf 90' lang='lat' dir='ltr'>rectoribus</span> <span class='ocrx_word' id='word_1_54' title='bbox 1206 577 1286 641; x_wconf 90' lang='lat' dir='ltr'>atque</span> <span class='ocrx_word' id='word_1_55' title='bbox 1301 566 1364 625; x_wconf 84' lang='lat' dir='ltr'>fittts</span> <span class='ocrx_word' id='word_1_56' title='bbox 1379 566 1535 631; x_wconf 87' lang='lat' dir='ltr'>satisfaciat,</span> <span class='ocrx_word' id='word_1_57' title='bbox 1561 573 1588 621; x_wconf 91' lang='lat' dir='ltr'>et</span> <span class='ocrx_word' id='word_1_58' title='bbox 1610 573 1674 637; x_wconf 92' lang='lat' dir='ltr'>post</span> <span class='ocrx_word' id='word_1_59' title='bbox 1690 565 1774 620; x_wconf 88' lang='lat' dir='ltr'>satis-</span> 
     </span>
     <span class='ocr_line' id='line_1_6' title="bbox 123 654 1797 740; baseline -0.011 -14"><span class='ocrx_word' id='word_1_60' title='bbox 123 669 224 726; x_wconf 90' lang='lat' dir='ltr'>uabilis</span> <span class='ocrx_word' id='word_1_61' title='bbox 238 668 367 724; x_wconf 90' lang='lat' dir='ltr'>discretio</span> <span class='ocrx_word' id='word_1_62' title='bbox 383 668 411 722; x_wconf 92' lang='lat' dir='ltr'>in</span> <span class='ocrx_word' id='word_1_63' title='bbox 425 666 468 721; x_wconf 90' lang='lat' dir='ltr'>his</span> <span class='ocrx_word' id='word_1_64' title='bbox 483 666 558 737; x_wconf 90' lang='lat' dir='ltr'>prius</span> <span class='ocrx_word' id='word_1_65' title='bbox 578 672 620 721; x_wconf 89' lang='lat' dir='ltr'>est</span> <span class='ocrx_word' id='word_1_66' title='bbox 642 664 807 740; x_wconf 89' lang='lat' dir='ltr'>adhibenda,</span> <span class='ocrx_word' id='word_1_67' title='bbox 832 672 921 717; x_wconf 88' lang='lat' dir='ltr'>utrum</span> <span class='ocrx_word' id='word_1_68' title='bbox 970 656 1128 725; x_wconf 79' lang='lat' dir='ltr'>factionem,</span> <span class='ocrx_word' id='word_1_69' title='bbox 1143 657 1167 712; x_wconf 89' lang='lat' dir='ltr'>si</span> <span class='ocrx_word' id='word_1_70' title='bbox 1182 674 1212 713; x_wconf 92' lang='lat' dir='ltr'>se</span> <span class='ocrx_word' id='word_1_71' title='bbox 1228 656 1368 713; x_wconf 90' lang='lat' dir='ltr'>continere</span> <span class='ocrx_word' id='word_1_72' title='bbox 1384 672 1439 712; x_wconf 90' lang='lat' dir='ltr'>nou</span> <span class='ocrx_word' id='word_1_73' title='bbox 1454 654 1563 726; x_wconf 88' lang='lat' dir='ltr'>poterit,</span> <span class='ocrx_word' id='word_1_74' title='bbox 1572 655 1652 724; x_wconf 84' lang='lat' dir='ltr'>juxta</span> <span class='ocrx_word' id='word_1_75' title='bbox 1667 662 1774 708; x_wconf 87' lang='lat' dir='ltr'>senten·</span> <span class='ocrx_word' id='word_1_76' title='bbox 1794 659 1797 662; x_wconf 55' lang='lat'><strong>⁴</strong></span> 
     </span>
     <span class='ocr_line' id='line_1_7' title="bbox 125 742 1776 832; baseline -0.009 -20"><span class='ocrx_word' id='word_1_77' title='bbox 125 757 203 832; x_wconf 85' lang='lat' dir='ltr'>quasi</span> <span class='ocrx_word' id='word_1_78' title='bbox 217 756 348 811; x_wconf 87' lang='lat' dir='ltr'>naturalis</span> <span class='ocrx_word' id='word_1_79' title='bbox 363 756 391 811; x_wconf 93' lang='lat' dir='ltr'>in</span> <span class='ocrx_word' id='word_1_80' title='bbox 406 755 471 810; x_wconf 87' lang='lat' dir='ltr'>viris</span> <span class='ocrx_word' id='word_1_81' title='bbox 493 755 527 809; x_wconf 91' lang='lat' dir='ltr'>sit</span> <span class='ocrx_word' id='word_1_82' title='bbox 546 753 702 823; x_wconf 86' lang='lat' dir='ltr'>hujusmodi</span> <span class='ocrx_word' id='word_1_83' title='bbox 724 752 922 809; x_wconf 88' lang='lat' dir='ltr'>commistionis</span> <span class='ocrx_word' id='word_1_84' title='bbox 973 747 1038 802; x_wconf 92' lang='lat' dir='ltr'>tiam</span> <span class='ocrx_word' id='word_1_85' title='bbox 1053 746 1147 819; x_wconf 90' lang='lat' dir='ltr'>magni</span> <span class='ocrx_word' id='word_1_86' title='bbox 1163 746 1260 801; x_wconf 89' lang='lat' dir='ltr'>Leonis</span> <span class='ocrx_word' id='word_1_87' title='bbox 1275 761 1354 817; x_wconf 75' lang='lat' dir='ltr'>papae</span> <span class='ocrx_word' id='word_1_88' title='bbox 1367 745 1403 800; x_wconf 88' lang='lat' dir='ltr'>ad</span> <span class='ocrx_word' id='word_1_89' title='bbox 1413 744 1554 801; x_wconf 81' lang='lat' dir='ltr'>Rusticum</span> <span class='ocrx_word' id='word_1_90' title='bbox 1565 742 1776 801; x_wconf 81' lang='lat' dir='ltr'>Narbonensem</span> 
     </span>
     <span class='ocr_line' id='line_1_8' title="bbox 125 831 1774 918; baseline -0.01 -17"><span class='ocrx_word' id='word_1_91' title='bbox 125 845 329 918; x_wconf 89' lang='lat' dir='ltr'>impossibilitas</span> <span class='ocrx_word' id='word_1_92' title='bbox 344 844 418 916; x_wconf 83' lang='lat' dir='ltr'>(quia</span> <span class='ocrx_word' id='word_1_93' title='bbox 432 851 458 898; x_wconf 91' lang='lat' dir='ltr'>et</span> <span class='ocrx_word' id='word_1_94' title='bbox 473 851 535 898; x_wconf 89' lang='lat' dir='ltr'>sunt</span> <span class='ocrx_word' id='word_1_95' title='bbox 549 842 675 907; x_wconf 91' lang='lat' dir='ltr'>eunuchi,</span> <span class='ocrx_word' id='word_1_96' title='bbox 702 841 772 896; x_wconf 91' lang='lat' dir='ltr'>sicut</span> <span class='ocrx_word' id='word_1_97' title='bbox 792 841 922 911; x_wconf 89' lang='lat' dir='ltr'>scriptum</span> <span class='ocrx_word' id='word_1_98' title='bbox 974 836 1148 907; x_wconf 89' lang='lat' dir='ltr'>episcopum,</span> <span class='ocrx_word' id='word_1_99' title='bbox 1179 843 1206 890; x_wconf 93' lang='lat' dir='ltr'>et</span> <span class='ocrx_word' id='word_1_100' title='bbox 1234 834 1382 891; x_wconf 89' lang='lat' dir='ltr'>secundum</span> <span class='ocrx_word' id='word_1_101' title='bbox 1406 834 1517 890; x_wconf 88' lang='lat' dir='ltr'>decreta</span> <span class='ocrx_word' id='word_1_102' title='bbox 1541 831 1629 887; x_wconf 89' lang='lat' dir='ltr'>sancti</span> <span class='ocrx_word' id='word_1_103' title='bbox 1652 831 1774 888; x_wconf 86' lang='lat' dir='ltr'>Toletani</span> 
     </span>
     <span class='ocr_line' id='line_1_9' title="bbox 126 920 1772 1006; baseline -0.011 -15"><span class='ocrx_word' id='word_1_104' title='bbox 126 943 175 1000; x_wconf 88' lang='lat' dir='ltr'>est,</span> <span class='ocrx_word' id='word_1_105' title='bbox 193 933 237 1006; x_wconf 90' lang='lat' dir='ltr'>qui</span> <span class='ocrx_word' id='word_1_106' title='bbox 252 934 286 988; x_wconf 90' lang='lat' dir='ltr'>de</span> <span class='ocrx_word' id='word_1_107' title='bbox 301 932 394 988; x_wconf 88' lang='lat' dir='ltr'>matris</span> <span class='ocrx_word' id='word_1_108' title='bbox 411 940 489 987; x_wconf 93' lang='lat' dir='ltr'>utero</span> <span class='ocrx_word' id='word_1_109' title='bbox 505 932 545 988; x_wconf 92' lang='lat' dir='ltr'>sic</span> <span class='ocrx_word' id='word_1_110' title='bbox 560 931 616 986; x_wconf 89' lang='lat' dir='ltr'>uati</span> <span class='ocrx_word' id='word_1_111' title='bbox 632 929 718 1000; x_wconf 69' lang='lat' dir='ltr'>sunt)</span> <span class='ocrx_word' id='word_1_112' title='bbox 729 930 826 985; x_wconf 85' lang='lat' dir='ltr'>nnlroc</span> <span class='ocrx_word' id='word_1_113' title='bbox 838 929 924 999; x_wconf 92' lang='lat' dir='ltr'>impe·</span> <span class='ocrx_word' id='word_1_114' title='bbox 973 923 1081 980; x_wconf 92' lang='lat' dir='ltr'>concilii</span> <span class='ocrx_word' id='word_1_115' title='bbox 1103 923 1224 994; x_wconf 80' lang='lat' dir='ltr'>(decret.</span> <span class='ocrx_word' id='word_1_116' title='bbox 1241 939 1302 995; x_wconf 86' lang='lat' dir='ltr'>cup.</span> <span class='ocrx_word' id='word_1_117' title='bbox 1327 925 1372 987; x_wconf 78' lang='lat'>25,</span> <span class='ocrx_word' id='word_1_118' title='bbox 1396 938 1474 978; x_wconf 86' lang='lat' dir='ltr'>conc.</span> <span class='ocrx_word' id='word_1_119' title='bbox 1495 922 1580 976; x_wconf 84' lang='lat' dir='ltr'>Tolot.</span> <span class='ocrx_word' id='word_1_120' title='bbox 1598 935 1637 989; x_wconf 87' lang='lat' dir='ltr'>vr,</span> <span class='ocrx_word' id='word_1_121' title='bbox 1655 937 1721 974; x_wconf 79' lang='lat' dir='ltr'>cara.</span> <span class='ocrx_word' id='word_1_122' title='bbox 1737 920 1772 990; x_wconf 81' lang='grc'>8),</span> 
     </span>
     <span class='ocr_line' id='line_1_10' title="bbox 125 1005 1775 1093; baseline -0.01 -13"><span class='ocrx_word' id='word_1_123' title='bbox 125 1022 273 1080; x_wconf 90' lang='lat' dir='ltr'>dimentum</span> <span class='ocrx_word' id='word_1_124' title='bbox 289 1021 448 1093; x_wconf 87' lang='lat' dir='ltr'>operatione</span> <span class='ocrx_word' id='word_1_125' title='bbox 463 1021 573 1084; x_wconf 88' lang='lat' dir='ltr'>diaboli,</span> <span class='ocrx_word' id='word_1_126' title='bbox 586 1020 653 1074; x_wconf 90' lang='lat' dir='ltr'>sient</span> <span class='ocrx_word' id='word_1_127' title='bbox 669 1017 727 1074; x_wconf 85' lang='lat' dir='ltr'>heri</span> <span class='ocrx_word' id='word_1_128' title='bbox 743 1018 854 1087; x_wconf 87' lang='lat' dir='ltr'>assolet,</span> <span class='ocrx_word' id='word_1_129' title='bbox 870 1017 923 1072; x_wconf 90' lang='lat' dir='ltr'>illis</span> <span class='ocrx_word' id='word_1_130' title='bbox 974 1012 1099 1082; x_wconf 91' lang='lat' dir='ltr'>copulam</span> <span class='ocrx_word' id='word_1_131' title='bbox 1117 1011 1207 1066; x_wconf 91' lang='lat' dir='ltr'>uxoris</span> <span class='ocrx_word' id='word_1_132' title='bbox 1220 1011 1349 1082; x_wconf 82' lang='lat' dir='ltr'>legitimae</span> <span class='ocrx_word' id='word_1_133' title='bbox 1364 1017 1512 1081; x_wconf 89' lang='lat' dir='ltr'>exspectat,</span> <span class='ocrx_word' id='word_1_134' title='bbox 1528 1024 1564 1063; x_wconf 91' lang='lat' dir='ltr'>ne</span> <span class='ocrx_word' id='word_1_135' title='bbox 1579 1008 1681 1062; x_wconf 92' lang='lat' dir='ltr'>iterum</span> <span class='ocrx_word' id='word_1_136' title='bbox 1696 1005 1775 1063; x_wconf 89' lang='lat' dir='ltr'>forni-</span> 
     </span>
     <span class='ocr_line' id='line_1_11' title="bbox 127 1095 1774 1180; baseline -0.01 -13"><span class='ocrx_word' id='word_1_137' title='bbox 127 1109 235 1167; x_wconf 83' lang='lat' dir='ltr'>accidit.</span> <span class='ocrx_word' id='word_1_138' title='bbox 252 1109 331 1177; x_wconf 90' lang='lat' dir='ltr'>Quod</span> <span class='ocrx_word' id='word_1_139' title='bbox 347 1109 370 1164; x_wconf 92' lang='lat' dir='ltr'>si</span> <span class='ocrx_word' id='word_1_140' title='bbox 385 1124 435 1180; x_wconf 89' lang='lat' dir='ltr'>per</span> <span class='ocrx_word' id='word_1_141' title='bbox 448 1107 587 1163; x_wconf 89' lang='lat' dir='ltr'>sortiarias</span> <span class='ocrx_word' id='word_1_142' title='bbox 602 1108 658 1177; x_wconf 78' lang='lat'>(33.</span> <span class='ocrx_word' id='word_1_143' title='bbox 675 1124 700 1179; x_wconf 80' lang='lat' dir='ltr'>q.</span> <span class='ocrx_word' id='word_1_144' title='bbox 717 1106 754 1177; x_wconf 87' lang='lat' dir='ltr'>t),</span> <span class='ocrx_word' id='word_1_145' title='bbox 765 1114 847 1177; x_wconf 88' lang='lat' dir='ltr'>atque</span> <span class='ocrx_word' id='word_1_146' title='bbox 861 1120 923 1160; x_wconf 90' lang='lat' dir='ltr'>ma·</span> <span class='ocrx_word' id='word_1_147' title='bbox 976 1100 1089 1157; x_wconf 91' lang='lat' dir='ltr'>cationis</span> <span class='ocrx_word' id='word_1_148' title='bbox 1104 1100 1206 1157; x_wconf 86' lang='lat' dir='ltr'>crimen</span> <span class='ocrx_word' id='word_1_149' title='bbox 1221 1100 1349 1156; x_wconf 89' lang='lat' dir='ltr'>incurrat.</span> <span class='ocrx_word' id='word_1_150' title='bbox 1368 1100 1397 1153; x_wconf 88' lang='lat' dir='ltr'>ln</span> <span class='ocrx_word' id='word_1_151' title='bbox 1412 1113 1466 1170; x_wconf 90' lang='lat' dir='ltr'>quo</span> <span class='ocrx_word' id='word_1_152' title='bbox 1481 1106 1582 1165; x_wconf 90' lang='lat' dir='ltr'>tamen,</span> <span class='ocrx_word' id='word_1_153' title='bbox 1600 1112 1664 1152; x_wconf 90' lang='lat' dir='ltr'>cum</span> <span class='ocrx_word' id='word_1_154' title='bbox 1680 1095 1774 1152; x_wconf 87' lang='lat' dir='ltr'>eodem</span> 
     </span>
     <span class='ocr_line' id='line_1_12' title="bbox 126 1182 1775 1268; baseline -0.01 -13"><span class='ocrx_word' id='word_1_155' title='bbox 126 1197 231 1265; x_wconf 88' lang='lat' dir='ltr'>lesrcas,</span> <span class='ocrx_word' id='word_1_156' title='bbox 248 1199 365 1265; x_wconf 91' lang='lat' dir='ltr'>occulto,</span> <span class='ocrx_word' id='word_1_157' title='bbox 383 1198 431 1252; x_wconf 89' lang='lat' dir='ltr'>sed</span> <span class='ocrx_word' id='word_1_158' title='bbox 446 1212 583 1268; x_wconf 83' lang='lat' dir='ltr'>nurrquam</span> <span class='ocrx_word' id='word_1_159' title='bbox 599 1197 642 1250; x_wconf 83' lang='lat' dir='ltr'>vel</span> <span class='ocrx_word' id='word_1_160' title='bbox 656 1210 792 1266; x_wconf 86' lang='lat' dir='ltr'>nusquam</span> <span class='ocrx_word' id='word_1_161' title='bbox 813 1195 922 1263; x_wconf 77' lang='lat' dir='ltr'>iniusto,</span> <span class='ocrx_word' id='word_1_162' title='bbox 976 1191 1056 1244; x_wconf 88' lang='lat' dir='ltr'>Patre</span> <span class='ocrx_word' id='word_1_163' title='bbox 1071 1189 1214 1260; x_wconf 89' lang='lat' dir='ltr'>loquentes</span> <span class='ocrx_word' id='word_1_164' title='bbox 1228 1188 1411 1257; x_wconf 90' lang='lat' dir='ltr'>sanctissimo,</span> <span class='ocrx_word' id='word_1_165' title='bbox 1427 1202 1482 1242; x_wconf 93' lang='lat' dir='ltr'>non</span> <span class='ocrx_word' id='word_1_166' title='bbox 1497 1182 1623 1258; x_wconf 83' lang='lat' dir='ltr'>regulam</span> <span class='ocrx_word' id='word_1_167' title='bbox 1637 1184 1775 1242; x_wconf 87' lang='lat' dir='ltr'>coustitui-</span> 
     </span>
     <span class='ocr_line' id='line_1_13' title="bbox 126 1274 1774 1356; baseline -0.012 -10"><span class='ocrx_word' id='word_1_168' title='bbox 126 1286 261 1346; x_wconf 86' lang='lat' dir='ltr'>Dominici</span> <span class='ocrx_word' id='word_1_169' title='bbox 273 1286 377 1355; x_wconf 86' lang='lat' dir='ltr'>jndicio</span> <span class='ocrx_word' id='word_1_170' title='bbox 398 1285 580 1356; x_wconf 83' lang='lat' dir='ltr'>permittente,</span> <span class='ocrx_word' id='word_1_171' title='bbox 604 1292 631 1340; x_wconf 89' lang='lat' dir='ltr'>et</span> <span class='ocrx_word' id='word_1_172' title='bbox 654 1284 763 1339; x_wconf 92' lang='lat' dir='ltr'>diaholo</span> <span class='ocrx_word' id='word_1_173' title='bbox 783 1292 923 1354; x_wconf 83' lang='lat' dir='ltr'>operante,</span> <span class='ocrx_word' id='word_1_174' title='bbox 974 1295 1045 1343; x_wconf 81' lang='lat' dir='ltr'>mars,</span> <span class='ocrx_word' id='word_1_175' title='bbox 1062 1277 1111 1334; x_wconf 86' lang='lat' dir='ltr'>sed</span> <span class='ocrx_word' id='word_1_176' title='bbox 1126 1277 1189 1349; x_wconf 89' lang='lat' dir='ltr'>quid</span> <span class='ocrx_word' id='word_1_177' title='bbox 1205 1277 1238 1332; x_wconf 93' lang='lat' dir='ltr'>sit</span> <span class='ocrx_word' id='word_1_178' title='bbox 1253 1276 1423 1332; x_wconf 81' lang='lat' dir='ltr'>tolerabilius</span> <span class='ocrx_word' id='word_1_179' title='bbox 1437 1274 1613 1331; x_wconf 71' lang='lat' dir='ltr'>aestimamus.</span> <span class='ocrx_word' id='word_1_180' title='bbox 1639 1275 1714 1329; x_wconf 81' lang='lat' dir='ltr'>Nara</span> <span class='ocrx_word' id='word_1_181' title='bbox 1730 1290 1774 1328; x_wconf 89' lang='lat' dir='ltr'>se-</span> 
     </span>
     <span class='ocr_line' id='line_1_14' title="bbox 126 1362 1774 1444; baseline -0.01 -12"><span class='ocrx_word' id='word_1_182' title='bbox 126 1375 234 1443; x_wconf 88' lang='lat' dir='ltr'>aooidit,</span> <span class='ocrx_word' id='word_1_183' title='bbox 251 1373 375 1429; x_wconf 89' lang='lat' dir='ltr'>hortandi</span> <span class='ocrx_word' id='word_1_184' title='bbox 389 1383 451 1428; x_wconf 91' lang='lat' dir='ltr'>suut</span> <span class='ocrx_word' id='word_1_185' title='bbox 466 1373 565 1444; x_wconf 89' lang='lat' dir='ltr'>quibus</span> <span class='ocrx_word' id='word_1_186' title='bbox 580 1372 632 1427; x_wconf 87' lang='lat' dir='ltr'>istu</span> <span class='ocrx_word' id='word_1_187' title='bbox 645 1373 783 1439; x_wconf 87' lang='lat' dir='ltr'>eveniunt,</span> <span class='ocrx_word' id='word_1_188' title='bbox 799 1380 827 1427; x_wconf 91' lang='lat' dir='ltr'>ut</span> <span class='ocrx_word' id='word_1_189' title='bbox 843 1372 924 1428; x_wconf 90' lang='lat' dir='ltr'>corde</span> <span class='ocrx_word' id='word_1_190' title='bbox 976 1367 1094 1422; x_wconf 90' lang='lat' dir='ltr'>cundum</span> <span class='ocrx_word' id='word_1_191' title='bbox 1107 1381 1200 1422; x_wconf 90' lang='lat' dir='ltr'>veram</span> <span class='ocrx_word' id='word_1_192' title='bbox 1217 1365 1400 1438; x_wconf 83' lang='lat' dir='ltr'>coguitionem</span> <span class='ocrx_word' id='word_1_193' title='bbox 1413 1363 1480 1419; x_wconf 90' lang='lat' dir='ltr'>nihil</span> <span class='ocrx_word' id='word_1_194' title='bbox 1504 1362 1594 1435; x_wconf 88' lang='lat' dir='ltr'>magis</span> <span class='ocrx_word' id='word_1_195' title='bbox 1610 1362 1635 1418; x_wconf 90' lang='lat' dir='ltr'>ei</span> <span class='ocrx_word' id='word_1_196' title='bbox 1650 1364 1774 1433; x_wconf 86' lang='lat' dir='ltr'>congruit</span> 
     </span>
     <span class='ocr_line' id='line_1_15' title="bbox 126 1452 1775 1533; baseline -0.01 -13"><span class='ocrx_word' id='word_1_197' title='bbox 126 1463 253 1528; x_wconf 92' lang='lat' dir='ltr'>contrito,</span> <span class='ocrx_word' id='word_1_198' title='bbox 270 1469 297 1517; x_wconf 92' lang='lat' dir='ltr'>et</span> <span class='ocrx_word' id='word_1_199' title='bbox 316 1461 410 1533; x_wconf 91' lang='lat' dir='ltr'>spiritu</span> <span class='ocrx_word' id='word_1_200' title='bbox 437 1460 586 1526; x_wconf 91' lang='lat' dir='ltr'>humiliato,</span> <span class='ocrx_word' id='word_1_201' title='bbox 609 1462 666 1516; x_wconf 88' lang='lat' dir='ltr'>Deo</span> <span class='ocrx_word' id='word_1_202' title='bbox 690 1469 717 1515; x_wconf 94' lang='lat' dir='ltr'>et</span> <span class='ocrx_word' id='word_1_203' title='bbox 739 1460 874 1516; x_wconf 90' lang='lat' dir='ltr'>sacerdoti</span> <span class='ocrx_word' id='word_1_204' title='bbox 891 1461 925 1515; x_wconf 92' lang='lat' dir='ltr'>de</span> <span class='ocrx_word' id='word_1_205' title='bbox 976 1455 1020 1527; x_wconf 84' lang='lat' dir='ltr'>qui</span> <span class='ocrx_word' id='word_1_206' title='bbox 1036 1455 1219 1526; x_wconf 75' lang='lat' dir='ltr'>penitentiam</span> <span class='ocrx_word' id='word_1_207' title='bbox 1235 1454 1302 1526; x_wconf 84' lang='lat' dir='ltr'>agit,</span> <span class='ocrx_word' id='word_1_208' title='bbox 1319 1470 1401 1526; x_wconf 84' lang='lat' dir='ltr'>quam</span> <span class='ocrx_word' id='word_1_209' title='bbox 1416 1452 1525 1508; x_wconf 88' lang='lat' dir='ltr'>castitas</span> <span class='ocrx_word' id='word_1_210' title='bbox 1541 1466 1736 1522; x_wconf 87' lang='lat' dir='ltr'>perseverans,</span> <span class='ocrx_word' id='word_1_211' title='bbox 1751 1460 1775 1505; x_wconf 93' lang='lat' dir='ltr'>et</span> 
     </span>
     <span class='ocr_line' id='line_1_16' title="bbox 127 1540 1774 1621; baseline -0.006 -16"><span class='ocrx_word' id='word_1_212' title='bbox 127 1550 255 1606; x_wconf 89' lang='lat' dir='ltr'>omnibus</span> <span class='ocrx_word' id='word_1_213' title='bbox 268 1549 389 1621; x_wconf 89' lang='lat' dir='ltr'>peccatis</span> <span class='ocrx_word' id='word_1_214' title='bbox 408 1550 464 1604; x_wconf 92' lang='lat' dir='ltr'>suis</span> <span class='ocrx_word' id='word_1_215' title='bbox 483 1565 578 1620; x_wconf 90' lang='lat' dir='ltr'>puram</span> <span class='ocrx_word' id='word_1_216' title='bbox 599 1548 800 1605; x_wconf 85' lang='lat' dir='ltr'>confessionem</span> <span class='ocrx_word' id='word_1_217' title='bbox 815 1548 923 1615; x_wconf 87' lang='lat' dir='ltr'>faciant,</span> <span class='ocrx_word' id='word_1_218' title='bbox 975 1545 1084 1613; x_wconf 92' lang='lat' dir='ltr'>mentis,</span> <span class='ocrx_word' id='word_1_219' title='bbox 1102 1553 1126 1599; x_wconf 93' lang='lat' dir='ltr'>et</span> <span class='ocrx_word' id='word_1_220' title='bbox 1144 1543 1278 1615; x_wconf 89' lang='lat' dir='ltr'>corporis.</span> <span class='ocrx_word' id='word_1_221' title='bbox 1296 1542 1344 1597; x_wconf 85' lang='lat' dir='ltr'>Cui</span> <span class='ocrx_word' id='word_1_222' title='bbox 1360 1559 1395 1598; x_wconf 91' lang='lat' dir='ltr'>ne</span> <span class='ocrx_word' id='word_1_223' title='bbox 1409 1543 1535 1614; x_wconf 85' lang='lat' dir='ltr'>laqueum</span> <span class='ocrx_word' id='word_1_224' title='bbox 1550 1540 1714 1609; x_wconf 84' lang='lat' dir='ltr'>injiciamus,</span> <span class='ocrx_word' id='word_1_225' title='bbox 1731 1557 1774 1595; x_wconf 92' lang='lat' dir='ltr'>re-</span> 
     </span>
     <span class='ocr_line' id='line_1_17' title="bbox 128 1627 1774 1721; baseline -0.009 -25"><span class='ocrx_word' id='word_1_226' title='bbox 128 1647 155 1696; x_wconf 91' lang='lat' dir='ltr'>et</span> <span class='ocrx_word' id='word_1_227' title='bbox 167 1638 286 1710; x_wconf 88' lang='lat' dir='ltr'>profusis</span> <span class='ocrx_word' id='word_1_228' title='bbox 300 1639 438 1710; x_wconf 69' lang='lat' dir='ltr'>lacrymis,</span> <span class='ocrx_word' id='word_1_229' title='bbox 456 1654 487 1694; x_wconf 91' lang='lat' dir='ltr'>ac</span> <span class='ocrx_word' id='word_1_230' title='bbox 502 1638 667 1711; x_wconf 89' lang='lat' dir='ltr'>largioribus</span> <span class='ocrx_word' id='word_1_231' title='bbox 689 1638 880 1709; x_wconf 70' lang='lat' dir='ltr'>eleemosynis,</span> <span class='ocrx_word' id='word_1_232' title='bbox 898 1632 1058 1721; x_wconf 72' lang='lat' dir='ltr'>etssmedii</span> <span class='ocrx_word' id='word_1_233' title='bbox 1082 1648 1189 1686; x_wconf 85' lang='lat' dir='ltr'>uranum</span> <span class='ocrx_word' id='word_1_234' title='bbox 1217 1632 1392 1705; x_wconf 78' lang='lat' dir='ltr'>porrigimus,</span> <span class='ocrx_word' id='word_1_235' title='bbox 1421 1647 1475 1685; x_wconf 91' lang='lat' dir='ltr'>non</span> <span class='ocrx_word' id='word_1_236' title='bbox 1497 1629 1640 1703; x_wconf 89' lang='lat' dir='ltr'>imperium</span> <span class='ocrx_word' id='word_1_237' title='bbox 1662 1627 1774 1686; x_wconf 91' lang='lat' dir='ltr'>actionis</span> 
     </span>
    </p>
   </div>
   <div class='ocr_carea' id='block_1_3' title="bbox 130 1721 1154 1798">
    <p class='ocr_par' dir='ltr' id='par_1_3' title="bbox 130 1721 1154 1798">
     <span class='ocr_line' id='line_1_18' title="bbox 130 1721 1154 1798; baseline -0.007 -14"><span class='ocrx_word' id='word_1_238' title='bbox 130 1727 314 1793; x_wconf 90' lang='lat' dir='ltr'>orationibus,</span> <span class='ocrx_word' id='word_1_239' title='bbox 344 1737 424 1798; x_wconf 88' lang='lat' dir='ltr'>atque</span> <span class='ocrx_word' id='word_1_240' title='bbox 448 1727 579 1796; x_wconf 83' lang='lat' dir='ltr'>jejuniis,</span> <span class='ocrx_word' id='word_1_241' title='bbox 608 1727 724 1781; x_wconf 90' lang='lat' dir='ltr'>Domino</span> <span class='ocrx_word' id='word_1_242' title='bbox 746 1725 922 1795; x_wconf 90' lang='lat' dir='ltr'>satisfaciant,</span> <span class='ocrx_word' id='word_1_243' title='bbox 977 1721 1154 1792; x_wconf 81' lang='lat' dir='ltr'>imponimus.</span> 
     </span>
    </p>
   </div>
   <div class='ocr_carea' id='block_1_4' title="bbox 128 1815 931 4365">
    <p class='ocr_par' dir='ltr' id='par_1_4' title="bbox 128 1815 931 4365">
     <span class='ocr_line' id='line_1_19' title="bbox 130 1815 927 1888; baseline -0.004 -15"><span class='ocrx_word' id='word_1_244' title='bbox 130 1816 208 1886; x_wconf 87' lang='lat' dir='ltr'>cujus</span> <span class='ocrx_word' id='word_1_245' title='bbox 218 1816 330 1886; x_wconf 84' lang='lat' dir='ltr'>judicio,</span> <span class='ocrx_word' id='word_1_246' title='bbox 340 1831 390 1888; x_wconf 92' lang='lat' dir='ltr'>pro</span> <span class='ocrx_word' id='word_1_247' title='bbox 405 1830 455 1871; x_wconf 91' lang='lat' dir='ltr'>suo</span> <span class='ocrx_word' id='word_1_248' title='bbox 468 1815 575 1881; x_wconf 90' lang='lat' dir='ltr'>merito,</span> <span class='ocrx_word' id='word_1_249' title='bbox 588 1824 614 1870; x_wconf 94' lang='lat' dir='ltr'>et</span> <span class='ocrx_word' id='word_1_250' title='bbox 628 1815 661 1868; x_wconf 89' lang='lat' dir='ltr'>ab</span> <span class='ocrx_word' id='word_1_251' title='bbox 676 1815 723 1869; x_wconf 87' lang='lat' dir='ltr'>illa</span> <span class='ocrx_word' id='word_1_252' title='bbox 738 1815 927 1870; x_wconf 85' lang='lat' dir='ltr'>benedictione</span> 
     </span>
     <span class='ocr_line' id='line_1_20' title="bbox 128 1904 928 1976; baseline 0.001 -18"><span class='ocrx_word' id='word_1_253' title='bbox 128 1904 232 1976; x_wconf 84' lang='lat' dir='ltr'>privari</span> <span class='ocrx_word' id='word_1_254' title='bbox 246 1905 322 1959; x_wconf 85' lang='lat' dir='ltr'>inviti</span> <span class='ocrx_word' id='word_1_255' title='bbox 351 1912 514 1970; x_wconf 88' lang='lat' dir='ltr'>meruerunt,</span> <span class='ocrx_word' id='word_1_256' title='bbox 527 1919 608 1975; x_wconf 89' lang='lat' dir='ltr'>quam</span> <span class='ocrx_word' id='word_1_257' title='bbox 624 1904 756 1959; x_wconf 80' lang='lat' dir='ltr'>hominus</span> <span class='ocrx_word' id='word_1_258' title='bbox 770 1904 864 1974; x_wconf 88' lang='lat' dir='ltr'>primis</span> <span class='ocrx_word' id='word_1_259' title='bbox 880 1920 928 1975; x_wconf 89' lang='lat' dir='ltr'>pa·</span> 
     </span>
     <span class='ocr_line' id='line_1_21' title="bbox 129 1993 928 2064; baseline 0.001 -17"><span class='ocrx_word' id='word_1_260' title='bbox 129 1993 252 2048; x_wconf 91' lang='lat' dir='ltr'>rentibus</span> <span class='ocrx_word' id='word_1_261' title='bbox 274 2002 336 2047; x_wconf 88' lang='lat' dir='ltr'>ante</span> <span class='ocrx_word' id='word_1_262' title='bbox 359 2000 502 2064; x_wconf 90' lang='lat' dir='ltr'>peccatum</span> <span class='ocrx_word' id='word_1_263' title='bbox 525 1993 553 2046; x_wconf 93' lang='lat' dir='ltr'>in</span> <span class='ocrx_word' id='word_1_264' title='bbox 576 1993 705 2063; x_wconf 87' lang='lat' dir='ltr'>paradiso</span> <span class='ocrx_word' id='word_1_265' title='bbox 728 1993 848 2062; x_wconf 86' lang='lat' dir='ltr'>donavit,</span> <span class='ocrx_word' id='word_1_266' title='bbox 874 2009 928 2064; x_wconf 88' lang='lat' dir='ltr'>qua</span> 
     </span>
     <span class='ocr_line' id='line_1_22' title="bbox 129 2081 928 2154; baseline -0.004 -16"><span class='ocrx_word' id='word_1_267' title='bbox 129 2081 208 2138; x_wconf 89' lang='lat' dir='ltr'>etiam</span> <span class='ocrx_word' id='word_1_268' title='bbox 223 2088 286 2153; x_wconf 91' lang='lat' dir='ltr'>post</span> <span class='ocrx_word' id='word_1_269' title='bbox 300 2089 441 2153; x_wconf 90' lang='lat' dir='ltr'>peccatum</span> <span class='ocrx_word' id='word_1_270' title='bbox 456 2097 543 2154; x_wconf 83' lang='lat' dir='ltr'>genus</span> <span class='ocrx_word' id='word_1_271' title='bbox 559 2082 705 2135; x_wconf 90' lang='lat' dir='ltr'>humanum</span> <span class='ocrx_word' id='word_1_272' title='bbox 721 2081 749 2135; x_wconf 93' lang='lat' dir='ltr'>in</span> <span class='ocrx_word' id='word_1_273' title='bbox 764 2090 848 2136; x_wconf 93' lang='lat' dir='ltr'>totum</span> <span class='ocrx_word' id='word_1_274' title='bbox 868 2083 928 2153; x_wconf 91' lang='lat' dir='ltr'>pri-</span> 
     </span>
     <span class='ocr_line' id='line_1_23' title="bbox 129 2169 928 2241; baseline -0.001 -15"><span class='ocrx_word' id='word_1_275' title='bbox 129 2170 189 2226; x_wconf 88' lang='lat' dir='ltr'>vari</span> <span class='ocrx_word' id='word_1_276' title='bbox 208 2185 262 2224; x_wconf 90' lang='lat' dir='ltr'>nou</span> <span class='ocrx_word' id='word_1_277' title='bbox 282 2169 366 2225; x_wconf 89' lang='lat' dir='ltr'>voluit</span> <span class='ocrx_word' id='word_1_278' title='bbox 383 2187 389 2223; x_wconf 91' lang='lat'>:</span> <span class='ocrx_word' id='word_1_279' title='bbox 406 2177 432 2224; x_wconf 92' lang='lat' dir='ltr'>et</span> <span class='ocrx_word' id='word_1_280' title='bbox 453 2186 504 2240; x_wconf 91' lang='lat' dir='ltr'>per</span> <span class='ocrx_word' id='word_1_281' title='bbox 526 2169 704 2237; x_wconf 88' lang='lat' dir='ltr'>exorcismos,</span> <span class='ocrx_word' id='word_1_282' title='bbox 727 2176 806 2241; x_wconf 85' lang='lat' dir='ltr'>atque</span> <span class='ocrx_word' id='word_1_283' title='bbox 830 2178 928 2226; x_wconf 76' lang='lat' dir='ltr'>caetera</span> 
     </span>
     <span class='ocr_line' id='line_1_24' title="bbox 130 2257 928 2325; baseline -0.001 -12"><span class='ocrx_word' id='word_1_284' title='bbox 130 2258 273 2313; x_wconf 83' lang='lat' dir='ltr'>medicinae</span> <span class='ocrx_word' id='word_1_285' title='bbox 289 2257 481 2314; x_wconf 81' lang='lat' dir='ltr'>ecclesiastieae</span> <span class='ocrx_word' id='word_1_286' title='bbox 493 2257 596 2325; x_wconf 89' lang='lat' dir='ltr'>munia,</span> <span class='ocrx_word' id='word_1_287' title='bbox 611 2257 728 2312; x_wconf 89' lang='lat' dir='ltr'>ministri</span> <span class='ocrx_word' id='word_1_288' title='bbox 743 2257 872 2313; x_wconf 73' lang='lat' dir='ltr'>Ecclesiae</span> <span class='ocrx_word' id='word_1_289' title='bbox 885 2267 928 2312; x_wconf 92' lang='lat' dir='ltr'>ta·</span> 
     </span>
     <span class='ocr_line' id='line_1_25' title="bbox 130 2345 929 2417; baseline 0 -17"><span class='ocrx_word' id='word_1_290' title='bbox 130 2345 182 2411; x_wconf 90' lang='lat' dir='ltr'>les,</span> <span class='ocrx_word' id='word_1_291' title='bbox 200 2353 328 2417; x_wconf 90' lang='lat' dir='ltr'>quantum</span> <span class='ocrx_word' id='word_1_292' title='bbox 344 2345 471 2400; x_wconf 88' lang='lat' dir='ltr'>annuerit</span> <span class='ocrx_word' id='word_1_293' title='bbox 485 2345 627 2409; x_wconf 87' lang='lat' dir='ltr'>Dominus,</span> <span class='ocrx_word' id='word_1_294' title='bbox 654 2345 700 2417; x_wconf 89' lang='lat' dir='ltr'>qui</span> <span class='ocrx_word' id='word_1_295' title='bbox 724 2345 881 2401; x_wconf 71' lang='lat' dir='ltr'>abimelech</span> <span class='ocrx_word' id='word_1_296' title='bbox 896 2361 929 2400; x_wconf 89' lang='lat' dir='ltr'>ac</span> 
     </span>
     <span class='ocr_line' id='line_1_26' title="bbox 132 2432 929 2502; baseline 0.003 -15"><span class='ocrx_word' id='word_1_297' title='bbox 132 2432 244 2487; x_wconf 91' lang='lat' dir='ltr'>domum</span> <span class='ocrx_word' id='word_1_298' title='bbox 273 2434 330 2502; x_wconf 76' lang='lat' dir='ltr'>eius</span> <span class='ocrx_word' id='word_1_299' title='bbox 359 2433 473 2488; x_wconf 78' lang='lat' dir='ltr'>Abrahae</span> <span class='ocrx_word' id='word_1_300' title='bbox 497 2432 663 2487; x_wconf 88' lang='lat' dir='ltr'>orationibus</span> <span class='ocrx_word' id='word_1_301' title='bbox 691 2434 809 2501; x_wconf 85' lang='lat' dir='ltr'>sanavit,</span> <span class='ocrx_word' id='word_1_302' title='bbox 833 2450 929 2489; x_wconf 89' lang='lat' dir='ltr'>sanare</span> 
     </span>
     <span class='ocr_line' id='line_1_27' title="bbox 132 2519 928 2593; baseline 0.003 -18"><span class='ocrx_word' id='word_1_303' title='bbox 132 2529 280 2592; x_wconf 90' lang='lat' dir='ltr'>procurent</span> <span class='ocrx_word' id='word_1_304' title='bbox 295 2521 374 2591; x_wconf 78' lang='lat' dir='ltr'>(Gerr.</span> <span class='ocrx_word' id='word_1_305' title='bbox 391 2522 454 2589; x_wconf 80' lang='lat' dir='ltr'>xx).</span> <span class='ocrx_word' id='word_1_306' title='bbox 481 2519 532 2591; x_wconf 85' lang='lat' dir='ltr'>Qui</span> <span class='ocrx_word' id='word_1_307' title='bbox 556 2520 625 2576; x_wconf 90' lang='lat' dir='ltr'>forte</span> <span class='ocrx_word' id='word_1_308' title='bbox 640 2521 664 2575; x_wconf 94' lang='lat' dir='ltr'>si</span> <span class='ocrx_word' id='word_1_309' title='bbox 677 2521 767 2576; x_wconf 89' lang='lat' dir='ltr'>sanari</span> <span class='ocrx_word' id='word_1_310' title='bbox 782 2537 835 2576; x_wconf 92' lang='lat' dir='ltr'>nou</span> <span class='ocrx_word' id='word_1_311' title='bbox 850 2531 928 2593; x_wconf 92' lang='lat' dir='ltr'>pote-</span> 
     </span>
     <span class='ocr_line' id='line_1_28' title="bbox 133 2609 929 2682; baseline 0.001 -17"><span class='ocrx_word' id='word_1_312' title='bbox 133 2617 206 2676; x_wconf 92' lang='lat' dir='ltr'>runt,</span> <span class='ocrx_word' id='word_1_313' title='bbox 223 2610 348 2681; x_wconf 85' lang='lat' dir='ltr'>separari</span> <span class='ocrx_word' id='word_1_314' title='bbox 363 2609 499 2665; x_wconf 87' lang='lat' dir='ltr'>valebunt.</span> <span class='ocrx_word' id='word_1_315' title='bbox 517 2610 571 2666; x_wconf 85' lang='lat' dir='ltr'>Sed</span> <span class='ocrx_word' id='word_1_316' title='bbox 585 2618 727 2681; x_wconf 88' lang='lat' dir='ltr'>postquam</span> <span class='ocrx_word' id='word_1_317' title='bbox 739 2610 805 2666; x_wconf 90' lang='lat' dir='ltr'>alias</span> <span class='ocrx_word' id='word_1_318' title='bbox 821 2612 929 2682; x_wconf 86' lang='lat' dir='ltr'>nuptias</span> 
     </span>
     <span class='ocr_line' id='line_1_29' title="bbox 134 2698 929 2770; baseline 0 -17"><span class='ocrx_word' id='word_1_319' title='bbox 134 2698 283 2770; x_wconf 86' lang='lat' dir='ltr'>expetierit,</span> <span class='ocrx_word' id='word_1_320' title='bbox 301 2699 354 2753; x_wconf 89' lang='lat' dir='ltr'>illis</span> <span class='ocrx_word' id='word_1_321' title='bbox 369 2699 396 2753; x_wconf 91' lang='lat' dir='ltr'>in</span> <span class='ocrx_word' id='word_1_322' title='bbox 416 2714 499 2754; x_wconf 88' lang='lat' dir='ltr'>carne</span> <span class='ocrx_word' id='word_1_323' title='bbox 523 2699 685 2765; x_wconf 85' lang='lat' dir='ltr'>viventibus,</span> <span class='ocrx_word' id='word_1_324' title='bbox 711 2699 809 2769; x_wconf 87' lang='lat' dir='ltr'>quibus</span> <span class='ocrx_word' id='word_1_325' title='bbox 828 2702 929 2770; x_wconf 68' lang='lat' dir='ltr'>junctae</span> 
     </span>
     <span class='ocr_line' id='line_1_30' title="bbox 133 2786 929 2860; baseline 0 -17"><span class='ocrx_word' id='word_1_326' title='bbox 133 2786 241 2854; x_wconf 89' lang='lat' dir='ltr'>fuerint,</span> <span class='ocrx_word' id='word_1_327' title='bbox 256 2787 395 2859; x_wconf 88' lang='lat' dir='ltr'>prioribus</span> <span class='ocrx_word' id='word_1_328' title='bbox 411 2804 479 2860; x_wconf 90' lang='lat' dir='ltr'>quos</span> <span class='ocrx_word' id='word_1_329' title='bbox 494 2788 668 2859; x_wconf 82' lang='lat' dir='ltr'>reliquerant,</span> <span class='ocrx_word' id='word_1_330' title='bbox 685 2788 790 2844; x_wconf 86' lang='lat' dir='ltr'>etiamsi</span> <span class='ocrx_word' id='word_1_331' title='bbox 809 2789 929 2859; x_wconf 90' lang='lat' dir='ltr'>possibi-</span> 
     </span>
     <span class='ocr_line' id='line_1_31' title="bbox 133 2875 930 2945; baseline 0.001 -14"><span class='ocrx_word' id='word_1_332' title='bbox 133 2875 195 2931; x_wconf 89' lang='lat' dir='ltr'>litas</span> <span class='ocrx_word' id='word_1_333' title='bbox 219 2876 417 2932; x_wconf 90' lang='lat' dir='ltr'>eoncumbendi</span> <span class='ocrx_word' id='word_1_334' title='bbox 441 2877 480 2931; x_wconf 87' lang='lat' dir='ltr'>eis</span> <span class='ocrx_word' id='word_1_335' title='bbox 507 2877 612 2932; x_wconf 89' lang='lat' dir='ltr'>reddita</span> <span class='ocrx_word' id='word_1_336' title='bbox 634 2875 732 2945; x_wconf 88' lang='lat' dir='ltr'>fuerit,</span> <span class='ocrx_word' id='word_1_337' title='bbox 762 2877 930 2933; x_wconf 90' lang='lat' dir='ltr'>reconciliari</span> 
     </span>
     <span class='ocr_line' id='line_1_32' title="bbox 134 2963 930 3037; baseline 0.004 -18"><span class='ocrx_word' id='word_1_338' title='bbox 134 2963 296 3035; x_wconf 85' lang='lat' dir='ltr'>nequibunt.</span> <span class='ocrx_word' id='word_1_339' title='bbox 316 2965 488 3020; x_wconf 90' lang='lat' dir='ltr'>lncestuosas</span> <span class='ocrx_word' id='word_1_340' title='bbox 503 2972 594 3020; x_wconf 89' lang='lat' dir='ltr'>autem</span> <span class='ocrx_word' id='word_1_341' title='bbox 615 2965 733 3037; x_wconf 89' lang='lat' dir='ltr'>nuptias,</span> <span class='ocrx_word' id='word_1_342' title='bbox 757 2975 869 3037; x_wconf 89' lang='lat' dir='ltr'>propter</span> <span class='ocrx_word' id='word_1_343' title='bbox 892 2966 930 3022; x_wconf 91' lang='lat' dir='ltr'>in-</span> 
     </span>
     <span class='ocr_line' id='line_1_33' title="bbox 134 3139 930 3209; baseline 0.005 -14"><span class='ocrx_word' id='word_1_344' title='bbox 134 3139 269 3207; x_wconf 85' lang='lat' dir='ltr'>diximus,</span> <span class='ocrx_word' id='word_1_345' title='bbox 299 3141 446 3197; x_wconf 88' lang='lat' dir='ltr'>etiterum</span> <span class='ocrx_word' id='word_1_346' title='bbox 470 3140 602 3209; x_wconf 89' lang='lat' dir='ltr'>dicimus,</span> <span class='ocrx_word' id='word_1_347' title='bbox 628 3142 727 3197; x_wconf 87' lang='lat' dir='ltr'>Christi</span> <span class='ocrx_word' id='word_1_348' title='bbox 751 3150 776 3197; x_wconf 90' lang='lat' dir='ltr'>et</span> <span class='ocrx_word' id='word_1_349' title='bbox 800 3143 930 3199; x_wconf 75' lang='lat' dir='ltr'>Ecclesia</span> 
     </span>
     <span class='ocr_line' id='line_1_34' title="bbox 136 3230 931 3302; baseline 0.004 -19"><span class='ocrx_word' id='word_1_350' title='bbox 136 3237 345 3298; x_wconf 87' lang='lat' dir='ltr'>sacramentum,</span> <span class='ocrx_word' id='word_1_351' title='bbox 361 3245 417 3285; x_wconf 91' lang='lat' dir='ltr'>non</span> <span class='ocrx_word' id='word_1_352' title='bbox 432 3230 532 3286; x_wconf 89' lang='lat' dir='ltr'>debere</span> <span class='ocrx_word' id='word_1_353' title='bbox 546 3246 668 3297; x_wconf 90' lang='lat' dir='ltr'>manere,</span> <span class='ocrx_word' id='word_1_354' title='bbox 681 3231 730 3287; x_wconf 91' lang='lat' dir='ltr'>sed</span> <span class='ocrx_word' id='word_1_355' title='bbox 738 3231 841 3286; x_wconf 89' lang='lat' dir='ltr'>crimen</span> <span class='ocrx_word' id='word_1_356' title='bbox 851 3248 931 3302; x_wconf 92' lang='lat' dir='ltr'>sepa-</span> 
     </span>
     <span class='ocr_line' id='line_1_35' title="bbox 134 3316 929 3390; baseline 0.004 -17"><span class='ocrx_word' id='word_1_357' title='bbox 134 3316 240 3373; x_wconf 90' lang='lat' dir='ltr'>ratione</span> <span class='ocrx_word' id='word_1_358' title='bbox 255 3326 281 3374; x_wconf 92' lang='lat' dir='ltr'>et</span> <span class='ocrx_word' id='word_1_359' title='bbox 294 3318 453 3390; x_wconf 76' lang='lat' dir='ltr'>paenitentia</span> <span class='ocrx_word' id='word_1_360' title='bbox 467 3319 569 3375; x_wconf 91' lang='lat' dir='ltr'>debere</span> <span class='ocrx_word' id='word_1_361' title='bbox 584 3319 677 3374; x_wconf 87' lang='lat' dir='ltr'>sanari</span> <span class='ocrx_word' id='word_1_362' title='bbox 691 3335 845 3376; x_wconf 88' lang='lat' dir='ltr'>noscamus.</span> <span class='ocrx_word' id='word_1_363' title='bbox 868 3321 929 3376; x_wconf 90' lang='lat' dir='ltr'>Ste-</span> 
     </span>
     <span class='ocr_line' id='line_1_36' title="bbox 133 3406 930 3481; baseline 0.004 -20"><span class='ocrx_word' id='word_1_364' title='bbox 133 3406 218 3478; x_wconf 90' lang='lat' dir='ltr'>phani</span> <span class='ocrx_word' id='word_1_365' title='bbox 233 3422 299 3465; x_wconf 88' lang='lat' dir='ltr'>vero</span> <span class='ocrx_word' id='word_1_366' title='bbox 313 3407 431 3479; x_wconf 84' lang='lat' dir='ltr'>nuptias,</span> <span class='ocrx_word' id='word_1_367' title='bbox 449 3408 484 3463; x_wconf 89' lang='lat' dir='ltr'>de</span> <span class='ocrx_word' id='word_1_368' title='bbox 506 3407 604 3480; x_wconf 91' lang='lat' dir='ltr'>quibus</span> <span class='ocrx_word' id='word_1_369' title='bbox 628 3408 727 3481; x_wconf 84' lang='lat' dir='ltr'>agitur,</span> <span class='ocrx_word' id='word_1_370' title='bbox 751 3425 785 3464; x_wconf 93' lang='lat' dir='ltr'>ne</span> <span class='ocrx_word' id='word_1_371' title='bbox 812 3408 930 3465; x_wconf 90' lang='lat' dir='ltr'>incestus</span> 
     </span>
     <span class='ocr_line' id='line_1_37' title="bbox 132 3492 931 3572; baseline 0.005 -22"><span class='ocrx_word' id='word_1_372' title='bbox 132 3492 300 3563; x_wconf 68' lang='lat' dir='ltr'>admittatur,</span> <span class='ocrx_word' id='word_1_373' title='bbox 315 3497 416 3554; x_wconf 91' lang='lat' dir='ltr'>debere</span> <span class='ocrx_word' id='word_1_374' title='bbox 426 3497 539 3553; x_wconf 91' lang='lat' dir='ltr'>dissolvi</span> <span class='ocrx_word' id='word_1_375' title='bbox 549 3498 638 3554; x_wconf 88' lang='lat' dir='ltr'>modis</span> <span class='ocrx_word' id='word_1_376' title='bbox 648 3498 774 3553; x_wconf 88' lang='lat' dir='ltr'>omnibus</span> <span class='ocrx_word' id='word_1_377' title='bbox 784 3514 931 3572; x_wconf 84' lang='lat' dir='ltr'>cognosca-</span> 
     </span>
     <span class='ocr_line' id='line_1_38' title="bbox 132 3587 928 3660; baseline 0.004 -20"><span class='ocrx_word' id='word_1_378' title='bbox 132 3599 215 3641; x_wconf 89' lang='lat' dir='ltr'>mus:</span> <span class='ocrx_word' id='word_1_379' title='bbox 233 3594 259 3641; x_wconf 93' lang='lat' dir='ltr'>et</span> <span class='ocrx_word' id='word_1_380' title='bbox 279 3587 388 3657; x_wconf 88' lang='lat' dir='ltr'>nuptias</span> <span class='ocrx_word' id='word_1_381' title='bbox 411 3602 472 3659; x_wconf 75' lang='lat' dir='ltr'>qnae</span> <span class='ocrx_word' id='word_1_382' title='bbox 496 3587 615 3659; x_wconf 89' lang='lat' dir='ltr'>nuptiale</span> <span class='ocrx_word' id='word_1_383' title='bbox 639 3587 739 3643; x_wconf 91' lang='lat' dir='ltr'>babent</span> <span class='ocrx_word' id='word_1_384' title='bbox 758 3588 928 3660; x_wconf 80' lang='lat' dir='ltr'>mysterium,</span> 
     </span>
     <span class='ocr_line' id='line_1_39' title="bbox 135 3675 928 3747; baseline 0.005 -19"><span class='ocrx_word' id='word_1_385' title='bbox 135 3688 190 3730; x_wconf 92' lang='lat' dir='ltr'>non</span> <span class='ocrx_word' id='word_1_386' title='bbox 204 3691 364 3747; x_wconf 84' lang='lat' dir='ltr'>quacunque</span> <span class='ocrx_word' id='word_1_387' title='bbox 386 3675 447 3743; x_wconf 87' lang='lat' dir='ltr'>alia,</span> <span class='ocrx_word' id='word_1_388' title='bbox 472 3675 525 3730; x_wconf 92' lang='lat' dir='ltr'>nisi</span> <span class='ocrx_word' id='word_1_389' title='bbox 546 3676 604 3731; x_wconf 89' lang='lat' dir='ltr'>sola</span> <span class='ocrx_word' id='word_1_390' title='bbox 626 3675 813 3732; x_wconf 83' lang='lat' dir='ltr'>fornicationis</span> <span class='ocrx_word' id='word_1_391' title='bbox 836 3693 928 3742; x_wconf 86' lang='lat' dir='ltr'>causa,</span> 
     </span>
     <span class='ocr_line' id='line_1_40' title="bbox 135 3762 928 3833; baseline 0.001 -15"><span class='ocrx_word' id='word_1_392' title='bbox 135 3777 217 3833; x_wconf 89' lang='lat' dir='ltr'>posse</span> <span class='ocrx_word' id='word_1_393' title='bbox 224 3763 346 3831; x_wconf 87' lang='lat' dir='ltr'>dissolvi,</span> <span class='ocrx_word' id='word_1_394' title='bbox 354 3764 471 3820; x_wconf 92' lang='lat' dir='ltr'>docente</span> <span class='ocrx_word' id='word_1_395' title='bbox 482 3762 772 3819; x_wconf 87' lang='lat' dir='ltr'>Veritatisauctoritate</span> <span class='ocrx_word' id='word_1_396' title='bbox 779 3773 928 3820; x_wconf 90' lang='lat' dir='ltr'>teneamus.</span> 
     </span>
     <span class='ocr_line' id='line_1_41' title="bbox 136 3850 930 3918; baseline 0.008 -15"><span class='ocrx_word' id='word_1_397' title='bbox 136 3850 272 3918; x_wconf 82' lang='lat' dir='ltr'>Quoniam</span> <span class='ocrx_word' id='word_1_398' title='bbox 286 3851 337 3905; x_wconf 89' lang='lat' dir='ltr'>etsi</span> <span class='ocrx_word' id='word_1_399' title='bbox 352 3851 488 3907; x_wconf 92' lang='lat' dir='ltr'>communi</span> <span class='ocrx_word' id='word_1_400' title='bbox 498 3865 634 3907; x_wconf 90' lang='lat' dir='ltr'>consensu</span> <span class='ocrx_word' id='word_1_401' title='bbox 645 3851 838 3907; x_wconf 89' lang='lat' dir='ltr'>continentiam</span> <span class='ocrx_word' id='word_1_402' title='bbox 849 3868 930 3909; x_wconf 91' lang='lat' dir='ltr'>vove·</span> 
     </span>
     <span class='ocr_line' id='line_1_42' title="bbox 132 3936 930 4010; baseline 0.008 -21"><span class='ocrx_word' id='word_1_403' title='bbox 132 3936 186 3990; x_wconf 90' lang='lat' dir='ltr'>rint</span> <span class='ocrx_word' id='word_1_404' title='bbox 200 3937 341 4007; x_wconf 84' lang='lat' dir='ltr'>conjuges,</span> <span class='ocrx_word' id='word_1_405' title='bbox 358 3945 432 3992; x_wconf 91' lang='lat' dir='ltr'>tanto</span> <span class='ocrx_word' id='word_1_406' title='bbox 450 3937 584 4003; x_wconf 87' lang='lat' dir='ltr'>obnixius,</span> <span class='ocrx_word' id='word_1_407' title='bbox 609 3949 708 4010; x_wconf 89' lang='lat' dir='ltr'>quanto</span> <span class='ocrx_word' id='word_1_408' title='bbox 731 3939 879 4010; x_wconf 89' lang='lat' dir='ltr'>spiritalius</span> <span class='ocrx_word' id='word_1_409' title='bbox 903 3941 930 3996; x_wconf 91' lang='lat' dir='ltr'>in</span> 
     </span>
     <span class='ocr_line' id='line_1_43' title="bbox 135 4023 930 4096; baseline 0.01 -18"><span class='ocrx_word' id='word_1_410' title='bbox 135 4023 252 4080; x_wconf 92' lang='lat' dir='ltr'>Domino</span> <span class='ocrx_word' id='word_1_411' title='bbox 263 4024 348 4093; x_wconf 89' lang='lat' dir='ltr'>juncti</span> <span class='ocrx_word' id='word_1_412' title='bbox 364 4026 513 4081; x_wconf 89' lang='lat' dir='ltr'>manebunt</span> <span class='ocrx_word' id='word_1_413' title='bbox 528 4043 536 4079; x_wconf 74' lang='grc' dir='ltr'><strong>ε</strong></span> <span class='ocrx_word' id='word_1_414' title='bbox 553 4042 668 4096; x_wconf 85' lang='lat' dir='ltr'>qttorum</span> <span class='ocrx_word' id='word_1_415' title='bbox 684 4028 875 4096; x_wconf 82' lang='lat' dir='ltr'>conjunctioni,</span> <span class='ocrx_word' id='word_1_416' title='bbox 898 4046 930 4086; x_wconf 88' lang='lat' dir='ltr'>ac</span> 
     </span>
     <span class='ocr_line' id='line_1_44' title="bbox 134 4111 931 4188; baseline 0.011 -23"><span class='ocrx_word' id='word_1_417' title='bbox 134 4111 257 4166; x_wconf 80' lang='lat' dir='ltr'>indivisae</span> <span class='ocrx_word' id='word_1_418' title='bbox 272 4114 446 4183; x_wconf 88' lang='lat' dir='ltr'>separationi,</span> <span class='ocrx_word' id='word_1_419' title='bbox 463 4114 535 4169; x_wconf 90' lang='lat' dir='ltr'>nulla</span> <span class='ocrx_word' id='word_1_420' title='bbox 555 4115 688 4171; x_wconf 91' lang='lat' dir='ltr'>simulatio</span> <span class='ocrx_word' id='word_1_421' title='bbox 712 4117 738 4171; x_wconf 93' lang='lat' dir='ltr'>in</span> <span class='ocrx_word' id='word_1_422' title='bbox 762 4117 849 4173; x_wconf 90' lang='lat' dir='ltr'>oculis</span> <span class='ocrx_word' id='word_1_423' title='bbox 873 4119 931 4188; x_wconf 89' lang='lat' dir='ltr'>ejus</span> 
     </span>
     <span class='ocr_line' id='line_1_45' title="bbox 134 4200 931 4275; baseline 0.006 -19"><span class='ocrx_word' id='word_1_424' title='bbox 134 4200 299 4257; x_wconf 88' lang='lat' dir='ltr'>intervenire</span> <span class='ocrx_word' id='word_1_425' title='bbox 313 4202 423 4273; x_wconf 80' lang='lat' dir='ltr'>valebit,</span> <span class='ocrx_word' id='word_1_426' title='bbox 440 4203 486 4275; x_wconf 84' lang='lat' dir='ltr'>qui</span> <span class='ocrx_word' id='word_1_427' title='bbox 501 4203 621 4260; x_wconf 91' lang='lat' dir='ltr'>cordium</span> <span class='ocrx_word' id='word_1_428' title='bbox 635 4221 665 4259; x_wconf 91' lang='lat' dir='ltr'>ac</span> <span class='ocrx_word' id='word_1_429' title='bbox 680 4221 776 4262; x_wconf 91' lang='lat' dir='ltr'>renum</span> <span class='ocrx_word' id='word_1_430' title='bbox 797 4214 931 4263; x_wconf 88' lang='lat' dir='ltr'>scrutator</span> 
     </span>
     <span class='ocr_line' id='line_1_46' title="bbox 133 4291 389 4365; baseline -0.004 -18"><span class='ocrx_word' id='word_1_431' title='bbox 133 4306 195 4347; x_wconf 90' lang='lat' dir='ltr'>esse</span> <span class='ocrx_word' id='word_1_432' title='bbox 210 4291 389 4365; x_wconf 83' lang='lat' dir='ltr'>dignoscitur.</span> 
     </span>
    </p>
   </div>
   <div class='ocr_carea' id='block_1_5' title="bbox 977 1860 1777 2995">
    <p class='ocr_par' dir='ltr' id='par_1_5' title="bbox 977 1860 1777 2995">
     <span class='ocr_line' id='line_1_47' title="bbox 983 1860 1774 1931; baseline -0.001 -15"><span class='ocrx_word' id='word_1_433' title='bbox 983 1893 989 1902; x_wconf 90' lang='lat'><strong>·</strong></span> <span class='ocrx_word' id='word_1_434' title='bbox 1013 1861 1081 1930; x_wconf 81' lang='lat' dir='ltr'>Quia</span> <span class='ocrx_word' id='word_1_435' title='bbox 1096 1863 1175 1917; x_wconf 90' lang='lat' dir='ltr'>etiam</span> <span class='ocrx_word' id='word_1_436' title='bbox 1189 1870 1299 1918; x_wconf 89' lang='lat' dir='ltr'>sanctus</span> <span class='ocrx_word' id='word_1_437' title='bbox 1315 1861 1429 1917; x_wconf 84' lang='lat' dir='ltr'>Sinicius</span> <span class='ocrx_word' id='word_1_438' title='bbox 1444 1861 1478 1917; x_wconf 89' lang='lat' dir='ltr'>de</span> <span class='ocrx_word' id='word_1_439' title='bbox 1494 1860 1684 1917; x_wconf 88' lang='lat' dir='ltr'>benedictione</span> <span class='ocrx_word' id='word_1_440' title='bbox 1698 1875 1774 1931; x_wconf 91' lang='lat' dir='ltr'>spon·</span> 
     </span>
     <span class='ocr_line' id='line_1_48' title="bbox 977 1949 1775 2022; baseline -0.003 -17"><span class='ocrx_word' id='word_1_441' title='bbox 977 1966 1067 2005; x_wconf 87' lang='lat' dir='ltr'>sarum</span> <span class='ocrx_word' id='word_1_442' title='bbox 1082 1951 1109 2005; x_wconf 93' lang='lat' dir='ltr'>in</span> <span class='ocrx_word' id='word_1_443' title='bbox 1124 1951 1241 2006; x_wconf 87' lang='lat' dir='ltr'>decretis</span> <span class='ocrx_word' id='word_1_444' title='bbox 1256 1951 1312 2005; x_wconf 91' lang='lat' dir='ltr'>suis</span> <span class='ocrx_word' id='word_1_445' title='bbox 1327 1951 1452 2021; x_wconf 80' lang='lat' dir='ltr'>quaedam</span> <span class='ocrx_word' id='word_1_446' title='bbox 1471 1965 1574 2022; x_wconf 89' lang='lat' dir='ltr'>ponere</span> <span class='ocrx_word' id='word_1_447' title='bbox 1596 1949 1710 2004; x_wconf 91' lang='lat' dir='ltr'>studuit.</span> <span class='ocrx_word' id='word_1_448' title='bbox 1737 1950 1775 2004; x_wconf 88' lang='lat' dir='ltr'>De</span> 
     </span>
     <span class='ocr_line' id='line_1_49' title="bbox 979 2039 1775 2111; baseline -0.001 -19"><span class='ocrx_word' id='word_1_449' title='bbox 979 2040 1085 2111; x_wconf 89' lang='lat' dir='ltr'>quihus,</span> <span class='ocrx_word' id='word_1_450' title='bbox 1101 2039 1174 2111; x_wconf 90' lang='lat' dir='ltr'>quod</span> <span class='ocrx_word' id='word_1_451' title='bbox 1190 2047 1282 2094; x_wconf 91' lang='lat' dir='ltr'>notum</span> <span class='ocrx_word' id='word_1_452' title='bbox 1297 2047 1347 2098; x_wconf 87' lang='lat' dir='ltr'>est,</span> <span class='ocrx_word' id='word_1_453' title='bbox 1361 2040 1432 2094; x_wconf 86' lang='lat' dir='ltr'>sacri</span> <span class='ocrx_word' id='word_1_454' title='bbox 1441 2054 1561 2094; x_wconf 89' lang='lat' dir='ltr'>canones</span> <span class='ocrx_word' id='word_1_455' title='bbox 1576 2039 1737 2105; x_wconf 86' lang='lat' dir='ltr'>decernunt,</span> <span class='ocrx_word' id='word_1_456' title='bbox 1750 2047 1775 2092; x_wconf 91' lang='lat' dir='ltr'>et</span> 
     </span>
     <span class='ocr_line' id='line_1_50' title="bbox 978 2127 1774 2199; baseline -0.001 -18"><span class='ocrx_word' id='word_1_457' title='bbox 978 2143 1028 2183; x_wconf 89' lang='lat' dir='ltr'>nos</span> <span class='ocrx_word' id='word_1_458' title='bbox 1046 2127 1143 2183; x_wconf 89' lang='lat' dir='ltr'>exinde</span> <span class='ocrx_word' id='word_1_459' title='bbox 1158 2129 1249 2199; x_wconf 87' lang='lat' dir='ltr'>aliqua</span> <span class='ocrx_word' id='word_1_460' title='bbox 1263 2128 1390 2195; x_wconf 89' lang='lat' dir='ltr'>diximus,</span> <span class='ocrx_word' id='word_1_461' title='bbox 1406 2135 1432 2181; x_wconf 90' lang='lat' dir='ltr'>et</span> <span class='ocrx_word' id='word_1_462' title='bbox 1445 2127 1524 2197; x_wconf 88' lang='lat' dir='ltr'>plura</span> <span class='ocrx_word' id='word_1_463' title='bbox 1548 2127 1603 2181; x_wconf 86' lang='lat' dir='ltr'>alia</span> <span class='ocrx_word' id='word_1_464' title='bbox 1621 2127 1774 2181; x_wconf 87' lang='lat' dir='ltr'>diceremus</span> 
     </span>
     <span class='ocr_line' id='line_1_51' title="bbox 979 2216 1775 2288; baseline -0.001 -18"><span class='ocrx_word' id='word_1_465' title='bbox 979 2217 1001 2270; x_wconf 92' lang='lat' dir='ltr'>si</span> <span class='ocrx_word' id='word_1_466' title='bbox 1022 2217 1065 2270; x_wconf 86' lang='lat' dir='ltr'>his</span> <span class='ocrx_word' id='word_1_467' title='bbox 1086 2217 1197 2287; x_wconf 89' lang='lat' dir='ltr'>nuptiis,</span> <span class='ocrx_word' id='word_1_468' title='bbox 1222 2217 1256 2272; x_wconf 87' lang='lat' dir='ltr'>de</span> <span class='ocrx_word' id='word_1_469' title='bbox 1279 2218 1376 2288; x_wconf 89' lang='lat' dir='ltr'>quihus</span> <span class='ocrx_word' id='word_1_470' title='bbox 1397 2216 1534 2287; x_wconf 89' lang='lat' dir='ltr'>loquimur</span> <span class='ocrx_word' id='word_1_471' title='bbox 1557 2216 1775 2270; x_wconf 89' lang='lat' dir='ltr'>benedictionem</span> 
     </span>
     <span class='ocr_line' id='line_1_52' title="bbox 979 2304 1775 2360; baseline -0.001 -2"><span class='ocrx_word' id='word_1_472' title='bbox 979 2304 1172 2360; x_wconf 90' lang='lat' dir='ltr'>sacerdotalem</span> <span class='ocrx_word' id='word_1_473' title='bbox 1186 2305 1276 2359; x_wconf 91' lang='lat' dir='ltr'>datam</span> <span class='ocrx_word' id='word_1_474' title='bbox 1293 2304 1376 2359; x_wconf 89' lang='lat' dir='ltr'>fuisse</span> <span class='ocrx_word' id='word_1_475' title='bbox 1392 2320 1424 2359; x_wconf 92' lang='lat' dir='ltr'>ex</span> <span class='ocrx_word' id='word_1_476' title='bbox 1439 2304 1712 2360; x_wconf 86' lang='lat' dir='ltr'>moreecclesiastieo</span> <span class='ocrx_word' id='word_1_477' title='bbox 1727 2320 1775 2358; x_wconf 90' lang='lat' dir='ltr'>au-</span> 
     </span>
     <span class='ocr_line' id='line_1_53' title="bbox 978 2391 1775 2463; baseline 0 -16"><span class='ocrx_word' id='word_1_478' title='bbox 978 2393 1108 2447; x_wconf 87' lang='lat' dir='ltr'>diremus.</span> <span class='ocrx_word' id='word_1_479' title='bbox 1126 2393 1180 2448; x_wconf 87' lang='lat' dir='ltr'>Sed</span> <span class='ocrx_word' id='word_1_480' title='bbox 1195 2392 1293 2463; x_wconf 90' lang='lat' dir='ltr'>quibus</span> <span class='ocrx_word' id='word_1_481' title='bbox 1308 2392 1399 2447; x_wconf 88' lang='lat' dir='ltr'>debita</span> <span class='ocrx_word' id='word_1_482' title='bbox 1414 2391 1482 2447; x_wconf 86' lang='lat' dir='ltr'>fides</span> <span class='ocrx_word' id='word_1_483' title='bbox 1497 2391 1591 2457; x_wconf 89' lang='lat' dir='ltr'>defuit,</span> <span class='ocrx_word' id='word_1_484' title='bbox 1615 2392 1708 2447; x_wconf 88' lang='lat' dir='ltr'>locum</span> <span class='ocrx_word' id='word_1_485' title='bbox 1728 2392 1775 2447; x_wconf 89' lang='lat' dir='ltr'>he-</span> 
     </span>
     <span class='ocr_line' id='line_1_54' title="bbox 978 2480 1776 2551; baseline 0 -16"><span class='ocrx_word' id='word_1_486' title='bbox 978 2482 1096 2536; x_wconf 91' lang='lat' dir='ltr'>nedictio</span> <span class='ocrx_word' id='word_1_487' title='bbox 1119 2481 1297 2536; x_wconf 83' lang='lat' dir='ltr'>sacerdotalis</span> <span class='ocrx_word' id='word_1_488' title='bbox 1321 2497 1374 2535; x_wconf 94' lang='lat' dir='ltr'>non</span> <span class='ocrx_word' id='word_1_489' title='bbox 1397 2480 1491 2535; x_wconf 89' lang='lat' dir='ltr'>babuit</span> <span class='ocrx_word' id='word_1_490' title='bbox 1511 2498 1518 2535; x_wconf 78' lang='lat' dir='ltr'><strong><em>z</em></strong></span> <span class='ocrx_word' id='word_1_491' title='bbox 1538 2482 1695 2551; x_wconf 80' lang='lat' dir='ltr'>praesertim</span> <span class='ocrx_word' id='word_1_492' title='bbox 1717 2497 1776 2536; x_wconf 90' lang='lat' dir='ltr'>cum</span> 
     </span>
     <span class='ocr_line' id='line_1_55' title="bbox 979 2569 1773 2642; baseline 0.005 -17"><span class='ocrx_word' id='word_1_493' title='bbox 979 2570 1109 2639; x_wconf 86' lang='lat' dir='ltr'>seriptum</span> <span class='ocrx_word' id='word_1_494' title='bbox 1124 2570 1158 2623; x_wconf 88' lang='lat' dir='ltr'>sit</span> <span class='ocrx_word' id='word_1_495' title='bbox 1175 2586 1182 2622; x_wconf 75' lang='grc' dir='ltr'><strong><em>ι</em></strong></span> <span class='ocrx_word' id='word_1_496' title='bbox 1200 2571 1231 2624; x_wconf 86' lang='lat' dir='ltr'>ln</span> <span class='ocrx_word' id='word_1_497' title='bbox 1246 2585 1441 2642; x_wconf 71' lang='lat' dir='ltr'>quameunque</span> <span class='ocrx_word' id='word_1_498' title='bbox 1456 2569 1569 2625; x_wconf 79' lang='lat' dir='ltr'>domuum</span> <span class='ocrx_word' id='word_1_499' title='bbox 1584 2571 1773 2629; x_wconf 74' lang='lat' dir='ltr'>intraveritis.</span> 
     </span>
     <span class='ocr_line' id='line_1_56' title="bbox 978 2658 1776 2730; baseline -0.003 -17"><span class='ocrx_word' id='word_1_500' title='bbox 978 2661 1102 2730; x_wconf 85' lang='lat' dir='ltr'>primam</span> <span class='ocrx_word' id='word_1_501' title='bbox 1119 2659 1203 2714; x_wconf 77' lang='lat' dir='ltr'>dicite</span> <span class='ocrx_word' id='word_1_502' title='bbox 1220 2678 1229 2712; x_wconf 91' lang='lat'><em>:</em></span> <span class='ocrx_word' id='word_1_503' title='bbox 1246 2660 1308 2713; x_wconf 77' lang='lat' dir='ltr'>Pur</span> <span class='ocrx_word' id='word_1_504' title='bbox 1323 2658 1510 2724; x_wconf 84' lang='lat' dir='ltr'>huiedumui;</span> <span class='ocrx_word' id='word_1_505' title='bbox 1526 2662 1555 2713; x_wconf 84' lang='lat' dir='ltr'>et</span> <span class='ocrx_word' id='word_1_506' title='bbox 1568 2659 1592 2712; x_wconf 84' lang='lat' dir='ltr'>si</span> <span class='ocrx_word' id='word_1_507' title='bbox 1606 2660 1776 2727; x_wconf 74' lang='lat' dir='ltr'>[neritinae</span> 
     </span>
     <span class='ocr_line' id='line_1_57' title="bbox 979 2747 1776 2819; baseline -0.001 -18"><span class='ocrx_word' id='word_1_508' title='bbox 979 2747 1056 2815; x_wconf 75' lang='lat' dir='ltr'>salius</span> <span class='ocrx_word' id='word_1_509' title='bbox 1070 2747 1159 2819; x_wconf 83' lang='lat' dir='ltr'>puris,</span> <span class='ocrx_word' id='word_1_510' title='bbox 1175 2748 1329 2818; x_wconf 78' lang='lat' dir='ltr'>rt’qar&#39;eacet</span> <span class='ocrx_word' id='word_1_511' title='bbox 1344 2762 1428 2818; x_wconf 80' lang='lat' dir='ltr'>saper·</span> <span class='ocrx_word' id='word_1_512' title='bbox 1438 2747 1692 2818; x_wconf 81' lang='lat' dir='ltr'>illumpuaruestra</span> <span class='ocrx_word' id='word_1_513' title='bbox 1709 2766 1717 2802; x_wconf 91' lang='lat'>:</span> <span class='ocrx_word' id='word_1_514' title='bbox 1733 2747 1776 2801; x_wconf 80' lang='lat' dir='ltr'>aia</span> 
     </span>
     <span class='ocr_line' id='line_1_58' title="bbox 979 2834 1777 2906; baseline -0.001 -16"><span class='ocrx_word' id='word_1_515' title='bbox 979 2838 1085 2899; x_wconf 73' lang='lat' dir='ltr'>orclem,</span> <span class='ocrx_word' id='word_1_516' title='bbox 1095 2852 1154 2906; x_wconf 79' lang='lat' dir='ltr'>pur</span> <span class='ocrx_word' id='word_1_517' title='bbox 1163 2840 1254 2890; x_wconf 84' lang='lat' dir='ltr'>vestra</span> <span class='ocrx_word' id='word_1_518' title='bbox 1266 2835 1302 2889; x_wconf 88' lang='lat' dir='ltr'>ud</span> <span class='ocrx_word' id='word_1_519' title='bbox 1311 2851 1357 2890; x_wconf 85' lang='lat' dir='ltr'>uos</span> <span class='ocrx_word' id='word_1_520' title='bbox 1367 2838 1525 2890; x_wconf 74' lang='lat' dir='ltr'>reuertatur</span> <span class='ocrx_word' id='word_1_521' title='bbox 1535 2835 1613 2906; x_wconf 76' lang='lat' dir='ltr'>(Leuc.</span> <span class='ocrx_word' id='word_1_522' title='bbox 1625 2834 1668 2905; x_wconf 78' lang='lat' dir='ltr'>x).</span> <span class='ocrx_word' id='word_1_523' title='bbox 1685 2834 1720 2889; x_wconf 89' lang='lat' dir='ltr'>Et</span> <span class='ocrx_word' id='word_1_524' title='bbox 1729 2834 1777 2889; x_wconf 89' lang='lat' dir='ltr'>Pe-</span> 
     </span>
     <span class='ocr_line' id='line_1_59' title="bbox 980 2916 1777 2995; baseline 0.003 -19"><span class='ocrx_word' id='word_1_525' title='bbox 980 2916 1038 2977; x_wconf 87' lang='lat' dir='ltr'>tr&#39;us</span> <span class='ocrx_word' id='word_1_526' title='bbox 1054 2922 1169 2979; x_wconf 86' lang='lat' dir='ltr'>Domino</span> <span class='ocrx_word' id='word_1_527' title='bbox 1185 2931 1211 2977; x_wconf 91' lang='lat' dir='ltr'>et</span> <span class='ocrx_word' id='word_1_528' title='bbox 1221 2921 1347 2978; x_wconf 82' lang='lat' dir='ltr'>fidelibus</span> <span class='ocrx_word' id='word_1_529' title='bbox 1358 2923 1422 2978; x_wconf 86' lang='lat' dir='ltr'>dicit</span> <span class='ocrx_word' id='word_1_530' title='bbox 1434 2939 1441 2977; x_wconf 90' lang='lat'>:</span> <span class='ocrx_word' id='word_1_531' title='bbox 1453 2923 1518 2978; x_wconf 80' lang='lat' dir='ltr'>Fide</span> <span class='ocrx_word' id='word_1_532' title='bbox 1526 2924 1686 2995; x_wconf 76' lang='lat' dir='ltr'>purificans</span> <span class='ocrx_word' id='word_1_533' title='bbox 1697 2923 1777 2980; x_wconf 86' lang='lat' dir='ltr'>cordo</span> 
     </span>
    </p>
   </div>
   <div class='ocr_carea' id='block_1_6' title="bbox 133 3011 1778 3125">
    <p class='ocr_par' dir='ltr' id='par_1_6' title="bbox 133 3011 1778 3125">
     <span class='ocr_line' id='line_1_60' title="bbox 133 3011 1778 3125; baseline -0.002 -56"><span class='ocrx_word' id='word_1_534' title='bbox 133 3059 226 3109; x_wconf 56' lang='lat' dir='ltr'>cestus</span> <span class='ocrx_word' id='word_1_535' title='bbox 246 3052 359 3120; x_wconf 71' lang='lat' dir='ltr'>cumen,</span> <span class='ocrx_word' id='word_1_536' title='bbox 386 3053 459 3125; x_wconf 66' lang='lat' dir='ltr'>quod</span> <span class='ocrx_word' id='word_1_537' title='bbox 480 3054 581 3108; x_wconf 56' lang='lat' dir='ltr'>habere</span> <span class='ocrx_word' id='word_1_538' title='bbox 605 3069 660 3108; x_wconf 68' lang='lat' dir='ltr'>non</span> <span class='ocrx_word' id='word_1_539' title='bbox 680 3061 779 3124; x_wconf 49' lang='lat' dir='ltr'>potes„</span> <span class='ocrx_word' id='word_1_540' title='bbox 805 3063 832 3108; x_wconf 66' lang='lat' dir='ltr'><strong>m</strong></span> <span class='ocrx_word' id='word_1_541' title='bbox 854 3071 930 3125; x_wconf 42' lang='lat' dir='ltr'>prius</span> <span class='ocrx_word' id='word_1_542' title='bbox 945 3019 1076 3113; x_wconf 77' lang='lat' dir='ltr'>Gaurum</span> <span class='ocrx_word' id='word_1_543' title='bbox 1091 3015 1163 3082; x_wconf 79' lang='lat' dir='ltr'>(Act.</span> <span class='ocrx_word' id='word_1_544' title='bbox 1180 3012 1240 3077; x_wconf 82' lang='lat' dir='ltr'>xv).</span> <span class='ocrx_word' id='word_1_545' title='bbox 1256 3012 1288 3066; x_wconf 90' lang='lat' dir='ltr'>Et</span> <span class='ocrx_word' id='word_1_546' title='bbox 1299 3011 1363 3066; x_wconf 94' lang='lat' dir='ltr'>item</span> <span class='ocrx_word' id='word_1_547' title='bbox 1374 3011 1554 3082; x_wconf 89' lang='lat' dir='ltr'>scriptumest</span> <span class='ocrx_word' id='word_1_548' title='bbox 1567 3029 1573 3064; x_wconf 92' lang='lat'>:</span> <span class='ocrx_word' id='word_1_549' title='bbox 1585 3012 1778 3084; x_wconf 77' lang='lat' dir='ltr'>(liraniuoperu</span> 
     </span>
    </p>
   </div>
   <div class='ocr_carea' id='block_1_7' title="bbox 980 3100 1779 3526">
    <p class='ocr_par' dir='ltr' id='par_1_7' title="bbox 980 3100 1779 3526">
     <span class='ocr_line' id='line_1_61' title="bbox 981 3100 1778 3172; baseline 0 -16"><span class='ocrx_word' id='word_1_550' title='bbox 981 3117 1042 3172; x_wconf 71' lang='lat' dir='ltr'>epus</span> <span class='ocrx_word' id='word_1_551' title='bbox 1057 3117 1094 3156; x_wconf 78' lang='lat' dir='ltr'>ea</span> <span class='ocrx_word' id='word_1_552' title='bbox 1109 3101 1174 3169; x_wconf 76' lang='lat' dir='ltr'>fide,</span> <span class='ocrx_word' id='word_1_553' title='bbox 1190 3107 1217 3154; x_wconf 88' lang='lat' dir='ltr'>et</span> <span class='ocrx_word' id='word_1_554' title='bbox 1229 3100 1336 3167; x_wconf 86' lang='lat' dir='ltr'>iterum,</span> <span class='ocrx_word' id='word_1_555' title='bbox 1355 3100 1430 3167; x_wconf 80' lang='lat' dir='ltr'>Quod</span> <span class='ocrx_word' id='word_1_556' title='bbox 1440 3116 1496 3156; x_wconf 81' lang='lat' dir='ltr'>nora</span> <span class='ocrx_word' id='word_1_557' title='bbox 1505 3105 1548 3155; x_wconf 83' lang='lat' dir='ltr'>est</span> <span class='ocrx_word' id='word_1_558' title='bbox 1560 3116 1596 3155; x_wconf 81' lang='lat' dir='ltr'>er</span> <span class='ocrx_word' id='word_1_559' title='bbox 1606 3100 1672 3169; x_wconf 79' lang='lat' dir='ltr'>fide.</span> <span class='ocrx_word' id='word_1_560' title='bbox 1680 3117 1778 3172; x_wconf 81' lang='lat' dir='ltr'>pccca-</span> 
     </span>
     <span class='ocr_line' id='line_1_62' title="bbox 982 3188 1779 3260; baseline -0.001 -16"><span class='ocrx_word' id='word_1_561' title='bbox 982 3192 1043 3244; x_wconf 84' lang='lat' dir='ltr'>fum</span> <span class='ocrx_word' id='word_1_562' title='bbox 1068 3192 1111 3244; x_wconf 85' lang='lat' dir='ltr'>est</span> <span class='ocrx_word' id='word_1_563' title='bbox 1136 3190 1225 3257; x_wconf 82' lang='lat' dir='ltr'>(Rom.</span> <span class='ocrx_word' id='word_1_564' title='bbox 1250 3190 1322 3257; x_wconf 83' lang='lat' dir='ltr'>xvv).</span> <span class='ocrx_word' id='word_1_565' title='bbox 1336 3188 1369 3243; x_wconf 92' lang='lat' dir='ltr'>Et</span> <span class='ocrx_word' id='word_1_566' title='bbox 1384 3188 1430 3242; x_wconf 90' lang='lat' dir='ltr'>ubi</span> <span class='ocrx_word' id='word_1_567' title='bbox 1446 3197 1587 3260; x_wconf 89' lang='lat' dir='ltr'>peccatum</span> <span class='ocrx_word' id='word_1_568' title='bbox 1601 3197 1705 3255; x_wconf 88' lang='lat' dir='ltr'>manet,</span> <span class='ocrx_word' id='word_1_569' title='bbox 1717 3196 1779 3244; x_wconf 88' lang='lat' dir='ltr'>ante</span> 
     </span>
     <span class='ocr_line' id='line_1_63' title="bbox 981 3276 1778 3346; baseline -0.003 -14"><span class='ocrx_word' id='word_1_570' title='bbox 981 3290 1132 3346; x_wconf 80' lang='lat' dir='ltr'>congruam</span> <span class='ocrx_word' id='word_1_571' title='bbox 1147 3276 1355 3331; x_wconf 81' lang='lat' dir='ltr'>satisfactionem</span> <span class='ocrx_word' id='word_1_572' title='bbox 1381 3276 1534 3332; x_wconf 90' lang='lat' dir='ltr'>benedictio</span> <span class='ocrx_word' id='word_1_573' title='bbox 1551 3276 1642 3332; x_wconf 89' lang='lat' dir='ltr'>locum</span> <span class='ocrx_word' id='word_1_574' title='bbox 1657 3292 1713 3331; x_wconf 92' lang='lat' dir='ltr'>non</span> <span class='ocrx_word' id='word_1_575' title='bbox 1728 3278 1778 3330; x_wconf 91' lang='lat' dir='ltr'>ha-</span> 
     </span>
     <span class='ocr_line' id='line_1_64' title="bbox 980 3364 1779 3439; baseline -0.004 -17"><span class='ocrx_word' id='word_1_576' title='bbox 980 3366 1036 3422; x_wconf 89' lang='lat' dir='ltr'>het.</span> <span class='ocrx_word' id='word_1_577' title='bbox 1051 3365 1125 3420; x_wconf 90' lang='lat' dir='ltr'>Nihil</span> <span class='ocrx_word' id='word_1_578' title='bbox 1139 3366 1221 3435; x_wconf 93' lang='lat' dir='ltr'>enim,</span> <span class='ocrx_word' id='word_1_579' title='bbox 1238 3374 1267 3420; x_wconf 93' lang='lat' dir='ltr'>ut</span> <span class='ocrx_word' id='word_1_580' title='bbox 1280 3366 1375 3419; x_wconf 90' lang='lat' dir='ltr'>beatus</span> <span class='ocrx_word' id='word_1_581' title='bbox 1391 3365 1455 3420; x_wconf 88' lang='lat' dir='ltr'>dicit</span> <span class='ocrx_word' id='word_1_582' title='bbox 1479 3364 1640 3439; x_wconf 84' lang='lat' dir='ltr'>Gregorius,</span> <span class='ocrx_word' id='word_1_583' title='bbox 1666 3365 1779 3439; x_wconf 89' lang='lat' dir='ltr'>prodest</span> 
     </span>
     <span class='ocr_line' id='line_1_65' title="bbox 981 3453 1396 3526; baseline -0.005 -16"><span class='ocrx_word' id='word_1_584' title='bbox 981 3455 1077 3521; x_wconf 89' lang='lat' dir='ltr'>oratio,</span> <span class='ocrx_word' id='word_1_585' title='bbox 1093 3454 1140 3509; x_wconf 92' lang='lat' dir='ltr'>ubi</span> <span class='ocrx_word' id='word_1_586' title='bbox 1154 3453 1246 3526; x_wconf 87' lang='lat' dir='ltr'>iniqua</span> <span class='ocrx_word' id='word_1_587' title='bbox 1262 3463 1301 3509; x_wconf 89' lang='lat' dir='ltr'>est</span> <span class='ocrx_word' id='word_1_588' title='bbox 1317 3454 1396 3510; x_wconf 91' lang='lat' dir='ltr'>actio.</span> 
     </span>
    </p>
   </div>
   <div class='ocr_carea' id='block_1_8' title="bbox 980 3589 1781 4371">
    <p class='ocr_par' dir='ltr' id='par_1_8' title="bbox 980 3589 1781 4371">
     <span class='ocr_line' id='line_1_66' title="bbox 1016 3589 1779 3661; baseline 0 -15"><span class='ocrx_word' id='word_1_589' title='bbox 1016 3590 1081 3646; x_wconf 89' lang='lat' dir='ltr'>l‘ost</span> <span class='ocrx_word' id='word_1_590' title='bbox 1094 3590 1152 3646; x_wconf 85' lang='lat' dir='ltr'>haec</span> <span class='ocrx_word' id='word_1_591' title='bbox 1166 3590 1266 3657; x_wconf 90' lang='lat' dir='ltr'>omnia,</span> <span class='ocrx_word' id='word_1_592' title='bbox 1279 3590 1302 3644; x_wconf 91' lang='lat' dir='ltr'>si</span> <span class='ocrx_word' id='word_1_593' title='bbox 1316 3590 1502 3661; x_wconf 85' lang='lat' dir='ltr'>Regimundus</span> <span class='ocrx_word' id='word_1_594' title='bbox 1516 3589 1599 3645; x_wconf 80' lang='lat' dir='ltr'>filiam</span> <span class='ocrx_word' id='word_1_595' title='bbox 1615 3606 1693 3646; x_wconf 92' lang='lat' dir='ltr'>suam</span> <span class='ocrx_word' id='word_1_596' title='bbox 1709 3593 1779 3648; x_wconf 88' lang='lat' dir='ltr'>reci-</span> 
     </span>
     <span class='ocr_line' id='line_1_67' title="bbox 980 3678 1780 3750; baseline 0.004 -18"><span class='ocrx_word' id='word_1_597' title='bbox 980 3695 1046 3750; x_wconf 91' lang='lat' dir='ltr'>pere</span> <span class='ocrx_word' id='word_1_598' title='bbox 1069 3694 1124 3734; x_wconf 93' lang='lat' dir='ltr'>non</span> <span class='ocrx_word' id='word_1_599' title='bbox 1147 3678 1271 3745; x_wconf 88' lang='lat' dir='ltr'>voluerit,</span> <span class='ocrx_word' id='word_1_600' title='bbox 1292 3688 1337 3733; x_wconf 92' lang='lat' dir='ltr'>aut</span> <span class='ocrx_word' id='word_1_601' title='bbox 1359 3678 1404 3732; x_wconf 90' lang='lat' dir='ltr'>illa</span> <span class='ocrx_word' id='word_1_602' title='bbox 1419 3679 1447 3733; x_wconf 94' lang='lat' dir='ltr'>in</span> <span class='ocrx_word' id='word_1_603' title='bbox 1463 3693 1512 3734; x_wconf 91' lang='lat' dir='ltr'>sua</span> <span class='ocrx_word' id='word_1_604' title='bbox 1525 3679 1651 3735; x_wconf 90' lang='lat' dir='ltr'>libertate</span> <span class='ocrx_word' id='word_1_605' title='bbox 1666 3696 1780 3735; x_wconf 87' lang='lat' dir='ltr'>manere</span> 
     </span>
     <span class='ocr_line' id='line_1_68' title="bbox 981 3765 1781 3839; baseline -0.001 -17"><span class='ocrx_word' id='word_1_606' title='bbox 981 3765 1139 3833; x_wconf 90' lang='lat' dir='ltr'>decreverit,</span> <span class='ocrx_word' id='word_1_607' title='bbox 1156 3765 1331 3821; x_wconf 89' lang='lat' dir='ltr'>indicandum</span> <span class='ocrx_word' id='word_1_608' title='bbox 1346 3775 1387 3822; x_wconf 90' lang='lat' dir='ltr'>est</span> <span class='ocrx_word' id='word_1_609' title='bbox 1402 3767 1452 3836; x_wconf 90' lang='lat' dir='ltr'>eis,</span> <span class='ocrx_word' id='word_1_610' title='bbox 1472 3767 1598 3839; x_wconf 91' lang='lat' dir='ltr'>quoniam</span> <span class='ocrx_word' id='word_1_611' title='bbox 1614 3768 1637 3822; x_wconf 93' lang='lat' dir='ltr'>si</span> <span class='ocrx_word' id='word_1_612' title='bbox 1651 3768 1713 3838; x_wconf 90' lang='lat' dir='ltr'>ipsa</span> <span class='ocrx_word' id='word_1_613' title='bbox 1728 3776 1781 3822; x_wconf 91' lang='lat' dir='ltr'>stu·</span> 
     </span>
     <span class='ocr_line' id='line_1_69' title="bbox 980 3853 1780 3926; baseline 0.003 -18"><span class='ocrx_word' id='word_1_614' title='bbox 980 3870 1060 3926; x_wconf 90' lang='lat' dir='ltr'>prum</span> <span class='ocrx_word' id='word_1_615' title='bbox 1077 3853 1257 3926; x_wconf 83' lang='lat' dir='ltr'>quodeunque</span> <span class='ocrx_word' id='word_1_616' title='bbox 1272 3856 1452 3925; x_wconf 89' lang='lat' dir='ltr'>consenserit,</span> <span class='ocrx_word' id='word_1_617' title='bbox 1469 3855 1504 3911; x_wconf 86' lang='lat' dir='ltr'>ad</span> <span class='ocrx_word' id='word_1_618' title='bbox 1518 3854 1603 3926; x_wconf 91' lang='lat' dir='ltr'>illum,</span> <span class='ocrx_word' id='word_1_619' title='bbox 1627 3856 1671 3911; x_wconf 85' lang='lat' dir='ltr'>vel</span> <span class='ocrx_word' id='word_1_620' title='bbox 1694 3857 1729 3912; x_wconf 88' lang='lat' dir='ltr'>ad</span> <span class='ocrx_word' id='word_1_621' title='bbox 1744 3856 1780 3910; x_wconf 91' lang='lat' dir='ltr'>il-</span> 
     </span>
     <span class='ocr_line' id='line_1_70' title="bbox 981 3943 1779 4016; baseline 0.004 -19"><span class='ocrx_word' id='word_1_622' title='bbox 981 3943 1043 4012; x_wconf 89' lang='lat' dir='ltr'>lam,</span> <span class='ocrx_word' id='word_1_623' title='bbox 1061 3959 1115 3998; x_wconf 92' lang='lat' dir='ltr'>uon</span> <span class='ocrx_word' id='word_1_624' title='bbox 1129 3951 1219 3998; x_wconf 91' lang='lat' dir='ltr'>autem</span> <span class='ocrx_word' id='word_1_625' title='bbox 1235 3944 1270 3999; x_wconf 89' lang='lat' dir='ltr'>ad</span> <span class='ocrx_word' id='word_1_626' title='bbox 1297 3945 1474 4016; x_wconf 85' lang='lat' dir='ltr'>Stephanum,</span> <span class='ocrx_word' id='word_1_627' title='bbox 1497 3945 1569 4015; x_wconf 85' lang='lat' dir='ltr'>quod</span> <span class='ocrx_word' id='word_1_628' title='bbox 1591 3954 1779 4016; x_wconf 88' lang='lat' dir='ltr'>perpetratum</span> 
     </span>
     <span class='ocr_line' id='line_1_71' title="bbox 980 4031 1778 4104; baseline 0 -17"><span class='ocrx_word' id='word_1_629' title='bbox 980 4031 1061 4088; x_wconf 88' lang='lat' dir='ltr'>fuerit</span> <span class='ocrx_word' id='word_1_630' title='bbox 1075 4033 1230 4104; x_wconf 82' lang='lat' dir='ltr'>pertinebit..</span> <span class='ocrx_word' id='word_1_631' title='bbox 1249 4034 1360 4089; x_wconf 83' lang='lat' dir='ltr'>[lebetis</span> <span class='ocrx_word' id='word_1_632' title='bbox 1374 4033 1456 4088; x_wconf 91' lang='lat' dir='ltr'>etiam</span> <span class='ocrx_word' id='word_1_633' title='bbox 1477 4049 1535 4101; x_wconf 89' lang='lat' dir='ltr'>vos,</span> <span class='ocrx_word' id='word_1_634' title='bbox 1561 4034 1648 4088; x_wconf 89' lang='lat' dir='ltr'>saneti</span> <span class='ocrx_word' id='word_1_635' title='bbox 1670 4033 1778 4088; x_wconf 90' lang='lat' dir='ltr'>antisti-</span> 
     </span>
     <span class='ocr_line' id='line_1_72' title="bbox 982 4121 1779 4194; baseline 0 -17"><span class='ocrx_word' id='word_1_636' title='bbox 982 4129 1031 4187; x_wconf 87' lang='lat' dir='ltr'>tes,</span> <span class='ocrx_word' id='word_1_637' title='bbox 1048 4130 1073 4176; x_wconf 90' lang='lat' dir='ltr'>et</span> <span class='ocrx_word' id='word_1_638' title='bbox 1089 4121 1259 4194; x_wconf 81' lang='lat' dir='ltr'>Regimundo</span> <span class='ocrx_word' id='word_1_639' title='bbox 1270 4130 1295 4176; x_wconf 92' lang='lat' dir='ltr'>et</span> <span class='ocrx_word' id='word_1_640' title='bbox 1309 4121 1457 4192; x_wconf 86' lang='lat' dir='ltr'>Stephano,</span> <span class='ocrx_word' id='word_1_641' title='bbox 1469 4130 1550 4192; x_wconf 89' lang='lat' dir='ltr'>atque</span> <span class='ocrx_word' id='word_1_642' title='bbox 1560 4122 1668 4177; x_wconf 88' lang='lat' dir='ltr'>illorum</span> <span class='ocrx_word' id='word_1_643' title='bbox 1682 4140 1779 4194; x_wconf 88' lang='lat' dir='ltr'>paren-</span> 
     </span>
     <span class='ocr_line' id='line_1_73' title="bbox 980 4208 1779 4282; baseline 0.005 -20"><span class='ocrx_word' id='word_1_644' title='bbox 980 4208 1053 4263; x_wconf 89' lang='lat' dir='ltr'>tibus</span> <span class='ocrx_word' id='word_1_645' title='bbox 1068 4218 1094 4264; x_wconf 85' lang='lat' dir='ltr'>et</span> <span class='ocrx_word' id='word_1_646' title='bbox 1108 4209 1211 4279; x_wconf 88' lang='lat' dir='ltr'>amicis,</span> <span class='ocrx_word' id='word_1_647' title='bbox 1228 4227 1260 4264; x_wconf 89' lang='lat' dir='ltr'>ex</span> <span class='ocrx_word' id='word_1_648' title='bbox 1276 4210 1367 4265; x_wconf 87' lang='lat' dir='ltr'>divino</span> <span class='ocrx_word' id='word_1_649' title='bbox 1382 4210 1507 4266; x_wconf 91' lang='lat' dir='ltr'>mandato</span> <span class='ocrx_word' id='word_1_650' title='bbox 1527 4226 1691 4282; x_wconf 78' lang='lat' dir='ltr'>suggerere,</span> <span class='ocrx_word' id='word_1_651' title='bbox 1714 4211 1779 4266; x_wconf 81' lang='lat' dir='ltr'>irati·</span> 
     </span>
     <span class='ocr_line' id='line_1_74' title="bbox 981 4298 1780 4371; baseline 0.005 -20"><span class='ocrx_word' id='word_1_652' title='bbox 981 4314 1066 4365; x_wconf 88' lang='lat' dir='ltr'>mnre,</span> <span class='ocrx_word' id='word_1_653' title='bbox 1090 4306 1172 4370; x_wconf 91' lang='lat' dir='ltr'>atque</span> <span class='ocrx_word' id='word_1_654' title='bbox 1186 4298 1345 4369; x_wconf 76' lang='lat' dir='ltr'>praecipere,</span> <span class='ocrx_word' id='word_1_655' title='bbox 1369 4306 1398 4353; x_wconf 93' lang='lat' dir='ltr'>ut</span> <span class='ocrx_word' id='word_1_656' title='bbox 1420 4315 1514 4369; x_wconf 89' lang='lat' dir='ltr'>pacem</span> <span class='ocrx_word' id='word_1_657' title='bbox 1538 4299 1609 4353; x_wconf 89' lang='lat' dir='ltr'>inter</span> <span class='ocrx_word' id='word_1_658' title='bbox 1632 4316 1671 4367; x_wconf 93' lang='lat' dir='ltr'>se,</span> <span class='ocrx_word' id='word_1_659' title='bbox 1697 4314 1780 4371; x_wconf 86' lang='lat' dir='ltr'>quarn</span> 
     </span>
    </p>
   </div>
   <div class='ocr_carea' id='block_1_9' title="bbox 170 4376 1779 4458">
    <p class='ocr_par' dir='ltr' id='par_1_9' title="bbox 170 4376 1779 4458">
     <span class='ocr_line' id='line_1_75' title="bbox 170 4376 1779 4458; baseline 0.004 -21"><span class='ocrx_word' id='word_1_660' title='bbox 170 4381 248 4437; x_wconf 87' lang='lat' dir='ltr'>Unde</span> <span class='ocrx_word' id='word_1_661' title='bbox 272 4381 425 4453; x_wconf 82' lang='lat' dir='ltr'>Stephanus</span> <span class='ocrx_word' id='word_1_662' title='bbox 448 4398 497 4454; x_wconf 89' lang='lat' dir='ltr'>pro</span> <span class='ocrx_word' id='word_1_663' title='bbox 519 4382 705 4451; x_wconf 81' lang='lat' dir='ltr'>fornicatione,</span> <span class='ocrx_word' id='word_1_664' title='bbox 730 4384 764 4440; x_wconf 90' lang='lat' dir='ltr'>de</span> <span class='ocrx_word' id='word_1_665' title='bbox 792 4401 854 4455; x_wconf 88' lang='lat' dir='ltr'>qua,</span> <span class='ocrx_word' id='word_1_666' title='bbox 879 4385 931 4440; x_wconf 90' lang='lat' dir='ltr'>nisi</span> <span class='ocrx_word' id='word_1_667' title='bbox 945 4376 971 4436; x_wconf 88' lang='lat' dir='ltr'>D</span> <span class='ocrx_word' id='word_1_668' title='bbox 983 4387 1114 4442; x_wconf 88' lang='lat' dir='ltr'>Dominus</span> <span class='ocrx_word' id='word_1_669' title='bbox 1129 4387 1267 4458; x_wconf 81' lang='lat' dir='ltr'>praecepit,</span> <span class='ocrx_word' id='word_1_670' title='bbox 1284 4396 1310 4442; x_wconf 90' lang='lat' dir='ltr'>et</span> <span class='ocrx_word' id='word_1_671' title='bbox 1325 4387 1450 4457; x_wconf 80' lang='lat' dir='ltr'>sineque</span> <span class='ocrx_word' id='word_1_672' title='bbox 1465 4387 1779 4457; x_wconf 77' lang='lat' dir='ltr'>cumnisiadJ&#39;ndioium</span> 
     </span>
    </p>
   </div>
   <div class='ocr_carea' id='block_1_10' title="bbox 126 4471 930 5524">
    <p class='ocr_par' dir='ltr' id='par_1_10' title="bbox 126 4471 930 5524">
     <span class='ocr_line' id='line_1_76' title="bbox 134 4471 930 4543; baseline 0.003 -15"><span class='ocrx_word' id='word_1_673' title='bbox 134 4479 245 4528; x_wconf 88' lang='lat' dir='ltr'>coactus</span> <span class='ocrx_word' id='word_1_674' title='bbox 258 4471 419 4528; x_wconf 84' lang='lat' dir='ltr'>necessitate</span> <span class='ocrx_word' id='word_1_675' title='bbox 435 4488 496 4526; x_wconf 91' lang='lat' dir='ltr'>eam</span> <span class='ocrx_word' id='word_1_676' title='bbox 510 4472 671 4543; x_wconf 86' lang='lat' dir='ltr'>publicaret,</span> <span class='ocrx_word' id='word_1_677' title='bbox 695 4482 801 4529; x_wconf 89' lang='lat' dir='ltr'>secreta</span> <span class='ocrx_word' id='word_1_678' title='bbox 824 4474 930 4530; x_wconf 87' lang='lat' dir='ltr'>confes·</span> 
     </span>
     <span class='ocr_line' id='line_1_77' title="bbox 133 4560 930 4635; baseline 0.003 -19"><span class='ocrx_word' id='word_1_679' title='bbox 133 4560 210 4616; x_wconf 86' lang='lat' dir='ltr'>sione</span> <span class='ocrx_word' id='word_1_680' title='bbox 224 4562 410 4632; x_wconf 87' lang='lat' dir='ltr'>poenitentiam</span> <span class='ocrx_word' id='word_1_681' title='bbox 424 4577 507 4634; x_wconf 85' lang='lat' dir='ltr'>agere</span> <span class='ocrx_word' id='word_1_682' title='bbox 522 4569 637 4632; x_wconf 82' lang='lat' dir='ltr'>poterat,</span> <span class='ocrx_word' id='word_1_683' title='bbox 658 4571 684 4617; x_wconf 90' lang='lat' dir='ltr'>et</span> <span class='ocrx_word' id='word_1_684' title='bbox 705 4563 768 4635; x_wconf 86' lang='lat' dir='ltr'>quin</span> <span class='ocrx_word' id='word_1_685' title='bbox 785 4577 862 4620; x_wconf 90' lang='lat' dir='ltr'>sacro</span> <span class='ocrx_word' id='word_1_686' title='bbox 877 4580 930 4618; x_wconf 91' lang='lat' dir='ltr'>uu·</span> 
     </span>
     <span class='ocr_line' id='line_1_78' title="bbox 132 4650 930 4722; baseline 0.004 -19"><span class='ocrx_word' id='word_1_687' title='bbox 132 4650 250 4720; x_wconf 90' lang='lat' dir='ltr'>ptiarum</span> <span class='ocrx_word' id='word_1_688' title='bbox 263 4651 402 4722; x_wconf 82' lang='lat' dir='ltr'>mysterio,</span> <span class='ocrx_word' id='word_1_689' title='bbox 414 4651 476 4707; x_wconf 91' lang='lat' dir='ltr'>licet</span> <span class='ocrx_word' id='word_1_690' title='bbox 489 4650 653 4706; x_wconf 88' lang='lat' dir='ltr'>necessitate</span> <span class='ocrx_word' id='word_1_691' title='bbox 663 4651 829 4721; x_wconf 89' lang='lat' dir='ltr'>compulsus,</span> <span class='ocrx_word' id='word_1_692' title='bbox 847 4653 930 4706; x_wconf 92' lang='lat' dir='ltr'>simu-</span> 
     </span>
     <span class='ocr_line' id='line_1_79' title="bbox 132 4736 929 4812; baseline 0.005 -21"><span class='ocrx_word' id='word_1_693' title='bbox 132 4736 241 4793; x_wconf 88' lang='lat' dir='ltr'>lationis</span> <span class='ocrx_word' id='word_1_694' title='bbox 256 4739 364 4809; x_wconf 87' lang='lat' dir='ltr'>culpam</span> <span class='ocrx_word' id='word_1_695' title='bbox 379 4739 576 4812; x_wconf 89' lang='lat' dir='ltr'>superinduxit,</span> <span class='ocrx_word' id='word_1_696' title='bbox 597 4738 666 4795; x_wconf 92' lang='lat' dir='ltr'>sicut</span> <span class='ocrx_word' id='word_1_697' title='bbox 680 4739 725 4794; x_wconf 92' lang='lat' dir='ltr'>ille</span> <span class='ocrx_word' id='word_1_698' title='bbox 740 4742 786 4810; x_wconf 91' lang='lat' dir='ltr'>qui</span> <span class='ocrx_word' id='word_1_699' title='bbox 801 4740 929 4795; x_wconf 85' lang='lat' dir='ltr'>zizanium</span> 
     </span>
     <span class='ocr_line' id='line_1_80' title="bbox 132 4825 929 4900; baseline 0.008 -22"><span class='ocrx_word' id='word_1_700' title='bbox 132 4825 221 4880; x_wconf 89' lang='lat' dir='ltr'>tritico</span> <span class='ocrx_word' id='word_1_701' title='bbox 236 4829 453 4897; x_wconf 88' lang='lat' dir='ltr'>superseminare</span> <span class='ocrx_word' id='word_1_702' title='bbox 474 4846 529 4885; x_wconf 93' lang='lat' dir='ltr'>non</span> <span class='ocrx_word' id='word_1_703' title='bbox 551 4827 644 4884; x_wconf 90' lang='lat' dir='ltr'>metuit</span> <span class='ocrx_word' id='word_1_704' title='bbox 663 4836 711 4883; x_wconf 88' lang='lat' dir='ltr'>:et</span> <span class='ocrx_word' id='word_1_705' title='bbox 727 4829 854 4900; x_wconf 89' lang='lat' dir='ltr'>quoniam</span> <span class='ocrx_word' id='word_1_706' title='bbox 869 4838 929 4900; x_wconf 90' lang='lat' dir='ltr'>post</span> 
     </span>
     <span class='ocr_line' id='line_1_81' title="bbox 132 4912 928 4990; baseline 0.003 -21"><span class='ocrx_word' id='word_1_707' title='bbox 132 4912 186 4969; x_wconf 92' lang='lat' dir='ltr'>tale</span> <span class='ocrx_word' id='word_1_708' title='bbox 208 4915 382 4982; x_wconf 91' lang='lat' dir='ltr'>connubium,</span> <span class='ocrx_word' id='word_1_709' title='bbox 406 4927 553 4990; x_wconf 83' lang='lat' dir='ltr'>antequam</span> <span class='ocrx_word' id='word_1_710' title='bbox 577 4917 702 4990; x_wconf 84' lang='lat' dir='ltr'>legaliter</span> <span class='ocrx_word' id='word_1_711' title='bbox 723 4917 928 4983; x_wconf 87' lang='lat' dir='ltr'>dissolveretur,</span> 
     </span>
     <span class='ocr_line' id='line_1_82' title="bbox 132 5001 929 5077; baseline 0.006 -20"><span class='ocrx_word' id='word_1_712' title='bbox 132 5002 205 5076; x_wconf 86' lang='lat' dir='ltr'>quod</span> <span class='ocrx_word' id='word_1_713' title='bbox 221 5001 299 5074; x_wconf 86' lang='lat' dir='ltr'>quasi</span> <span class='ocrx_word' id='word_1_714' title='bbox 311 5001 436 5076; x_wconf 85' lang='lat' dir='ltr'>legaliter</span> <span class='ocrx_word' id='word_1_715' title='bbox 451 5007 537 5062; x_wconf 88' lang='lat' dir='ltr'>visum</span> <span class='ocrx_word' id='word_1_716' title='bbox 552 5006 601 5061; x_wconf 89' lang='lat' dir='ltr'>fuit</span> <span class='ocrx_word' id='word_1_717' title='bbox 624 5006 729 5070; x_wconf 91' lang='lat' dir='ltr'>initum,</span> <span class='ocrx_word' id='word_1_718' title='bbox 756 5005 824 5060; x_wconf 90' lang='lat' dir='ltr'>alios</span> <span class='ocrx_word' id='word_1_719' title='bbox 847 5022 929 5077; x_wconf 88' lang='lat' dir='ltr'>pravo</span> 
     </span>
     <span class='ocr_line' id='line_1_83' title="bbox 132 5091 927 5164; baseline 0 -15"><span class='ocrx_word' id='word_1_720' title='bbox 132 5091 257 5164; x_wconf 86' lang='lat' dir='ltr'>exemplo</span> <span class='ocrx_word' id='word_1_721' title='bbox 272 5091 427 5157; x_wconf 89' lang='lat' dir='ltr'>destruens,</span> <span class='ocrx_word' id='word_1_722' title='bbox 451 5095 603 5151; x_wconf 90' lang='lat' dir='ltr'>concubina</span> <span class='ocrx_word' id='word_1_723' title='bbox 627 5111 691 5150; x_wconf 89' lang='lat' dir='ltr'>usus</span> <span class='ocrx_word' id='word_1_724' title='bbox 712 5092 796 5149; x_wconf 88' lang='lat' dir='ltr'>fuisse</span> <span class='ocrx_word' id='word_1_725' title='bbox 819 5094 927 5162; x_wconf 90' lang='lat' dir='ltr'>dieitur,</span> 
     </span>
     <span class='ocr_line' id='line_1_84' title="bbox 126 5179 929 5256; baseline 0.004 -19"><span class='ocrx_word' id='word_1_726' title='bbox 126 5182 203 5252; x_wconf 85' lang='lat' dir='ltr'>juxta</span> <span class='ocrx_word' id='word_1_727' title='bbox 217 5181 327 5238; x_wconf 90' lang='lat' dir='ltr'>modum</span> <span class='ocrx_word' id='word_1_728' title='bbox 343 5179 439 5251; x_wconf 83' lang='lat' dir='ltr'>culpae,</span> <span class='ocrx_word' id='word_1_729' title='bbox 452 5197 513 5237; x_wconf 90' lang='lat' dir='ltr'>cum</span> <span class='ocrx_word' id='word_1_730' title='bbox 528 5183 635 5254; x_wconf 88' lang='lat' dir='ltr'>pietatis</span> <span class='ocrx_word' id='word_1_731' title='bbox 649 5183 794 5251; x_wconf 89' lang='lat' dir='ltr'>modestia,</span> <span class='ocrx_word' id='word_1_732' title='bbox 808 5183 870 5256; x_wconf 89' lang='lat' dir='ltr'>quia</span> <span class='ocrx_word' id='word_1_733' title='bbox 886 5201 929 5240; x_wconf 90' lang='lat' dir='ltr'>re·</span> 
     </span>
     <span class='ocr_line' id='line_1_85' title="bbox 129 5264 929 5335; baseline 0.003 -9"><span class='ocrx_word' id='word_1_734' title='bbox 129 5271 278 5327; x_wconf 82' lang='lat' dir='ltr'>verentium</span> <span class='ocrx_word' id='word_1_735' title='bbox 302 5271 360 5325; x_wconf 86' lang='lat' dir='ltr'>Deo</span> <span class='ocrx_word' id='word_1_736' title='bbox 385 5268 515 5335; x_wconf 78' lang='lat' dir='ltr'>exhibuit,</span> <span class='ocrx_word' id='word_1_737' title='bbox 541 5287 575 5326; x_wconf 90' lang='lat' dir='ltr'>ne</span> <span class='ocrx_word' id='word_1_738' title='bbox 599 5272 732 5328; x_wconf 90' lang='lat' dir='ltr'>incestum</span> <span class='ocrx_word' id='word_1_739' title='bbox 755 5264 929 5329; x_wconf 78' lang='lat' dir='ltr'>formicationi</span> 
     </span>
     <span class='ocr_line' id='line_1_86' title="bbox 131 5356 928 5431; baseline 0.003 -17"><span class='ocrx_word' id='word_1_740' title='bbox 131 5358 302 5431; x_wconf 82' lang='lat' dir='ltr'>adjungeret,</span> <span class='ocrx_word' id='word_1_741' title='bbox 319 5375 334 5412; x_wconf 89' lang='lat' dir='ltr'>a</span> <span class='ocrx_word' id='word_1_742' title='bbox 348 5357 458 5430; x_wconf 90' lang='lat' dir='ltr'>proprio</span> <span class='ocrx_word' id='word_1_743' title='bbox 472 5356 600 5428; x_wconf 91' lang='lat' dir='ltr'>episcopo</span> <span class='ocrx_word' id='word_1_744' title='bbox 616 5361 764 5416; x_wconf 91' lang='lat' dir='ltr'>secuudum</span> <span class='ocrx_word' id='word_1_745' title='bbox 781 5362 839 5430; x_wconf 91' lang='lat' dir='ltr'>ejus</span> <span class='ocrx_word' id='word_1_746' title='bbox 854 5361 928 5416; x_wconf 90' lang='lat' dir='ltr'>arhi-</span> 
     </span>
     <span class='ocr_line' id='line_1_87' title="bbox 129 5445 929 5524; baseline 0.005 -22"><span class='ocrx_word' id='word_1_747' title='bbox 129 5445 220 5513; x_wconf 90' lang='lat' dir='ltr'>trium,</span> <span class='ocrx_word' id='word_1_748' title='bbox 231 5447 278 5517; x_wconf 91' lang='lat' dir='ltr'>qui</span> <span class='ocrx_word' id='word_1_749' title='bbox 288 5462 406 5504; x_wconf 89' lang='lat' dir='ltr'>canones</span> <span class='ocrx_word' id='word_1_750' title='bbox 421 5447 459 5503; x_wconf 90' lang='lat' dir='ltr'>sic</span> <span class='ocrx_word' id='word_1_751' title='bbox 474 5446 633 5516; x_wconf 92' lang='lat' dir='ltr'>decernunt,</span> <span class='ocrx_word' id='word_1_752' title='bbox 648 5450 834 5519; x_wconf 73' lang='lat' dir='ltr'>paenitentiam</span> <span class='ocrx_word' id='word_1_753' title='bbox 850 5467 929 5524; x_wconf 88' lang='lat' dir='ltr'>regu·</span> 
     </span>
    </p>
   </div>
   <div class='ocr_carea' id='block_1_11' title="bbox 979 4475 1781 5521">
    <p class='ocr_par' dir='ltr' id='par_1_11' title="bbox 979 4475 1781 5521">
     <span class='ocr_line' id='line_1_88' title="bbox 979 4475 1780 4548; baseline 0.001 -17"><span class='ocrx_word' id='word_1_754' title='bbox 979 4475 1071 4531; x_wconf 89' lang='lat' dir='ltr'>videre</span> <span class='ocrx_word' id='word_1_755' title='bbox 1093 4490 1148 4529; x_wconf 90' lang='lat' dir='ltr'>non</span> <span class='ocrx_word' id='word_1_756' title='bbox 1171 4483 1308 4546; x_wconf 89' lang='lat' dir='ltr'>poterunt,</span> <span class='ocrx_word' id='word_1_757' title='bbox 1330 4475 1465 4543; x_wconf 82' lang='lat' dir='ltr'>habeant3</span> <span class='ocrx_word' id='word_1_758' title='bbox 1488 4484 1515 4531; x_wconf 91' lang='lat' dir='ltr'>et</span> <span class='ocrx_word' id='word_1_759' title='bbox 1538 4483 1620 4531; x_wconf 76' lang='lat' dir='ltr'>tervae</span> <span class='ocrx_word' id='word_1_760' title='bbox 1641 4477 1780 4548; x_wconf 88' lang='lat' dir='ltr'>principes</span> 
     </span>
     <span class='ocr_line' id='line_1_89' title="bbox 981 4563 1779 4635; baseline 0.001 -16"><span class='ocrx_word' id='word_1_761' title='bbox 981 4579 1042 4619; x_wconf 84' lang='lat' dir='ltr'>curn</span> <span class='ocrx_word' id='word_1_762' title='bbox 1057 4563 1221 4634; x_wconf 86' lang='lat' dir='ltr'>primoribus</span> <span class='ocrx_word' id='word_1_763' title='bbox 1236 4563 1336 4618; x_wconf 89' lang='lat' dir='ltr'>debent</span> <span class='ocrx_word' id='word_1_764' title='bbox 1350 4572 1483 4635; x_wconf 78' lang='lat' dir='ltr'>satagere,</span> <span class='ocrx_word' id='word_1_765' title='bbox 1500 4581 1534 4619; x_wconf 89' lang='lat' dir='ltr'>ue</span> <span class='ocrx_word' id='word_1_766' title='bbox 1548 4581 1600 4635; x_wconf 94' lang='lat' dir='ltr'>pro</span> <span class='ocrx_word' id='word_1_767' title='bbox 1622 4566 1674 4621; x_wconf 87' lang='lat' dir='ltr'>hac</span> <span class='ocrx_word' id='word_1_768' title='bbox 1698 4582 1779 4621; x_wconf 88' lang='lat' dir='ltr'>causa</span> 
     </span>
     <span class='ocr_line' id='line_1_90' title="bbox 979 4651 1777 4724; baseline 0.004 -18"><span class='ocrx_word' id='word_1_769' title='bbox 979 4651 1007 4706; x_wconf 93' lang='lat' dir='ltr'>in</span> <span class='ocrx_word' id='word_1_770' title='bbox 1022 4652 1157 4718; x_wconf 90' lang='lat' dir='ltr'>Ecclesia,</span> <span class='ocrx_word' id='word_1_771' title='bbox 1175 4662 1200 4706; x_wconf 92' lang='lat' dir='ltr'>et</span> <span class='ocrx_word' id='word_1_772' title='bbox 1213 4653 1240 4705; x_wconf 93' lang='lat' dir='ltr'>in</span> <span class='ocrx_word' id='word_1_773' title='bbox 1256 4669 1352 4724; x_wconf 83' lang='lat' dir='ltr'>regno,</span> <span class='ocrx_word' id='word_1_774' title='bbox 1369 4652 1495 4708; x_wconf 88' lang='lat' dir='ltr'>scandala</span> <span class='ocrx_word' id='word_1_775' title='bbox 1506 4661 1530 4707; x_wconf 92' lang='lat' dir='ltr'>et</span> <span class='ocrx_word' id='word_1_776' title='bbox 1541 4653 1689 4708; x_wconf 90' lang='lat' dir='ltr'>seditiones</span> <span class='ocrx_word' id='word_1_777' title='bbox 1703 4652 1777 4709; x_wconf 85' lang='lat' dir='ltr'>liant.</span> 
     </span>
     <span class='ocr_line' id='line_1_91' title="bbox 980 4739 1777 4812; baseline 0.003 -17"><span class='ocrx_word' id='word_1_778' title='bbox 980 4739 1059 4810; x_wconf 83' lang='lat' dir='ltr'>Quod</span> <span class='ocrx_word' id='word_1_779' title='bbox 1074 4741 1119 4812; x_wconf 89' lang='lat' dir='ltr'>qui</span> <span class='ocrx_word' id='word_1_780' title='bbox 1135 4757 1229 4796; x_wconf 84' lang='lat' dir='ltr'>eorum</span> <span class='ocrx_word' id='word_1_781' title='bbox 1245 4741 1355 4797; x_wconf 89' lang='lat' dir='ltr'>obedire</span> <span class='ocrx_word' id='word_1_782' title='bbox 1370 4743 1572 4812; x_wconf 88' lang='lat' dir='ltr'>contempserit,</span> <span class='ocrx_word' id='word_1_783' title='bbox 1595 4742 1669 4811; x_wconf 89' lang='lat' dir='ltr'>juxta</span> <span class='ocrx_word' id='word_1_784' title='bbox 1691 4759 1777 4799; x_wconf 91' lang='lat' dir='ltr'>evan-</span> 
     </span>
     <span class='ocr_line' id='line_1_92' title="bbox 979 4829 1779 4903; baseline 0.001 -18"><span class='ocrx_word' id='word_1_785' title='bbox 979 4829 1098 4903; x_wconf 88' lang='lat' dir='ltr'>gelicum</span> <span class='ocrx_word' id='word_1_786' title='bbox 1127 4839 1302 4900; x_wconf 72' lang='lat' dir='ltr'>preceptum,</span> <span class='ocrx_word' id='word_1_787' title='bbox 1329 4830 1397 4885; x_wconf 90' lang='lat' dir='ltr'>sieut</span> <span class='ocrx_word' id='word_1_788' title='bbox 1419 4830 1543 4886; x_wconf 89' lang='lat' dir='ltr'>ethnicus</span> <span class='ocrx_word' id='word_1_789' title='bbox 1567 4839 1593 4885; x_wconf 92' lang='lat' dir='ltr'>et</span> <span class='ocrx_word' id='word_1_790' title='bbox 1616 4831 1779 4901; x_wconf 90' lang='lat' dir='ltr'>publieauus</span> 
     </span>
     <span class='ocr_line' id='line_1_93' title="bbox 980 4917 1781 4991; baseline 0 -16"><span class='ocrx_word' id='word_1_791' title='bbox 980 4917 1111 4975; x_wconf 82' lang='lat' dir='ltr'>efficiatur</span> <span class='ocrx_word' id='word_1_792' title='bbox 1127 4937 1133 4972; x_wconf 78' lang='grc' dir='ltr'><em>ι</em></span> <span class='ocrx_word' id='word_1_793' title='bbox 1149 4927 1175 4974; x_wconf 88' lang='lat' dir='ltr'>et</span> <span class='ocrx_word' id='word_1_794' title='bbox 1191 4919 1339 4973; x_wconf 91' lang='lat' dir='ltr'>secundum</span> <span class='ocrx_word' id='word_1_795' title='bbox 1361 4919 1531 4989; x_wconf 75' lang='lat' dir='ltr'>Apostolum,</span> <span class='ocrx_word' id='word_1_796' title='bbox 1556 4920 1603 4991; x_wconf 89' lang='lat' dir='ltr'>qui</span> <span class='ocrx_word' id='word_1_797' title='bbox 1617 4937 1672 4975; x_wconf 92' lang='lat' dir='ltr'>non</span> <span class='ocrx_word' id='word_1_798' title='bbox 1688 4921 1781 4976; x_wconf 90' lang='lat' dir='ltr'>obedit</span> 
     </span>
     <span class='ocr_line' id='line_1_94' title="bbox 980 5006 1780 5080; baseline 0.003 -18"><span class='ocrx_word' id='word_1_799' title='bbox 980 5007 1065 5062; x_wconf 89' lang='lat' dir='ltr'>verbo</span> <span class='ocrx_word' id='word_1_800' title='bbox 1089 5014 1207 5071; x_wconf 90' lang='lat' dir='ltr'>notetur,</span> <span class='ocrx_word' id='word_1_801' title='bbox 1234 5015 1263 5060; x_wconf 94' lang='lat' dir='ltr'>ut</span> <span class='ocrx_word' id='word_1_802' title='bbox 1284 5023 1364 5062; x_wconf 91' lang='lat' dir='ltr'>nemo</span> <span class='ocrx_word' id='word_1_803' title='bbox 1387 5006 1412 5062; x_wconf 86' lang='lat' dir='ltr'>ei</span> <span class='ocrx_word' id='word_1_804' title='bbox 1435 5008 1661 5075; x_wconf 85' lang='lat' dir='ltr'>commisceatur;</span> <span class='ocrx_word' id='word_1_805' title='bbox 1687 5009 1780 5080; x_wconf 83' lang='lat' dir='ltr'>etqui</span> 
     </span>
     <span class='ocr_line' id='line_1_95' title="bbox 980 5094 1780 5166; baseline 0.003 -17"><span class='ocrx_word' id='word_1_806' title='bbox 980 5096 1049 5151; x_wconf 89' lang='lat' dir='ltr'>hauc</span> <span class='ocrx_word' id='word_1_807' title='bbox 1064 5094 1142 5165; x_wconf 89' lang='lat' dir='ltr'>pacis</span> <span class='ocrx_word' id='word_1_808' title='bbox 1156 5094 1306 5149; x_wconf 88' lang='lat' dir='ltr'>doctrinam</span> <span class='ocrx_word' id='word_1_809' title='bbox 1322 5111 1376 5150; x_wconf 90' lang='lat' dir='ltr'>uon</span> <span class='ocrx_word' id='word_1_810' title='bbox 1390 5095 1535 5166; x_wconf 87' lang='lat' dir='ltr'>receperit,</span> <span class='ocrx_word' id='word_1_811' title='bbox 1562 5095 1651 5149; x_wconf 90' lang='lat' dir='ltr'>nullus</span> <span class='ocrx_word' id='word_1_812' title='bbox 1672 5096 1698 5151; x_wconf 92' lang='lat' dir='ltr'>ei</span> <span class='ocrx_word' id='word_1_813' title='bbox 1722 5099 1780 5151; x_wconf 78' lang='lat' dir='ltr'>Ave</span> 
     </span>
     <span class='ocr_line' id='line_1_96' title="bbox 980 5183 1779 5254; baseline 0 -16"><span class='ocrx_word' id='word_1_814' title='bbox 980 5183 1060 5247; x_wconf 86' lang='lat' dir='ltr'>dicat,</span> <span class='ocrx_word' id='word_1_815' title='bbox 1078 5192 1106 5236; x_wconf 92' lang='lat' dir='ltr'>ut</span> <span class='ocrx_word' id='word_1_816' title='bbox 1121 5199 1176 5238; x_wconf 89' lang='lat' dir='ltr'>non</span> <span class='ocrx_word' id='word_1_817' title='bbox 1191 5184 1372 5240; x_wconf 80' lang='lat' dir='ltr'>corninunicet</span> <span class='ocrx_word' id='word_1_818' title='bbox 1385 5183 1506 5254; x_wconf 91' lang='lat' dir='ltr'>peccatis</span> <span class='ocrx_word' id='word_1_819' title='bbox 1521 5184 1588 5252; x_wconf 90' lang='lat' dir='ltr'>ejus,</span> <span class='ocrx_word' id='word_1_820' title='bbox 1606 5193 1632 5239; x_wconf 93' lang='lat' dir='ltr'>et</span> <span class='ocrx_word' id='word_1_821' title='bbox 1647 5185 1716 5240; x_wconf 89' lang='lat' dir='ltr'>sicut</span> <span class='ocrx_word' id='word_1_822' title='bbox 1730 5202 1779 5241; x_wconf 89' lang='lat' dir='ltr'>ea-</span> 
     </span>
     <span class='ocr_line' id='line_1_97' title="bbox 979 5271 1777 5341; baseline 0 -15"><span class='ocrx_word' id='word_1_823' title='bbox 979 5286 1065 5326; x_wconf 89' lang='lat' dir='ltr'>uones</span> <span class='ocrx_word' id='word_1_824' title='bbox 1080 5271 1238 5337; x_wconf 89' lang='lat' dir='ltr'>decernunt,</span> <span class='ocrx_word' id='word_1_825' title='bbox 1255 5271 1354 5327; x_wconf 87' lang='lat' dir='ltr'>oblatio</span> <span class='ocrx_word' id='word_1_826' title='bbox 1379 5273 1436 5341; x_wconf 88' lang='lat' dir='ltr'>ejus</span> <span class='ocrx_word' id='word_1_827' title='bbox 1454 5288 1504 5328; x_wconf 90' lang='lat' dir='ltr'>nec</span> <span class='ocrx_word' id='word_1_828' title='bbox 1520 5272 1547 5326; x_wconf 91' lang='lat' dir='ltr'>in</span> <span class='ocrx_word' id='word_1_829' title='bbox 1563 5273 1683 5328; x_wconf 87' lang='lat' dir='ltr'>sacrario</span> <span class='ocrx_word' id='word_1_830' title='bbox 1704 5273 1777 5328; x_wconf 89' lang='lat' dir='ltr'>reei-</span> 
     </span>
     <span class='ocr_line' id='line_1_98' title="bbox 979 5360 1778 5432; baseline 0.004 -19"><span class='ocrx_word' id='word_1_831' title='bbox 979 5360 1079 5432; x_wconf 91' lang='lat' dir='ltr'>piatur.</span> <span class='ocrx_word' id='word_1_832' title='bbox 1096 5360 1131 5415; x_wconf 91' lang='lat' dir='ltr'>Et</span> <span class='ocrx_word' id='word_1_833' title='bbox 1146 5361 1191 5431; x_wconf 88' lang='lat' dir='ltr'>qui</span> <span class='ocrx_word' id='word_1_834' title='bbox 1205 5361 1240 5415; x_wconf 88' lang='lat' dir='ltr'>ed</span> <span class='ocrx_word' id='word_1_835' title='bbox 1255 5376 1349 5432; x_wconf 89' lang='lat' dir='ltr'>pacem</span> <span class='ocrx_word' id='word_1_836' title='bbox 1365 5360 1455 5416; x_wconf 88' lang='lat' dir='ltr'>redire</span> <span class='ocrx_word' id='word_1_837' title='bbox 1471 5360 1598 5426; x_wconf 87' lang='lat' dir='ltr'>noluerit,</span> <span class='ocrx_word' id='word_1_838' title='bbox 1622 5361 1712 5415; x_wconf 88' lang='lat' dir='ltr'>tandiu</span> <span class='ocrx_word' id='word_1_839' title='bbox 1729 5378 1778 5416; x_wconf 94' lang='lat' dir='ltr'>ex·</span> 
     </span>
     <span class='ocr_line' id='line_1_99' title="bbox 979 5449 1778 5521; baseline -0.001 -15"><span class='ocrx_word' id='word_1_840' title='bbox 979 5449 1195 5507; x_wconf 86' lang='lat' dir='ltr'>communicatus</span> <span class='ocrx_word' id='word_1_841' title='bbox 1223 5459 1340 5515; x_wconf 88' lang='lat' dir='ltr'>maneat,</span> <span class='ocrx_word' id='word_1_842' title='bbox 1365 5450 1485 5521; x_wconf 83' lang='lat' dir='ltr'>quaudiu</span> <span class='ocrx_word' id='word_1_843' title='bbox 1508 5451 1542 5504; x_wconf 91' lang='lat' dir='ltr'>ad</span> <span class='ocrx_word' id='word_1_844' title='bbox 1567 5464 1661 5520; x_wconf 90' lang='lat' dir='ltr'>pacem</span> <span class='ocrx_word' id='word_1_845' title='bbox 1687 5450 1778 5506; x_wconf 88' lang='lat' dir='ltr'>redire</span> 
     </span>
    </p>
   </div>
   <div class='ocr_carea' id='block_1_12' title="bbox 0 0 1912 6100">
    <p class='ocr_par' dir='ltr' id='par_1_12' title="bbox 0 0 1912 6100">
     <span class='ocr_line' id='line_1_100' title="bbox 0 0 1912 6100; baseline 0 0"><span class='ocrx_word' id='word_1_846' title='bbox 0 0 1912 6100; x_wconf 95' lang='lat' dir='ltr'> </span> 
     </span>
    </p>
   </div>
  </div>
 </body>
</html>
