3826 6098
173 246 228 306 ets
534 247 658 305 ornsc.
677 245 722 303 ur
749 246 858 304 nerse.
883 244 921 302 m
948 239 1060 301 causa
1087 239 1259 299 ninculus
1276 238 1431 300 munos.
1470 207 1472 210 ’
1775 239 1827 302 ut

172 371 275 440 menti,
293 371 321 426 in
330 371 444 442 jejunio,
459 379 486 428 et
499 370 574 439 fletu,
599 388 632 428 ec
647 371 765 442 planctu,
782 370 809 426 iu
831 369 924 426 cinere
953 368 1014 429 οιΑ
1028 366 1197 437 baptizandis
1206 364 1313 433 infudit,
1331 365 1402 422 sicut
1428 364 1457 420 in
1479 379 1557 422 sacra
1570 364 1683 422 historia
1711 364 1823 440 legitur.

173 459 272 516 cilicio
292 458 398 514 limnias
426 459 563 515 indixerit.
595 459 649 515 Sed
676 475 691 513 a
716 458 791 514 nullo
813 457 978 523 audivimus,
1030 455 1159 511 Similiter
1173 461 1200 510 et
1212 454 1248 510 de
1261 453 1304 509 his
1314 454 1360 525 qui
1374 452 1495 509 ultimam
1510 453 1706 525 paenitentiam,
1729 461 1757 510 et
1769 455 1825 512 via·

168 546 243 617 quia
258 562 342 603 causa
357 561 467 602 suarum
479 547 640 616 injuriarum
653 555 679 603 et
701 546 787 617 ipsius
807 545 882 602 sedis
910 560 979 616 apo·
1029 543 1074 599 tici
1090 543 1210 598 muneris
1221 541 1440 599 communionem
1454 542 1600 613 petierunt,
1626 551 1653 598 et
1680 542 1825 615 impetrare

164 634 293 704 stolicae,
309 635 437 705 parvulos
452 634 480 689 iu
496 634 652 690 discrimine
667 634 763 690 mortis
773 634 877 704 positos
892 632 981 703 bapti·
1029 647 1135 701 prosua
1157 631 1347 687 interdictione
1375 646 1431 685 non
1453 637 1610 701 potuerunt,-
1637 630 1726 702 gratia
1753 631 1826 702 ejas,

162 722 246 793 zari,
263 731 291 779 et
305 723 468 778 obeuntibus
479 731 560 794 atque
575 723 728 794 petentibus
744 721 868 777 ultimam
892 721 980 793 poeni-
1029 718 1072 774 cni
1083 719 1116 772 ab
1126 717 1279 774 omnifrdeli
1289 718 1405 773 dicitur:
1421 719 1546 774 Gemitus
1554 734 1633 775 meus
1647 736 1665 773 o
1682 722 1829 777 tenum

159 811 304 878 tentiam,
321 819 347 866 et
362 810 454 867 viatici
468 811 590 866 muneris
606 810 835 875 communionem,
851 817 877 864 et
902 824 979 864 mor·
1030 809 1209 863 absconditus
1220 805 1309 876 (Paul.
1322 805 1437 877 xxxvxx)
1448 824 1454 860 :
1464 805 1825 879 atquibussingulisDomi-

160 898 229 952 tuis
254 899 423 970 sepulturam
446 899 543 972 negari
565 899 740 970 praeceperit.
769 899 805 952 Et
832 896 907 968 quod
934 896 980 951 tlla
1030 910 1080 948 nus
1095 893 1160 948 dicit
1177 911 1183 947 :
1200 894 1262 949 ltfox
1277 902 1305 948 ut
1321 893 1498 965 ingemueris,
1511 894 1602 950 salvus
1617 894 1681 962 eris,
1698 893 1732 950 ad
1748 893 1826 950 salu-

154 986 459 1042 excommunicatione
474 986 628 1057 perniciosa
644 1003 725 1058 quam
751 985 825 1053 fecit,
856 984 978 1040 eamdem
1030 989 1084 1036 tem
1098 982 1230 1052 prodesse
1240 981 1361 1038 valuerit.
1379 983 1440 1054 lpse
1456 990 1547 1037 tamen
1561 981 1595 1036 de
1610 997 1705 1036 eorum
1728 981 1824 1053 perdi-

151 1073 227 1128 sibi
244 1073 342 1130 sedem
354 1076 428 1146 sore,
444 1088 572 1129 sermone
586 1073 694 1140 vitioso,
711 1081 792 1144 atque
807 1071 977 1129 calumnioso
1030 1068 1103 1124 tione
1114 1084 1227 1125 securus
1243 1085 1304 1124 esse
1314 1084 1369 1124 non
1384 1077 1483 1139 potest,
1500 1069 1523 1123 si
1537 1068 1619 1141 aliqui
1632 1069 1691 1125 sine
1720 1068 1825 1126 eisdem

149 1160 244 1216 dicit
258 1161 424 1226 auctricem,
443 1175 498 1215 non
514 1160 662 1217 credimus.
679 1160 756 1215 Absit
772 1159 843 1214 enim
859 1167 898 1229 ut,
911 1158 980 1214 sicut
1030 1156 1209 1213 sacramentis
1223 1171 1272 1227 per
1287 1172 1365 1211 suem
1373 1156 1524 1224 jussionem
1552 1157 1688 1224 abierunt,
1713 1163 1743 1212 ut
1768 1172 1824 1214 non

151 1246 215 1303 hic
234 1245 325 1303 frater
346 1246 544 1303 Hincmarusin
558 1246 713 1319 pernicioso
729 1247 830 1318 scripto
854 1260 904 1302 suo
925 1246 979 1300 im·
1029 1244 1148 1300 districte
1162 1243 1225 1298 inde
1237 1244 1383 1312 judicetur.

144 1334 289 1406 proprie
301 1334 393 1391 dicens
408 1334 554 1402 declamat,
571 1350 627 1389 suae
642 1334 862 1407 colligationibus
883 1333 980 1405 impie·
1064 1332 1100 1386 Et
1115 1332 1138 1386 si
1152 1331 1209 1386 vult
1222 1331 1358 1387 dicerede
1372 1329 1648 1387 excommunicatione
1675 1331 1824 1388 Nortman-

147 1423 236 1478 tatis
253 1422 404 1494 apostolica
418 1422 499 1480 sedes
514 1423 662 1478 consentiat
677 1422 804 1489 3minime
818 1429 908 1477 autem
932 1440 980 1478 cu·
1029 1418 1066 1485 ni,
1083 1436 1162 1490 quam
1175 1419 1346 1474 mendaciter
1358 1435 1409 1491 per
1423 1418 1626 1489 subreptionem
1640 1434 1656 1473 a
1674 1419 1739 1476 seda
1757 1435 1824 1492 apo·

148 1512 258 1567 ctrix
274 1510 382 1566 existat.
398 1509 522 1581 Quaeper
535 1509 888 1566 B.Coelestinumuniverso
902 1525 979 1565 mun·
1030 1507 1124 1562 stolica
1139 1507 1238 1573 elicuit,
1251 1522 1403 1579 suggerens
1413 1506 1610 1562 Nortmaunum
1625 1523 1669 1562 res
1699 1522 1756 1563 suta
1783 1522 1827 1565 aa·

141 1593 199 1648 do
217 1592 378 1664 apostolice
394 1594 543 1649 intonatzu
574 1593 810 1663 obsecrationum,
840 1593 977 1665 iuquiens,
1029 1594 1120 1650 clesiae
1133 1594 1278 1661 invasisse,
1295 1610 1363 1668 quas
1377 1593 1435 1665 ipse
1449 1601 1496 1649 aut
1510 1594 1581 1666 regi,
1597 1601 1642 1648 aut
1655 1594 1825 1651 Nortmanuo

145 1680 392 1737 sacerdotalium
406 1687 575 1737 sacramente
584 1681 773 1752 respiciamus,
791 1697 850 1752 quae
866 1681 899 1735 ab
915 1695 979 1751 apo
992 1679 1229 1770 Bheneficiandas
1245 1681 1389 1751 concessit,
1402 1689 1448 1737 aut
1462 1679 1518 1737 silio
1532 1680 1695 1737 Nortmanni
1722 1680 1827 1739 benefl-

143 1768 254 1824 stolis
270 1767 380 1835 tradita,
396 1775 423 1823 et
436 1768 464 1823 in
479 1776 536 1825 toto
550 1769 661 1837 mundo,
684 1776 767 1840 atque
781 1767 810 1822 in
831 1767 905 1823 omni
933 1783 978 1824 ea·
1029 1770 1117 1835 cievit,
1135 1770 1204 1825 sicut
1218 1770 1320 1841 scripta
1336 1785 1385 1824 sue
1400 1770 1588 1825 demonstrant
1617 1787 1624 1823 ι
1654 1769 1825 1841 respondeu-

139 1855 277 1912 thelica
292 1855 416 1912 Ecclesia
430 1854 602 1912 uniformiter
615 1855 787 1912 celebrantur
803 1874 810 1910 ι
831 1863 861 1910 ut
888 1856 977 1927 legem
1028 1858 1093 1912 dum
1111 1856 1257 1913 abeodem
1272 1847 1407 1912 sanctaet
1422 1857 1619 1912 discretissima
1640 1857 1707 1914 sede
1735 1857 1827 1914 credi·

140 1942 319 2009 credendi,
335 1943 378 2000 lex
394 1951 493 1999 statuat
502 1944 683 2015 supplicandi.
695 1944 761 1999 Cum
777 1943 849 1999 enim
868 1951 977 1999 sancta-
1028 1962 1106 2000 mus:
1124 1946 1251 2001 liuttici
1266 1946 1423 2001 secuudum
1438 1944 1521 2013 fidem
1538 1949 1619 2000 tuum
1635 1945 1746 2013 (unctu.
1770 1947 1823 2017 xx).

140 2047 228 2086 rum
247 2030 374 2102 plebium
392 2030 523 2102 praesules
549 2031 676 2087 mandate
704 2031 812 2086 sibimet
839 2031 977 2104 legatione
1026 2034 1061 2088 Et
1077 2051 1083 2087 :
1098 2035 1142 2088 Eu
1156 2033 1244 2089 uerbis
1260 2034 1317 2089 tuis
1332 2032 1565 2090 condemnaberis
1580 2031 1692 2100 (tactu.
1708 2033 1770 2103 ιιι).
1788 2034 1824 2089 Et

136 2117 339 2192 funguntur,
356 2119 427 2190 apud
441 2117 560 2175 divinam
583 2118 755 2175 clementiam
768 2118 878 2173 humani
889 2131 976 2191 gene·
1028 2121 1101 2192 quod
1115 2122 1145 2175 B.
1161 2120 1329 2193 Augustinus
1342 2119 1371 2175 in
1393 2136 1475 2175 serm.
1504 2121 1521 2173 'l
1548 2119 1691 2191 Evangelii
1712 2119 1824 2176 loannis

135 2207 195 2263 ris
213 2213 316 2277 agunt
329 2221 439 2262 causam
455 2224 463 2273 ς
479 2214 568 2262 ettota
583 2222 676 2263 seeum
691 2206 816 2263 Ecclesia
831 2206 976 2280 congemi-
1026 2208 1097 2264 dicit
1113 2224 1119 2263 ι
1138 2229 1149 2258 x
1168 2207 1250 2274 luris,
1267 2206 1402 2279 inquiens,
1420 2207 1537 2263 forensis
1552 2215 1603 2274 est,
1619 2206 1701 2278 utqui
1715 2206 1744 2262 in
1756 2222 1824 2278 pre·

135 2302 268 2351 scente
284 2294 425 2365 postulant
440 2301 467 2350 et
481 2303 638 2366 precantur,
650 2302 678 2349 ut
693 2294 848 2350 infidelibus
859 2295 977 2351 donetur
1026 2295 1103 2350 cibus
1130 2295 1258 2350 mentitus
1272 2294 1362 2361 fuerit,
1379 2310 1433 2351 non
1448 2295 1486 2350 illi
1501 2295 1587 2367 prosit
1601 2295 1673 2367 quod
1697 2294 1826 2367 impetra-

137 2380 254 2437 fides.
267 2381 327 2436 «Et
337 2381 377 2438 sic
386 2382 572 2453 proomnibus
587 2398 702 2438 exorare
719 2382 865 2438 Dominum
879 2383 976 2438 catho-
1026 2382 1073 2438 vit.
1090 2382 1187 2437 Dixisti
1197 2383 1271 2437 enim
1285 2383 1358 2455 quod
1366 2382 1476 2438 voluisti
1491 2399 1498 2438 τ
1514 2390 1541 2437 et
1555 2381 1598 2438 cui
1612 2382 1713 2452 dixisti,
1730 2382 1823 2440 nesci·

127 2469 253 2527 licam
267 2467 424 2525 Ecclesiam
451 2470 553 2526 debere
568 2470 749 2538 demonstrat,
766 2477 795 2525 ut
821 2477 911 2525 erutos
941 2471 976 2525 de
1026 2470 1063 2525 vit
1079 2484 1114 2525 an
1130 2486 1226 2526 verum
1243 2470 1286 2525 sit.
1302 2469 1411 2526 Dimisit
1420 2478 1445 2525 te
1460 2470 1615 2525 adversario
1637 2477 1684 2526 tuo
1708 2469 1823 2527 convin-

130 2564 312 2628 potestate
323 2556 496 2613 tenebrarum
510 2556 654 2613 transierat
668 2557 697 2612 in
710 2574 825 2628 regnum
839 2556 888 2612 filii
912 2557 977 2612 cha·
1025 2558 1151 2628 cendum,
1169 2566 1197 2613 nt
1219 2558 1243 2613 si
1271 2566 1332 2613 ante
1358 2557 1479 2627 judicem
1503 2557 1647 2614 convictus
1673 2556 1757 2614 fueris
1786 2558 1822 2616 de

129 2645 260 2702 ritatis
275 2660 337 2701 suae
351 2645 424 2715 (dol.
443 2646 464 2716 ι)
477 2663 484 2699 :
500 2653 528 2701 et
542 2662 575 2701 ex
588 2645 663 2702 vasis
673 2646 731 2713 ires,
753 2645 907 2701 faciatvasa
921 2645 975 2700 ml·
1024 2645 1176 2714 mendacio,
1186 2645 1312 2717 quianon
1322 2645 1463 2717 potuitille
1475 2644 1527 2700 nisi
1539 2652 1680 2715 praestare,
1696 2645 1823 2703 nesciens

131 2732 432 2804 sericordiastllom.
445 2734 486 2804 tx)
502 2750 510 2787 :
526 2733 637 2806 quinon
651 2733 709 2790 vult
722 2740 975 2805 montempeceato-
1025 2747 1060 2787 an
1074 2731 1157 2788 fueris
1178 2733 1316 2800 mentitus,
1341 2732 1379 2787 ibi
1407 2747 1501 2789 careas
1527 2731 1659 2788 beneficio
1685 2733 1821 2806 rescripti,

131 2824 203 2890 ris,
220 2819 284 2876 sed
299 2827 330 2876 ut
343 2827 518 2876 convertatur
532 2828 559 2876 et
573 2821 646 2876 vivat
660 2820 771 2893 (Exeat.
802 2822 908 2893 xxxxix)
925 2838 932 2875 ι
948 2828 976 2876 et
1025 2836 1078 2891 quo
1085 2820 1236 2890 perduxisti
1251 2821 1423 2891 rescriptum.
1442 2845 1454 2868 ι»
1470 2821 1505 2875 Et
1519 2820 1571 2877 hoc
1582 2821 1627 2889 J'us
1650 2819 1678 2875 in
1705 2835 1822 2892 corpore

137 2909 207 2983 qui
226 2908 298 2966 vult
312 2908 539 2964 omneshomines
553 2908 643 2964 salvos
653 2907 722 2978 lieri,
730 2908 790 2964 etin
808 2908 974 2981 agnitionem
1023 2907 1085 2961 libri
1100 2907 1296 2963 'theodosianae
1310 2907 1380 2981 legis
1395 2907 1490 2963 haberi
1518 2907 1644 2978 legimus.
1675 2908 1820 2976 Caeterum,

135 2995 298 3054 veritatis
315 2995 407 3051 venire
423 3014 431 3063 ;
447 2995 619 3054 etneminem
626 2995 683 3052 vult
697 2996 787 3067 perire
797 2998 833 3067 (ll
850 2999 919 3053 Tim.
929 2996 971 3066 ιι).
1025 2994 1137 3051 sicutde
1147 2995 1407 3067 Decomnipotente,
1420 3011 1482 3051 cum
1496 2994 1588 3050 omnia
1606 2994 1703 3066 possit,
1719 2995 1825 3053 scilicet

141 3084 261 3153 Absit,
283 3082 408 3155 inquam,
419 3091 449 3140 ut
462 3091 557 3141 auctor
571 3084 605 3139 sit
620 3092 714 3140 sancta
728 3083 809 3140 sedes
824 3084 975 3156 apostolica
990 3052 1087 3155 Cquae
1101 3083 1304 3156 omnipotentiae
1314 3084 1386 3139 illius
1400 3084 1656 3148 conveniunt,recte
1670 3083 1736 3140 dicit
1748 3086 1824 3156 Apo-

143 3173 245 3229 istius
275 3170 429 3242 pertinacis
459 3171 627 3228 crudelitatis
654 3179 794 3228 tantorum
821 3172 972 3241 hominum,
1026 3171 1112 3227 stolus
1129 3189 1136 3227 ι
1151 3174 1280 3246 scipsum
1294 3171 1616 3244 uaporcuoupetcsttll
1629 3173 1699 3227 Tim.
1713 3171 1746 3242 u)
1764 3171 1824 3229 :ita

151 3260 207 3334 qni
225 3274 288 3331 per
303 3258 479 3330 baptismum,
496 3259 539 3316 vel
554 3276 603 3332 per
626 3259 804 3317 sacerdotalis
831 3260 976 3318 ministerii
1026 3265 1051 3314 et
1066 3258 1161 3314 nosde
1174 3259 1220 3314 illa
1234 3267 1329 3315 sancte
1344 3260 1410 3315 sede
1429 3258 1554 3324 dicimus,
1582 3257 1647 3329 quie
1675 3257 1728 3314 sibi
1756 3258 1819 3330 ipsi,

156 3346 426 3405 reconciliationem
456 3347 566 3418 salvari,
596 3355 624 3404 et
647 3364 698 3419 per
725 3348 815 3405 viatici
850 3349 974 3405 muneris
1025 3347 1177 3417 presertim
1191 3347 1220 3402 in
1235 3355 1288 3402 tam
1302 3345 1531 3402 manifestissimis
1544 3344 1704 3401 etmaximis
1718 3345 1821 3414 causis,

161 3434 397 3492 communionem
410 3435 446 3491 ab
461 3443 564 3494 eterno
578 3443 705 3507 poterant
719 3435 833 3492 liberari
862 3436 975 3492 interitu
1025 3440 1052 3489 et
1065 3434 1192 3491 humanae
1206 3433 1401 3506 redemptionis
1415 3442 1496 3506 etque
1510 3431 1606 3488 salutis
1636 3431 1822 3505 singularibus

168 3523 305 3580 mortibus
319 3537 366 3580 reo
381 3522 502 3597 (aliquid
516 3525 604 3595 deest)
620 3541 629 3592 ;
645 3523 710 3597 quia
724 3540 780 3581 non
793 3531 902 3596 poterat
915 3523 975 3581 fieri
1024 3521 1170 3593 praesidiis,
1186 3522 1321 3578 contraria
1335 3521 1409 3577 nullo
1422 3521 1575 3577 modoesse
1587 3527 1699 3592 potest:
1716 3527 1743 3578 et
1757 3536 1820 3594 qnae

173 3607 237 3663 utin
251 3613 312 3661 tam
322 3606 414 3678 ampla
422 3607 563 3678 parocbia,
580 3607 649 3664 sicut
664 3607 710 3662 illa
719 3615 770 3676 est,
787 3624 847 3680 quae
864 3607 974 3680 specia-
1025 3609 1174 3664 secundum
1194 3610 1378 3681 evangelicam
1405 3609 1556 3677 veritatem,
1586 3617 1613 3664 et
1641 3607 1822 3680 apostolicam

173 3693 231 3750 liter
246 3693 372 3763 subiacet
385 3694 508 3752 undeni
522 3694 682 3767 municipio,
698 3712 750 3768 per
775 3696 895 3768 quinque
920 3696 974 3753 cir·
1024 3696 1205 3768 traditionem,
1221 3707 1300 3770 atque
1310 3697 1470 3754 canonicam
1483 3697 1682 3767 auctoritatem,
1697 3712 1748 3768 per
1774 3697 1820 3755 Si·

177 3781 241 3837 citer
256 3781 330 3850 dias,
345 3782 446 3854 quibus
469 3798 502 3839 eo
517 3783 609 3851 modo,
636 3783 705 3841 sicut
731 3783 860 3855 praemisi,
884 3784 974 3841 fueret
1024 3785 1131 3853 ricium,
1148 3787 1343 3857 Innocentium,
1355 3786 1541 3856 Coelestinum,
1565 3787 1685 3841 Leonem
1699 3783 1816 3842 irrefra-

177 3869 972 3943 colligata,quiaearnanteametropolitanasollicitudine,
1024 3873 1153 3945 gabiliter
1175 3874 1322 3942 constituit,
1347 3874 1478 3947 refragari
1502 3889 1519 3928 a
1542 3888 1680 3946 quoquam
1707 3872 1835 3945 impune·

177 3956 345 4030 evangelica,
361 3965 388 4013 et
402 3958 562 4031 apostoliea,
579 3967 658 4034 atque
676 3960 853 4026 canonicam
867 3968 973 4032 aposto·
1023 3962 1097 4018 nulla
1111 3963 1214 4019 ratione
1229 3962 1351 4019 dimittet.
1379 3962 1462 4032 Cujus
1482 3962 1604 4032 interest,
1634 3961 1703 4019 sicut
1729 3961 1819 4018 isdem

177 4042 232 4101 tica
241 4044 320 4101 sedis
338 4046 498 4104 auctoritate
512 4048 656 4105 absolvere
670 4064 726 4105 ncn
740 4047 858 4116 cucurri,
880 4048 973 4120 plures
1023 4048 1106 4106 frater
1120 4051 1281 4108 Hincmarus
1292 4050 1395 4119 scribit,
1411 4073 1422 4098 n
1439 4049 1474 4105 de
1488 4049 1534 4105 illa
1548 4065 1565 4105 a
1580 4066 1610 4106 se
1624 4049 1694 4106 facta
1703 4063 1821 4107 excom·

177 4131 233 4189 siue
246 4131 395 4205 baptismo,
411 4141 438 4189 et
452 4135 555 4207 absque
567 4135 767 4193 communionis
795 4136 892 4210 gratia,
917 4150 974 4192 non
1023 4139 1207 4195 municatione
1218 4139 1352 4209 iudicare,
1367 4138 1442 4195 etde
1456 4153 1517 4194 mea
1530 4138 1697 4195 resolutione
1722 4138 1822 4197 decer·

177 4218 292 4276 obierint
307 4238 315 4277 ε
331 4221 479 4293 dequibus
494 4223 647 4296 quicunque
662 4224 761 4281 salvati
775 4233 847 4292 sunt,
867 4224 974 4282 salvan·
1023 4242 1100 4283 nere.
1120 4250 1132 4276 ι

176 4305 400 4375 fifflfdfflmmt
415 4307 461 4381 qui
481 4317 571 4366 aulem
589 4312 741 4382 perierunt,
771 4311 921 4384 perditoris
946 4319 972 4368 et
1059 4324 1259 4390 Verumtamen,
1291 4322 1361 4378 sicut
1382 4338 1415 4378 ex
1436 4321 1544 4378 concilii
1573 4321 1743 4379 sardicensis
1772 4338 1818 4380 ca·

176 4393 347 4463 meantium
360 4393 555 4452 fuifmerifflm·
982 4401 1141 4467 Dnonibus
1154 4411 1204 4467 SS.
1221 4409 1403 4476 lnnocentius,
1433 4408 1596 4476 bonifacius,
1627 4417 1653 4466 et
1675 4410 1731 4467 Leo
1756 4425 1822 4482 pro-

209 4492 337 4548 Attamen
350 4490 424 4562 licet,
439 4491 514 4549 velut
532 4500 645 4551 sanctus
672 4495 833 4551 Ambrosius
858 4494 888 4551 in
908 4493 972 4552 fidei
1022 4499 1220 4571 mulgaverunt,
1235 4497 1311 4568 prius
1337 4497 1452 4566 majores
1480 4511 1586 4565 causas,
1616 4513 1677 4569 quae
1698 4496 1732 4552 ad
1760 4505 1820 4553 sta-

177 4576 320 4636 devotioue
348 4577 532 4637 Valentiniani
547 4582 607 4652 (til.
621 4582 655 4638 de
669 4584 745 4640 obitu
767 4583 930 4656 Vettonum),
947 4591 973 4640 et
1022 4594 1077 4642 tum
1093 4585 1288 4653 Ecclesiarum,
1300 4593 1327 4641 et
1339 4585 1374 4641 ad
1389 4585 1564 4641 concordiam
1574 4585 1709 4657 pertinent
1724 4600 1818 4642 sacer-

178 4663 270 4723 beatus
284 4666 455 4740 Augustinus
469 4667 634 4741 disputando
649 4671 828 4738 demonstrat,
845 4679 874 4726 ut
903 4671 973 4728 sicut
1022 4675 1127 4746 dotum,
1142 4675 1215 4746 apud
1228 4689 1289 4742 nos,
1304 4673 1355 4730 sub
1370 4673 1466 4730 timore
1476 4673 1595 4742 Domini,
1612 4673 1739 4730 convenit
1747 4688 1817 4732 ven·

157 4752 203 4808 ⁴jn
211 4754 257 4812 illo
270 4754 379 4813 latrone
394 4771 456 4814 cum
469 4757 587 4815 Domino
602 4757 731 4816 crucifixo
741 4767 768 4815 et
791 4759 930 4827 credente,
946 4768 972 4816 et
1021 4763 1091 4818 tilari
1107 4782 1114 4830 ;
1131 4771 1157 4819 et
1170 4763 1206 4818 de
1214 4762 1421 4834 componendis,
1431 4780 1492 4834 quae
1502 4762 1569 4819 forte
1580 4770 1675 4818 nostro
1685 4760 1818 4834 nequive-

134 4841 328 4915 -confitente
342 4843 449 4918 quodei
465 4860 498 4901 ex
511 4846 639 4918 baptismi
655 4855 827 4904 sacramento
836 4847 970 4917 defuerat,
1022 4852 1074 4907 rint
1087 4851 1171 4922 sopiri
1182 4851 1285 4921 judicio
1301 4869 1309 4919 ;
1325 4860 1351 4906 et
1364 4850 1398 4906 de
1419 4850 1521 4920 iudicio
1541 4857 1634 4906 nostre
1661 4849 1820 4922 compositis

58 4931 515 5005 -ronpleritomnipotentis
526 4933 681 5008 benignitas
691 4935 743 4991 :ite
760 4933 830 4993 forte
853 4935 972 5007 parvulis
1020 4947 1083 5011 post
1093 4939 1224 5010 judicium
1239 4946 1345 5011 oportet
1358 4940 1393 4995 ad
1407 4939 1502 4995 sedem
1514 4938 1689 5011 apostolicam
1708 4937 1820 5010 plenam

38 5017 272 5088 *qubus
298 5019 466 5092 baptismum
491 5022 625 5095 denegari
641 5021 731 5095 jussit,
757 5030 901 5094 parentum
928 5021 971 5080 vel
1022 5027 1155 5084 rationem
1166 5027 1310 5083 transmitti
1327 5043 1333 5083 :
1349 5035 1379 5083 ut
1393 5042 1427 5086 ea
1440 5044 1501 5100 quae
1512 5028 1586 5096 iuxta
1601 5025 1820 5084 ecclesiasticum

10 5091 348 5175 *strenarum
364 5109 448 5166 corde
477 5111 657 5180 credentium,
688 5117 715 5166 et
744 5110 824 5167 etiem
852 5110 971 5183 parvulis
1021 5131 1126 5172 morem
1138 5117 1211 5186 iuste
1221 5124 1247 5171 et
1261 5115 1459 5172 rationabiliter
1477 5115 1550 5187 apud
1560 5130 1610 5172 nos
1626 5114 1725 5171 fuerint
1751 5111 1821 5170 diffl-

10 5175 247 5250 Quali
259 5195 441 5254 confessionis
454 5198 540 5254 verbo
552 5198 688 5270 baptisma
702 5199 894 5272 expetentium,
921 5199 972 5256 sed
1020 5204 1086 5274 nita,
1103 5204 1189 5276 ipsius
1202 5203 1360 5276 apostolicae
1387 5204 1462 5260 sedis
1476 5203 1609 5260 sententia
1637 5203 1813 5259 roborentur.

10 5264 228 5338 T·-=on
237 5282 440 5356 impetrantium
447 5283 527 5354 fides,
535 5294 562 5343 et
576 5285 668 5345 fidelis
675 5287 823 5360 postulatio
837 5286 971 5360 prodesse
1021 5292 1067 5349 Sic
1081 5292 1154 5348 enim
1169 5300 1195 5347 et
1208 5300 1319 5348 sanctus
1328 5292 1486 5349 ambrosius
1501 5291 1626 5349 scribens
1634 5290 1670 5346 ad
1684 5288 1821 5364 Theophi-

17 5352 289 5432 Quem
303 5389 312 5429 ι
327 5373 446 5431 donante
460 5390 505 5443 eo,
521 5375 599 5445 cujus
613 5375 736 5447 spiritus,
752 5391 807 5448 quo
820 5391 970 5448 regenera-
1020 5379 1078 5436 lum
1091 5380 1308 5437 alexandrinum
1322 5381 1494 5453 episcopum,
1510 5378 1699 5452 saeresleges,
1714 5385 1744 5436 et
1768 5392 1820 5436 ea·

71 5445 171 5500 'Q
183 5454 212 5512 io
226 5456 264 5534 fit,
277 5460 325 5519 ubi
336 5462 394 5522 vult
403 5461 486 5535 spirat
497 5481 505 5533 3
518 5470 545 5521 et
560 5463 643 5522 etiam
657 5471 720 5521 ante
746 5465 912 5539 baptismum
939 5481 970 5522 se
1020 5484 1116 5542 nones,
1132 5476 1161 5525 ut
1174 5469 1418 5543 postiudieiumad
1427 5469 1521 5527 sedem
1531 5467 1711 5542 apostolicam
1724 5466 1822 5527 relatio
