3826 6098
122 173 156 230 ³7
877 153 1063 218 nrisroiia.
1740 163 1774 218 at

123 313 175 371 quo
190 304 364 368 potestatem,
381 294 424 349 eni
439 294 466 347 in
481 293 608 347 omnibns
632 307 702 357 snm,
726 289 795 345 sicut
819 296 923 343 rectum
938 287 1175 352 Ademonstrant,
1191 285 1415 358 carthaginensis
1429 285 1604 350 concilii‚imo
1619 285 1773 355 apostolicae

123 397 170 453 est,
188 385 303 440 obedire
320 392 429 454 paratus
446 400 452 435 :
470 381 519 435 sed
534 381 597 452 qnia
613 395 749 434 summum
770 375 924 432 auctoritati

123 483 218 529 vestrae
233 472 399 544 obsequium
414 479 545 540 praestare
561 486 604 523 me
633 477 707 538 pute,
738 483 800 522 cum
817 481 848 520 ea
864 481 924 535 quaa

125 564 219 623 sentio,
237 571 284 616 aut
307 562 340 614 ad
362 559 562 630 probationem,
592 556 700 611 autad
727 555 926 610 correctionem

125 651 263 705 humiliter
279 649 416 719 sapientiae
431 646 514 700 vestri
531 645 680 717 magisterii
706 644 805 714 pando,
828 651 854 697 et
869 642 925 696 uo-

125 740 198 795 thadi
216 755 305 793 mores
320 737 397 791 vobis
413 734 536 789 intimare
550 750 678 805 procare,
703 750 737 788 ne
753 748 812 786 mea
836 731 926 802 negli-

127 829 226 901 gentia,
245 826 291 897 qui
307 841 355 881 cos
377 825 449 888 novi,
478 838 527 878 vos
550 823 803 892 lateant,quatenus
829 820 929 875 certius

128 917 196 988 qued
210 914 288 969 vobis
303 912 437 983 placuerit
448 912 482 967 de
497 912 543 966 illo
557 919 649 966 vestra
664 910 812 965 auctoritas
828 909 928 963 decer-

130 1022 191 1060 nere
207 1004 305 1058 valeat.
322 1001 410 1070 Quem
435 1001 456 1054 si
474 1016 545 1055 nunc
560 1000 587 1054 iu
611 999 782 1069 depositione
798 997 927 1063 iudicium

130 1099 244 1144 restrum
260 1102 373 1141 manere
394 1085 556 1149 decreverit,
588 1084 689 1137 scimus
713 1083 747 1137 de
764 1081 929 1153 benignitate

130 1188 153 1233 et
166 1176 300 1231 modestia
316 1191 347 1229 ac
362 1175 461 1244 pietate
479 1172 524 1225 filii
540 1172 621 1228 vestri
637 1172 729 1226 domni
745 1171 817 1241 regis
832 1170 928 1234 Caroli,

130 1267 254 1339 quoniam
270 1262 402 1336 quidquid
418 1263 451 1316 de
467 1261 514 1315 illo
539 1260 649 1332 praefato
672 1259 727 1314 lilio
751 1268 842 1313 vestro
858 1275 931 1328 prac-

133 1354 263 1424 ceperitis,
291 1358 316 1406 et
339 1349 534 1405 rationabiliter
564 1349 659 1418 poterit
687 1346 846 1417 adimplere,
874 1347 932 1401 sinc

132 1445 180 1498 ulla
196 1440 388 1495 retractatione
404 1438 521 1493 obediet.
554 1436 650 1492 Sedet
671 1436 826 1506 coepiscopi
849 1426 934 1489 nostri

134 1530 364 1584 chcclesiarum
387 1543 496 1581 suarum
526 1525 668 1596 stipendiis
699 1523 933 1578 abundantissime

975 378 1058 442 sedis,
1075 392 1136 447 quea
1154 376 1182 433 in
1206 375 1263 429 suis
1282 375 1354 429 idem
1375 375 1501 445 presedit
1522 374 1641 441 vicariis,
1662 374 1773 430 decreta

976 471 1145 534 sequentes:
1163 463 1289 518 videlicet
1316 472 1344 517 ut
1366 479 1383 518 a
1406 464 1611 534 quibuscunque
1636 462 1773 530 jndicibus

976 553 1167 609 ecclesiasticis
1183 553 1217 606 nd
1234 552 1302 606 alios
1315 552 1422 621 judices
1438 552 1649 619 ecclesiasticos,
1664 550 1710 605 ubi
1734 558 1776 606 est

976 643 1063 711 major
1078 642 1232 705 auctoritas,
1249 638 1330 694 fuerit
1350 650 1535 710 provocatum,
1552 656 1607 695 non
1630 640 1670 694 eis
1693 639 1773 704 obsit,

978 747 1094 802 quorum
1109 729 1189 783 luerit
1204 729 1292 783 soluta
1307 730 1448 793 sententia,
1475 730 1496 782 si
1511 729 1635 784 convinci
1650 744 1704 783 non
1723 743 1775 798 po·

978 819 1085 882 tuerint,
1118 818 1161 873 vel
1189 818 1298 872 inimico
1322 818 1412 872 animo
1432 818 1579 886 judicasse,
1614 817 1657 872 vel
1687 817 1777 887 aliqua

979 908 1125 978 cupiditate
1141 916 1186 960 atit
1201 906 1290 978 gratia
1320 906 1467 975 depravati,
1484 907 1555 961 unde
1570 906 1649 961 nobis
1664 916 1690 961 et
1709 921 1776 962 con-

981 996 1094 1052 scientia
1108 995 1233 1066 perbibet
1249 994 1440 1059 testimonium,
1464 1003 1489 1048 et
1511 995 1637 1048 omnibus
1661 995 1706 1065 qui
1734 995 1777 1048 in-

982 1085 1133 1139 terfuerunt
1156 1092 1247 1137 notum
1271 1082 1372 1137 facturn
1387 1082 1470 1135 fnisse
1494 1083 1674 1152 dignoscitur,
1706 1099 1777 1153 quo-

981 1174 1054 1227 niam
1070 1173 1146 1226 illurn
1161 1188 1271 1226 servare
1288 1170 1498 1241 quarnJ'udicarc
1514 1171 1668 1238 maluimuS,
1686 1171 1708 1224 si
1728 1186 1778 1240 pro

983 1279 1124 1318 sacrorum
1157 1277 1293 1316 canonum
1317 1259 1444 1331 neglectu
1470 1276 1564 1314 eorum
1585 1260 1698 1327 judicio,
1728 1276 1778 1329 per

984 1368 1063 1422 quos,
1074 1350 1174 1420 Spiritu
1186 1356 1281 1404 sancto
1291 1349 1449 1418 inspirante,
1461 1348 1624 1418 promulgati
1635 1356 1705 1414 sunt,
1718 1364 1779 1402 cnm

984 1456 1016 1494 eo
1032 1455 1111 1509 quem
1125 1437 1263 1507 corrigere
1280 1437 1458 1507 nequibamus
1477 1437 1601 1490 damnari
1616 1435 1716 1505 pariter
1726 1450 1779 1489 non

985 1529 1151 1582 timeremus
1176 1527 1210 1580 Et
1232 1525 1332 1579 idcirco
1349 1525 1423 1579 nullo
1447 1525 1557 1580 inimico
1582 1524 1680 1587 animo,
1707 1522 1782 1576 nulla

133 1619 167 1672 11Ιί
179 1618 348 1689 1119θῦ11111·
371 1617 430 1670 Mea
453 1615 534 1670 eliam
559 1614 702 1685 exiguitas,
719 1614 788 1669 516111
797 1627 933 1683 nunquam
948 1617 1132 1694 Bcupiditate
1148 1622 1194 1669 aul
1209 1614 1311 1686 gratias
1326 1615 1476 1683 depravati,
1486 1614 1582 1668 llentes
1596 1613 1668 1667 illius
1684 1614 1779 1669 incor-

138 1708 167 1762 ad
180 1706 386 1761 retributionem
402 1703 465 1757 mali
489 1710 601 1774 propter
618 1710 788 1772 contemptus
802 1710 828 1756 et
842 1710 935 1756 conlu—
985 1705 1122 1778 rigibilem
1144 1703 1296 1758 secordiam
1321 1711 1346 1756 et
1365 1703 1569 1757 irrevocabilem
1593 1706 1779 1773 pertinaciam,

138 1796 228 1850 melias
243 1795 337 1848 abillo
352 1792 418 1846 milii
432 1792 520 1847 illatas
535 1792 678 1862 pervenire
695 1791 768 1845 volui
785 1791 840 1845 :ita
856 1790 934 1862 qnid·
984 1793 1123 1866 regularia
1137 1792 1165 1845 in
1179 1808 1241 1846 eum
1255 1791 1359 1860 judicia
1373 1792 1493 1846 exsecuti
1509 1808 1612 1862 sumus,
1629 1811 1690 1864 quae
1704 1797 1738 1850 ab
1749 1814 1781 1852 ρο

138 1884 195 1956 quid
216 1881 393 1953 benignitatis
415 1889 521 1950 potere,
548 1879 726 1935 libentissima
754 1878 934 1932 abundantius
985 1882 1150 1954 suspendere
1165 1881 1264 1936 diutius
1281 1896 1335 1935 non
1350 1881 1584 1951 praesumpsimus,
1597 1883 1692 1938 vegim
1702 1886 1782 1940 eiiam

138 1973 209 2027 etiam
224 1987 309 2042 quam
326 1972 445 2040 unquam
459 1967 580 2035 fecerim,
598 1968 756 2037 impendere
767 1966 932 2037 procurabo.
985 1972 1095 2041 sapiens
1111 1979 1137 2025 et
1153 1986 1257 2024 summa
1272 1969 1419 2025 auctoritas
1433 1969 1460 2022 in
1476 1971 1650 2026 decernendo
1663 1975 1783 2030 attendet

142 2062 164 2115 Si
176 2076 241 2115 vero
257 2059 317 2114 sine
328 2058 382 2112 ulla
393 2056 635 2112 satisfactionalem
647 2056 740 2110 diutini
765 2063 935 2124 contemptus
968 2060 1145 2130 ‘Apostolum
1156 2058 1375 2128 docentemque
1391 2059 1576 2130 qaornrndam
1585 2066 1701 2130 peccata
1712 2081 1783 2133 prm.

143 2165 278 2204 sacrorum
292 2162 438 2214 canonum,
451 2154 476 2200 et
493 2146 566 2199 sedis
582 2144 739 2215 apostolica·
749 2145 933 2208 decretorum,
986 2148 1115 2204 cedentia
1125 2146 1784 2217 suntadjudictnm‚qn0rumdametiameiius.

143 2254 169 2292 ac
183 2254 241 2291 suae
255 2235 415 2305 metropolis
430 2234 575 2306 privilegii,
587 2242 667 2304 atque
683 2231 852 2303 synodalium
866 2231 937 2300 judi·
987 2240 1145 2308 sequuntur
1159 2235 1181 2304 il
1195 2236 1262 2289 Titii.
1280 2250 1307 2302 v,
1320 2234 1376 2304 illl.
1389 2232 1535 2302 Quaesicnt
1555 2235 1651 2290 beatus
1674 2239 1783 2307 exponit

142 2326 246 2389 ciorum,
264 2325 364 2395 quibus
379 2340 430 2378 nec
445 2322 568 2384 obedire,
593 2337 643 2375 nec
666 2337 695 2374 se
718 2320 886 2374 obediturum
902 2320 936 2373 de
987 2324 1147 2380 Ambrosius
1162 2324 1205 2392 (iii
1227 2323 1339 2393 Apolaq.
1366 2322 1461 2385 nnita,
1486 2338 1510 2377 c.
1528 2327 1565 2392 6),
1578 2340 1608 2378 ac
1620 2324 1643 2378 si
1653 2326 1741 2395 posita
1756 2327 1783 2382 in

145 2423 233 2469 cetero
250 2411 374 2482 profiteri
397 2412 441 2465 ret
466 2409 638 2464 subscribere
661 2409 752 2476 voluit,
779 2418 805 2463 ei
833 2409 936 2480 absque
988 2413 1103 2480 bilance,
1129 2410 1274 2479 injudicio
1298 2419 1359 2464 sunt
1387 2410 1578 2480 examinanda,
1604 2421 1692 2468 utrum
1715 2415 1785 2470 bona

144 2501 317 2570 professione,
344 2499 386 2554 vel
410 2499 607 2569 subscriptione
632 2514 689 2552 suae
714 2497 889 2552 correctionis
911 2505 938 2551 et
988 2518 1070 2572 opera
1092 2499 1209 2570 amplius
1231 2499 1372 2569 pensando
1400 2501 1596 2555 remuneranda
1620 2503 1784 2573 precedant,

144 2590 309 2655 obedientiae,
334 2603 428 2642 coram
452 2586 567 2640 fratibus
580 2587 647 2652 suis,
668 2602 783 2657 quorum
802 2586 938 2640 multoties
990 2598 1016 2644 et
1044 2590 1115 2643 mala
1141 2587 1213 2644 sacta
1241 2588 1352 2642 minima
1383 2588 1596 2643 misericorditer
1628 2590 1787 2646 diffinienda

145 2679 274 2750 regularia
291 2683 433 2746 spreverat
452 2676 562 2740 monita,
581 2691 645 2729 cuni
670 2675 733 2730 iude
757 2673 897 2744 pluraliter
910 2673 939 2727 in
990 2679 1187 2741 demonstrent,
1204 2693 1239 2730 an
1255 2677 1326 2732 male
1340 2676 1409 2731 lacta
1424 2677 1538 2746 amplius
1558 2678 1698 2746 pensando
1713 2697 1786 2749 piae.

146 2766 235 2820 Leonis
251 2773 279 2820 et
295 2764 425 2836 Gregorii
440 2763 562 2834 epistolis
576 2763 723 2834 relegatur.
748 2763 775 2817 Si
798 2762 889 2824 etiam,
911 2768 939 2816 ut
990 2766 1096 2831 cedant,
1113 2773 1141 2818 nt
1155 2773 1312 2819 mereantur
1327 2764 1507 2818 damnationis
1518 2765 1660 2834 judicium,
1674 2776 1701 2821 et
1716 2768 1788 2823 bona

146 2854 184 2908 illa
198 2861 408 2924 praetereamus,
426 2869 487 2923 quae
502 2853 537 2906 ob
547 2851 693 2907 sacerdotii
711 2850 903 2905 verecundiam
913 2857 940 2903 et
991 2854 1106 2925 paucula
1122 2853 1264 2909 suffocent.
1284 2851 1352 2921 Quia
1374 2862 1400 2907 et
1415 2868 1464 2907 nos
1479 2869 1530 2923 pro
1551 2855 1661 2909 modulo
1682 2865 1785 2921 nostro,

146 2942 319 3012 opprobrium
335 2940 518 3003 saecularium,
537 2948 684 3011 sequentes
698 2938 853 2994 Africanum
874 2954 940 2994 con·
992 2958 1046 2997 non
1063 2942 1151 2996 solum
1166 2942 1317 3006 utilitatem,
1343 2957 1437 2996 verum
1460 2949 1487 2995 et
1506 2942 1671 2998 noxietatem
1688 2945 1716 2997 in
1733 2945 1788 2998 llo-

146 3031 241 3095 cilium‚
259 3046 311 3085 nec
326 3031 361 3083 ad
385 3029 523 3084 notionem
548 3029 574 3081 in
599 3029 733 3098 synodum
757 3027 856 3083 deduci
880 3045 941 3097 per·

146 3121 274 3183 misimus,
291 3117 477 3188 parvipensis
501 3126 527 3171 et
551 3117 610 3170 sine
647 3117 737 3187 aliqua
772 3117 942 3172 correctione

148 3208 261 3262 dimissis
284 3207 325 3260 eis
349 3206 475 3275 capitulis
499 3204 652 3261 auctoritati
675 3214 774 3260 restrae
803 3206 855 3259 sub
879 3206 943 3260 lidei

149 3296 318 3366 stipulatione
334 3293 454 3358 directis,
470 3311 521 3363 pro
537 3294 635 3364 quibus
651 3293 740 3347 iuerat
750 3294 889 3362 judicatus
909 3294 943 3347 ab

148 3384 289 3455 episcopis,
307 3382 340 3436 ad
356 3398 471 3453 qnorum
484 3382 617 3450 judicium
626 3390 834 3452 provocaverat,
846 3397 944 3436 secuu-

149 3472 206 3525 dum
230 3485 363 3540 expressa
392 3485 534 3524 sacrorum
564 3486 697 3525 canonum
729 3477 756 3524 et
788 3469 944 3540 apostolica

151 3560 215 3613 sedis
230 3559 353 3622 decreta,
371 3557 517 3612 Caelestino
528 3556 634 3612 dicente
650 3559 744 3630 (epist.
766 3564 790 3625 il,
809 3559 945 3630 episcopis

151 3648 287 3719 perdpul.
304 3651 332 3701 ct
345 3647 471 3716 Calah.):
491 3667 502 3694 ι
521 3646 697 3714 Quaeenima
713 3647 791 3701 nobis
807 3663 851 3701 res
859 3645 946 3716 ¹digna

153 3735 308 3801 servabitur,
325 3734 348 3788 si
363 3734 541 3789 decretalium
555 3750 649 3790 norma
672 3736 878 3790 constitutorum
896 3750 945 3805 pro

154 3823 298 3895 aliquorum
321 3822 398 3877 libitu
420 3823 528 3878 licentia
556 3823 663 3893 populis
678 3824 811 3894 permissa
832 3824 945 3895 franga-

156 3918 192 3965 tur
204 3914 241 3966 i·
259 3913 301 3966 lle
316 3922 414 3968 vestrae
429 3912 521 3982 pietali
541 3912 676 3983 placuerit
695 3912 772 3966 illum
794 3919 945 3979 restituere,

159 4007 183 4052 ut
195 3994 286 4070 primas
302 4000 377 4055 sedis
396 4008 422 4054 et
436 4001 531 4055 matris
546 4016 577 4055 ac
594 4001 732 4073 magistrae
755 4002 876 4055 omnium
891 4002 946 4055 Ec-

164 4087 293 4143 clesiamm
324 4087 468 4159 pontificis,
505 4098 721 4160 cunctorumque
753 4091 947 4161 episcoporum

993 3032 1074 3086 thado
1098 3047 1160 3086 curn
1182 3029 1262 3084 factis
1277 3028 1333 3083 suis
1354 3029 1538 3099 pensavimus
1564 3037 1590 3085 et
1614 3031 1688 3087 velut
1711 3032 1789 3088 licul-

992 3136 1073 3175 neam
1088 3117 1290 3183 infructuosam,
1316 3127 1417 3172 terram
1436 3118 1595 3173 rationalem
1613 3121 1713 3174 diutius
1726 3122 1789 3176 inu-

993 3208 1074 3262 tiliter
1102 3216 1289 3277 occupantem,
1315 3215 1342 3261 et
1365 3206 1445 3261 etiam
1467 3216 1528 3276 post
1550 3208 1628 3277 plura
1653 3216 1788 3280 tempora,

993 3297 1140 3368 pluresque
1155 3295 1363 3357 admonitiones
1380 3296 1457 3367 quasi
1471 3296 1603 3366 cophinos
1617 3298 1791 3370 pinguedinis

994 3385 1045 3440 sibi
1060 3384 1199 3455 appositos
1209 3399 1264 3438 non
1279 3383 1464 3452 recipientem,
1482 3378 1531 3439 sed
1545 3385 1665 3439 sterilem
1679 3403 1790 3455 perma-

995 3481 1114 3540 nentem,
1130 3487 1186 3526 non
1200 3473 1258 3526 sine
1273 3471 1365 3526 dolore
1380 3471 1470 3526 cordis
1483 3473 1678 3528 succidendum
1697 3475 1790 3544 provi-

995 3562 1094 3615 dimus.

1031 3650 1066 3703 Et
1082 3665 1144 3704 cum
1159 3651 1217 3704 haec
1237 3648 1275 3702 ita
1293 3664 1322 3703 se
1348 3647 1473 3714 babeant,
1499 3649 1602 3720 absque
1624 3651 1791 3708 dubitatione

997 3736 1114 3803 confido,
1133 3737 1285 3809 quiaillud,
1301 3736 1375 3807 quod
1388 3736 1415 3789 in
1442 3737 1556 3806 praefato
1571 3738 1793 3810 Carthaginensis

997 3827 1105 3884 concilii
1120 3825 1238 3896 capitulo
1262 3825 1320 3879 sine
1335 3825 1390 3879 ulla
1412 3824 1629 3895 interpellatione
1651 3828 1794 3900 subsequi-

998 3924 1050 3977 tur.
1067 3916 1205 3970 decretum
1220 3913 1304 3968 vestri
1323 3914 1518 3968 moderaminis
1539 3932 1707 3986 nequaquam
1723 3934 1794 3987 prae-

998 4004 1091 4059 teriret
1108 4021 1115 4056 :
1133 4004 1213 4067 Sane,
1229 4002 1316 4073 inquit
1344 4001 1456 4072 (coiictl.
1469 4003 1608 4073 Africam,
1626 4021 1686 4060 can.
1704 4009 1759 4074 89),
1772 4007 1795 4061 si

999 4109 1031 4147 ex
1047 4108 1181 4147 consensu
1197 4091 1314 4161 partium
1331 4090 1409 4145 electi
1424 4090 1523 4145 fuerint
1544 4091 1660 4160 judices,
1686 4095 1796 4149 etiama

166 4178 236 4244 patris
249 4187 328 4249 atque
343 4178 475 4250 magistri,
493 4178 619 4250 regulare
638 4179 771 4247 judicium
787 4178 859 4233 ferre
879 4195 947 4235 eon-
998 4180 1127 4252 pauciore
1143 4195 1255 4235 numero
1279 4194 1361 4250 quam
1376 4179 1549 4234 constitutum
1579 4191 1629 4247 est,
1648 4199 1703 4238 non
1718 4184 1797 4239 liceat

170 4265 235 4332 venit,
250 4283 327 4338 aequo
341 4267 431 4321 auimo
452 4266 547 4321 feram.
578 4268 664 4322 Credo
679 4276 767 4322 tamen
792 4268 947 4340 diligentis·
998 4270 1152 4341 provocari.
1177 4268 1230 4336 Qui
1255 4284 1382 4323 numerus
1405 4268 1564 4323 constitutus
1585 4270 1612 4324 in
1636 4272 1797 4329 duodecimo

173 4350 249 4406 sinam
257 4354 449 4410 discretionem
458 4356 754 4426 vestramprovisuram
765 4365 948 4426 contemptum
963 4346 1135 4429 Dsuperiori
1154 4357 1272 4427 capitulo
1287 4357 1495 4423 demonstratus
1511 4366 1537 4413 et
1556 4374 1706 4415 consensus
1730 4378 1797 4431 par-

177 4453 198 4491 ac
213 4444 399 4499 contumaciam
423 4444 605 4513 subiectorum
634 4461 699 4516 erga
719 4445 848 4515 praelatos
875 4462 950 4511 suos,

179 4533 197 4576 et
210 4527 350 4586 libertatem
374 4533 484 4603 impune
508 4532 684 4604 delinquendi
711 4541 807 4588 contra
831 4550 952 4589 canones

180 4627 257 4686 sacros,
267 4638 327 4690 quae
342 4620 406 4675 binc
421 4620 447 4674 in
464 4621 565 4675 nostris
581 4620 738 4691 regionibus
762 4630 898 4692 poterunt,
924 4630 952 4676 ut

181 4701 315 4766 quibusdam
329 4709 446 4774 ridetur,
463 4710 558 4764 noxias
574 4709 647 4764 viras
662 4710 787 4781 accipere
803 4729 810 4765 :
831 4727 952 4782 praeser-

181 4785 218 4839 tin
242 4810 296 4850 cum
322 4797 530 4868 sapientissimae
553 4798 705 4852 auctoritati
725 4808 823 4855 vestrae
847 4808 953 4855 constet

180 4883 228 4962 esse
239 4881 411 4951 notissimum,
428 4883 618 4937 demonstrare
628 4883 790 4939 Sardicouse
808 4885 954 4941 concilium

179 4970 203 5007 11
223 4969 322 5035 septimo
348 4987 398 5026 ruo
418 4970 543 5041 capitulo,
569 4971 685 5043 qualiter
706 4972 804 5041 dejecti
826 4982 852 5027 et
873 4974 954 5029 adse

181 5042 298 5113 clamantis
313 5059 435 5130 episcopi
462 5060 640 5115 restitutionis
670 5060 713 5115 vel
728 5061 757 5115 in
784 5061 954 5131 depositione

179 5145 353 5226 Plsfflansionis
368 5148 514 5214 exsecutio,
532 5165 592 5203 cum
604 5149 779 5207 indemnitate
795 5149 955 5221 simpliciter

177 5219 340 5301 iudicandum,
357 5236 391 5291 ab
421 5238 572 5309 apostolica
596 5239 662 5294 sede
686 5240 785 5295 debeat
807 5240 952 5297 celebrari.

181 5303 245 5372 led
258 5332 280 5377 et
294 5326 477 5392 Innocentius,
493 5334 520 5383 et
535 5326 697 5398 bonifacius,
714 5344 809 5384 verum
824 5337 851 5385 et
865 5331 955 5388 Leoiu

182 5393 286 5480 decretis,
310 5423 337 5471 et
358 5415 506 5491 Gregorius
530 5415 682 5475 evidentius
705 5417 733 5476 in
754 5418 875 5490 epistolis
898 5421 954 5476 suis

1000 4448 1066 4501 tium
1094 4446 1238 4517 expetitus,
1271 4445 1296 4499 in
1322 4445 1511 4513 dijudicatione
1544 4448 1658 4503 llothadi
1691 4458 1797 4503 constat

1001 4533 1085 4590 fuisse
1101 4535 1261 4604 completus.
1285 4534 1406 4602 Quorum
1425 4543 1450 4588 et
1466 4535 1489 4587 si
1500 4535 1631 4602 judicium
1653 4552 1704 4604 pro
1727 4554 1796 4606 qua-

1001 4641 1107 4695 cunque
1122 4639 1205 4680 causa
1222 4623 1290 4678 forte
1313 4622 1524 4689 rationabiliore,
1551 4631 1577 4676 et
1607 4623 1695 4678 adbuc
1719 4626 1797 4680 nobis

1001 4713 1149 4786 incognita,
1172 4721 1271 4768 vestrae
1286 4729 1399 4767 summae
1420 4710 1581 4775 auctoritati,
1608 4728 1689 4783 quam
1712 4716 1799 4770 multa

1003 4802 1081 4857 nobis
1102 4801 1208 4858 occulta
1231 4817 1286 4857 non
1316 4806 1464 4862 transeunt,
1486 4798 1627 4869 placuerit,
1654 4802 1796 4877 refragari,

1003 4892 1067 4963 quia
1079 4907 1170 4946 meum
1186 4899 1227 4944 est
1242 4905 1303 4944 mea
1316 4888 1392 4943 vobis
1412 4887 1565 4942 obediendo
1582 4892 1761 4956 committere,
1775 4900 1801 4948 et

1004 4995 1058 5033 non
1080 4979 1183 5048 judicia
1212 4987 1302 5033 vestra
1324 4977 1460 5030 discutere
1485 4977 1635 5045 sustinebo,
1661 4989 1686 5034 et
1705 4990 1799 5036 contra

1003 5076 1121 5122 vestram
1152 5067 1349 5122 restitutionem
1373 5064 1536 5134 regularem,
1563 5066 1586 5120 si
1615 5066 1684 5122 forte
1709 5069 1735 5122 in
1766 5083 1799 5123 eo

1004 5156 1177 5226 agendavisa
1192 5154 1271 5210 luerit
1290 5153 1327 5223 (in
1343 5168 1398 5222 qna
1421 5161 1510 5209 vestra
1533 5155 1659 5226 disponet
1680 5157 1799 5211 auctori-

1003 5252 1054 5311 tas,
1070 5244 1183 5315 qualiter
1197 5244 1283 5300 isdem
1297 5242 1393 5311 victor,
1405 5251 1434 5296 ut
1453 5244 1531 5308 solet,
1557 5252 1584 5299 et
1610 5245 1662 5298 voti
1686 5260 1799 5316 compos

1005 5350 1066 5405 quaa
1080 5342 1142 5389 sunt
1165 5332 1286 5404 episcopi
1300 5332 1334 5388 de
1348 5331 1454 5403 reliquo
1478 5332 1578 5403 faeiat),
1605 5349 1660 5388 uon
1684 5335 1800 5391 recalci-

1006 5421 1106 5481 trabo:
1127 5423 1230 5480 ducena
1254 5438 1303 5493 pro
1325 5436 1436 5493 magno,
1453 5422 1476 5477 si
1490 5439 1507 5476 a
1521 5421 1633 5480 diotimo
1658 5432 1682 5479 et
1707 5424 1800 5484 inultis
