3794 6104
128 221 178 304 in
607 241 993 302 umcmmeuauuvsrs
1006 239 1281 300 ancumvvscovr.
1732 242 1785 300 us

128 388 172 447 cp.
188 374 233 441 tid,
250 371 427 442 adtrectat.)
444 389 451 427 ε
471 392 482 422 «
501 370 573 441 Quia
585 379 660 427 tauto
674 369 804 427 divinitus
820 369 930 442 privile·
944 369 1009 431 Aet
1022 384 1167 424 munerum
1180 366 1348 439 acceptione,
1364 365 1401 422 ob
1415 366 1478 423 vita
1495 365 1625 422 meritum
1635 373 1663 423 et
1676 381 1785 438 sapten-

128 463 224 536 gioest
238 468 441 527 consecratam
451 460 509 517 sive
519 460 728 532 perpauciores,
738 459 796 515 sive
805 475 856 531 per
865 459 929 531 plu·
982 458 1027 513 tiae
1041 457 1143 513 donum
1157 457 1304 529 eligantur,
1321 463 1349 511 ut
1367 455 1493 526 exemplo
1507 464 1534 511 et
1548 456 1635 512 verbo
1650 455 1704 509 sibi
1716 456 1785 511 sub·

128 567 175 608 res
185 550 340 623 episcopos,
352 549 539 607 ecclesiastica
545 548 650 618 iudicia
661 547 845 616 celebrentur,
856 546 932 604 omui
978 546 1058 615 jectis
1076 561 1274 618 usquequaque
1292 543 1425 616 prodesse
1447 544 1566 601 valeant.
1586 565 1598 595 s
1626 544 1784 600 Notandum

129 640 237 713 penitus
261 639 420 696 auctoritate
448 638 483 693 sit
504 652 621 694 vacuum
643 636 775 717 quidquid
798 637 834 692 ab
858 635 930 691 illius
981 643 1022 691 est
1038 650 1104 690 sene
1119 635 1191 707 quod
1206 633 1632 703 diciturusecundumnstatuta
1646 648 1784 690 canonum

130 729 213 787 fuerit
227 727 419 785 constitutione
443 727 622 782 diversum.»
648 725 767 782 Debetis
778 724 863 799 igitur
885 725 930 780 in·
981 723 1158 796 eligantem»
1193 731 1221 777 ut
1246 722 1373 794 exemplo
1406 732 1432 778 et
1462 723 1547 779 verbo
1576 722 1630 778 sibi
1654 722 1783 792 subjectis

128 825 286 875 cunctanter
310 816 463 884 advertere,
488 816 557 872 sicut
581 823 691 871 sanctus
715 829 786 885 papa
815 815 869 870 Leo
894 814 930 868 ad
981 828 1178 884 usquequaque
1197 810 1330 883 prodesse
1350 811 1468 867 valeant.
1498 813 1532 866 Et
1559 810 1634 867 sacri
1662 826 1783 867 canones

128 908 248 964 Leonem
261 908 412 978 Augustum
436 903 547 975 scripsit
570 903 664 976 (epist.
682 903 739 974 al),
758 903 863 975 regiam
876 918 928 974 po·
980 901 1072 956 dicunt
1082 900 1268 968 (Coelestinus,
1281 903 1393 957 Deerat.
1419 900 1464 970 18)
1477 916 1484 954 t
1498 920 1510 950 ι
1523 898 1645 955 Primum
1656 900 1731 955 enim
1744 898 1783 955 illi

128 1002 253 1052 testatem
267 993 343 1048 vobis
357 1007 413 1047 non
437 992 473 1049 ed
496 992 586 1048 solum
610 991 703 1046 mnndi
727 991 861 1062 regimen,
880 989 928 1045 sed
979 988 1056 1059 (quin
1079 988 1172 1044 cleriei
1200 988 1414 1060 uniuscujusque
1443 986 1585 1059 Ecclesiae)
1615 987 1783 1059 reprobandi

127 1083 244 1140 maxime
267 1082 301 1137 ad
324 1080 457 1138 Ecclesiae
480 1080 639 1152 presidium
663 1095 725 1135 esse
748 1079 884 1148 collatam,
901 1087 929 1133 ut
980 1085 1051 1143 sunt,
1068 1086 1096 1131 ut
1111 1075 1195 1148 aliqui
1206 1076 1240 1132 de
1255 1075 1351 1131 alienis
1365 1075 1496 1131 Ecclesiis
1511 1075 1611 1132 merito
1626 1075 1780 1147 praeterun-

127 1187 209 1227 ausus
233 1171 352 1227 nefarios
381 1168 598 1240 comprimendo,
628 1176 655 1224 et
683 1184 743 1240 quae
774 1169 842 1223 bene
866 1176 929 1223 suut
979 1172 1031 1219 tur.
1050 1185 1061 1215 ι
1078 1165 1113 1219 Et
1127 1165 1210 1221 item:
1225 1186 1236 1215 ι
1253 1166 1287 1221 Ut
1306 1164 1427 1235 episcopi
1439 1164 1541 1233 judicio
1556 1164 1782 1235 metropolitano-

128 1268 227 1317 statuta
247 1259 411 1329 defendatis,
436 1266 462 1312 ct
487 1272 580 1313 veram
604 1272 701 1328 pacem
726 1257 768 1311 bis
791 1272 852 1328 quae
867 1263 929 1311 sunt
979 1270 1041 1308 rum
1055 1261 1082 1309 et
1109 1270 1204 1309 eorum
1224 1253 1414 1324 episcoporum
1438 1253 1485 1324 qui
1506 1253 1688 1310 circumcirca
1709 1261 1780 1321 suut,

127 1349 236 1405 turbata
250 1347 413 1405 restituatis.
428 1344 508 1414 Quod
519 1353 546 1401 et
560 1353 654 1417 optare
668 1352 695 1401 et
709 1360 831 1416 quaerere
845 1352 927 1415 atque
979 1343 1165 1412 provehantur
1179 1342 1214 1397 ad
1229 1341 1443 1398 ecclesiasticam
1459 1349 1623 1412 potestatem
1640 1358 1647 1396 ε
1664 1342 1692 1397 bi
1703 1342 1780 1398 vide-

121 1441 237 1493 'servare
261 1435 377 1502 debetis,
401 1434 470 1491 sicut
493 1442 682 1491 antecessores
707 1433 792 1489 vestri
812 1432 928 1504 impera·
978 1429 1096 1502 licetqui
1111 1431 1229 1502 plurimo
1244 1439 1367 1501 tempure
1382 1431 1532 1501 probantur
1546 1438 1601 1486 tam
1616 1431 1705 1487 verbo
1719 1430 1781 1487 lidei

126 1532 200 1582 tores
214 1532 241 1580 et
256 1540 338 1597 reges
352 1524 485 1580 lecerunt.
504 1524 538 1578 Et
555 1539 609 1578 non
629 1522 735 1578 debetis
754 1521 928 1576 inflexibilem
978 1534 1060 1591 quam
1076 1527 1158 1574 recta
1172 1518 1389 1575 conversationis
1400 1520 1560 1590 exemplo.»
1577 1519 1780 1575 attendendum

127 1613 178 1671 Dei
193 1613 369 1683 voluntatem,
386 1612 469 1684 quisi
485 1612 756 1679 mutatsententiam,
773 1627 828 1666 non
842 1618 928 1665 mutet
979 1616 1020 1663 est
1033 1607 1117 1679 igitur
1141 1607 1259 1678 qualiter·
1282 1609 1335 1663 hoc
1357 1607 1501 1678 imperiale
1523 1607 1674 1678 capitulum
1696 1608 1779 1664 sacris

126 1702 281 1768 consilium,
309 1702 344 1757 ad
371 1703 517 1757 humanum
543 1708 570 1756 et
604 1700 729 1772 fragilem
758 1695 1082 1784 voluntatemBregulis
1093 1704 1118 1751 ct
1129 1696 1303 1767 antiquorum
1313 1696 1507 1766 imperatorum
1516 1695 1624 1766 legibus
1633 1704 1777 1768 congruat,

127 1798 247 1849 vestram
261 1790 332 1847 velle
347 1789 496 1856 inflectere,
519 1789 592 1860 quod
613 1787 673 1844 sveri
686 1805 741 1845 non
761 1796 860 1860 potest,
878 1789 927 1843 sed
978 1784 1126 1840 osteudens
1139 1785 1278 1856 qnoniam,
1296 1784 1365 1839 sicut
1380 1792 1406 1839 et
1420 1784 1497 1856 leges
1513 1792 1539 1839 et
1554 1784 1660 1855 regulae
1674 1785 1776 1852 dicunt,

127 1883 250 1938 'vestram
275 1878 442 1935 voluntatem
468 1878 520 1933 Dei
547 1877 679 1933 voluntati
704 1877 832 1943 subdere,
858 1876 927 1932 sicut
976 1873 1003 1928 in
1018 1873 1149 1929 electione
1165 1872 1287 1944 episcopi
1306 1873 1430 1928 assensio
1446 1873 1520 1946 regis
1535 1873 1578 1940 sit,
1599 1889 1654 1929 non
1669 1874 1777 1941 electio,

120 1968 251 2024 'Christus
266 1968 344 2024 nobis
367 1976 393 2025 et
416 1967 542 2023 omnibus
562 1965 733 2034 Christianis,
749 1982 782 2022 er
798 1966 925 2020 humani·
975 1961 1003 2016 iu
1018 1962 1210 2033 episcoporum
1232 1977 1297 2016 vero
1322 1962 1494 2017 exsecutione
1523 1961 1558 2016 sit
1581 1961 1691 2030 electio,
1713 1963 1779 2019 sicut

125 2065 182 2114 tate
206 2072 254 2112 sua
283 2057 416 2128 loquens,
445 2056 615 2127 sequendum
644 2054 719 2109 dedit
747 2053 924 2125 exemplum,
976 2058 1002 2105 ct
1017 2050 1161 2105 ordinatio.

125 2143 926 2215 dicens:Noooenivolantatemmeomsocereaedvolan-
1009 2138 1078 2193 Cae.
1099 2140 1144 2194 lV.
1168 2138 1235 2193 Sunt
1264 2138 1310 2209 qui
1334 2138 1436 2205 mount,
1464 2146 1491 2193 ut
1513 2138 1614 2206 audivi,
1641 2139 1708 2211 quia
1735 2155 1779 2196 res

127 2239 216 2291 tatem
232 2236 349 2307 ejusqui
363 2235 445 2289 misit
464 2249 508 2288 aaa
523 2234 619 2288 Patris
630 2233 721 2301 (icore.
738 2247 770 2295 v,
784 2235 826 2296 30,
844 2236 871 2287 et
885 2246 924 2297 vt,
976 2226 1169 2283 ecclesiasticae
1189 2228 1380 2298 episcoporum
1400 2228 1427 2281 in
1450 2235 1542 2283 vestra
1564 2228 1618 2282 sint
1633 2236 1775 2299 potestate,

120 2318 182 2389 ’38);
197 2319 232 2371 Εῑ
248 2335 254 2370 :
270 2318 334 2372 Fiat
346 2333 404 2372 non
424 2319 498 2372 sicat
514 2331 561 2387 eqo
576 2317 645 2384 colo,
673 2315 721 2371 sed
736 2318 810 2370 sicat
826 2319 858 2370 tu
872 2317 923 2380 ais,
976 2324 1004 2369 ut
1017 2316 1171 2387 cuicunque
1186 2316 1328 2371 volueritis
1338 2332 1386 2372 eas
1401 2316 1518 2372 donetis.
1535 2316 1617 2385 Quod
1632 2317 1656 2371 si
1671 2317 1711 2372 ita
1724 2326 1776 2386 est,

125 2405 433 2474 Potcrtrltattb.xxv'1,
450 2407 506 2475 39).
524 2403 552 2458 Si
567 2403 639 2458 euim
654 2420 669 2457 a
683 2402 773 2458 divina
788 2403 924 2459 voluntate
974 2404 1020 2458 ille
1035 2405 1172 2477 malignus
1189 2405 1308 2475 spiritus
1326 2405 1382 2477 qui,
1407 2413 1436 2459 ut
1455 2405 1581 2475 superius
1604 2406 1776 2476 praemissum

123 2493 243 2550 humana
266 2492 391 2549 voluutas
412 2499 505 2547 vestra
529 2499 747 2562 perseveranter,
773 2491 846 2562 quod
870 2508 924 2547 uon
975 2501 1026 2559 est,
1042 2494 1145 2564 primos
1169 2502 1297 2563 parentes
1321 2502 1430 2548 nostros
1449 2494 1578 2564 perdidit,
1594 2494 1777 2565 perditionem

124 2581 264 2654 permittat
278 2581 421 2646 Dominus,
433 2580 641 2646 discordaverit,
657 2580 848 2651 respondenda
863 2587 925 2634 suut
975 2589 1095 2637 vestram
1111 2582 1138 2636 in
1152 2598 1233 2637 aures
1248 2591 1354 2637 vestras
1370 2590 1502 2637 susurrat.
1526 2582 1643 2638 Sanctus
1657 2599 1776 2656 namque

123 2670 275 2727 ministerio
299 2668 447 2741 episcopali
476 2669 661 2740 apostolorum
685 2670 768 2724 verba
784 2686 791 2724 ε
810 2669 924 2726 Obcdire
975 2670 1092 2741 Spiritus
1102 2687 1152 2741 per
1167 2686 1215 2726 eos
1240 2671 1286 2742 qui
1310 2687 1371 2727 curn
1396 2671 1505 2726 Christo
1519 2671 1546 2726 in
1561 2672 1632 2727 coelo
1646 2680 1774 2745 regnant,

124 2763 234 2832 oportet
248 2760 301 2815 Deo
312 2759 402 2829 moqis
413 2774 497 2829 qaum
508 2759 666 2814 bominibus
678 2757 750 2827 (Act.
764 2774 792 2823 v,
808 2758 864 2828 29);
877 2765 923 2812 et:
974 2767 1000 2814 et
1015 2759 1043 2814 in
1062 2759 1143 2814 terris
1167 2759 1305 2814 miraculis
1331 2768 1475 2815 coruscent
1498 2759 1574 2826 dixit,
1590 2767 1617 2815 et
1639 2778 1727 2832 usque
1742 2761 1778 2817 ad

123 2848 153 2903 Si
161 2850 276 2919 jactura
291 2851 334 2902 cat
353 2848 386 2901 in
404 2850 556 2918 conspecta
577 2848 628 2901 Dei
649 2863 694 2902 vos
713 2849 808 2918 potios
824 2846 924 2902 audire
974 2863 1024 2902 nos
1040 2848 1148 2918 scriptis
1164 2849 1308 2919 pervenire
1320 2848 1384 2903 fecit
1397 2848 1491 2905 dicens
1503 2865 1509 2903 :
1522 2870 1533 2898 a
1546 2850 1601 2905 Res
1615 2857 1642 2903 et
1656 2849 1775 2905 faculta-

119 2943 208 3008 'qaorn
231 2937 330 3001 Deam,
348 2934 487 3006 judicate.
513 2935 572 2989 Noa
596 2935 672 2990 enirn
692 2950 841 3006 possa-mes
863 2951 923 3007 qaoe
973 2944 1015 2991 tes
1030 2936 1225 2992 ecelesiastica
1240 2937 1392 2992 oblationes
1407 2937 1589 3008 appellantur,
1606 2939 1672 3009 quia
1687 2939 1777 2994 Domi-

122 3023 246 3079 vidimus
260 3027 287 3078 et
303 3022 464 3079 audivimas
479 3038 537 3077 oon
552 3024 626 3096 loqui
642 3022 715 3093 (Act.
732 3037 770 3089 tv,
788 3026 843 3093 19).
973 3040 1009 3078 no
1024 3023 1185 3092 offeruntur,
1202 3034 1228 3080 et
1243 3032 1306 3080 vota
1316 3035 1378 3080 sunt
1393 3024 1524 3093 fidelium,
1536 3041 1569 3083 ao
1578 3027 1668 3097 pretia
1682 3042 1779 3099 pecca·

158 3112 224 3167 Car.
241 3112 287 3166 lll.
312 3112 382 3166 Nam
406 3110 429 3165 si
450 3111 522 3181 quod
544 3127 560 3165 a
582 3111 741 3183 quibusdam
762 3110 871 3176 dicitur,
893 3119 923 3166 ut
972 3121 1072 3181 torum,
1103 3122 1183 3185 atque
1206 3114 1371 3184 patrimonia
1392 3131 1543 3185 pauperum
1568 3131 1575 3170 :
1600 3115 1623 3169 si
1647 3117 1710 3188 quis
1729 3116 1777 3171 illa

121 3199 221 3272 audivi,
238 3200 348 3271 quando
363 3199 474 3270 petitam
496 3200 568 3270 apud
583 3215 631 3254 vos
646 3200 806 3255 electionem
820 3215 921 3255 conce·
973 3202 1102 3271 rapuerit,
1120 3218 1183 3256 reus
1198 3211 1239 3257 est
1261 3202 1443 3258 damnationis
1459 3204 1571 3259 Ananiae
1586 3211 1613 3259 et
1638 3204 1772 3277 Saplrirae,

121 3289 195 3357 ditis,
211 3289 288 3344 illum
303 3288 402 3344 debeat
416 3287 537 3359 episcopi
552 3296 578 3343 et
593 3288 681 3345 clerus
696 3303 729 3344 ac
743 3288 821 3359 plebs
836 3289 922 3361 elige·
972 3298 998 3344 et
1021 3298 1128 3360 oportet
1151 3291 1306 3360 hujusmodi
1330 3291 1439 3346 trudere
1459 3293 1576 3359 Satanae,
1602 3301 1632 3346 ut
1662 3292 1774 3364 spiritus

122 3395 162 3445 rc,
178 3392 259 3450 quem
283 3393 332 3432 vos
352 3376 442 3444 vultiS,
468 3384 494 3432 ct
507 3393 590 3448 quem
602 3376 704 3446 jubetis
719 3378 791 3448 (quae
809 3393 864 3433 non
880 3385 922 3432 est
972 3379 1063 3433 sulvus
1078 3380 1111 3433 sit
1126 3379 1153 3433 in
1168 3380 1211 3435 die
1228 3380 1345 3435 Domini.
1360 3380 1461 3449 »Quod
1477 3381 1583 3451 praelati
1597 3382 1716 3454 gloriosi
1724 3383 1774 3436 irn-

120 3467 219 3523 diviuae
233 3467 304 3538 legis
315 3466 421 3532 electio,
433 3467 481 3521 sed
493 3467 617 3522 humanae
627 3459 919 3538 potestatiser'ttorsio),
971 3476 1114 3538 peratores
1130 3468 1243 3523 Carolus
1259 3477 1285 3524 et
1296 3469 1448 3525 ludovicus
1462 3470 1490 3524 in
1506 3470 1595 3540 primo
1609 3470 1682 3527 libro
1699 3471 1775 3542 Capi·

122 3555 147 3612 si
165 3556 201 3611 ita
216 3563 267 3621 est,
284 3562 312 3609 ut
328 3555 381 3611 dici
397 3555 589 3627 aquibusdam
606 3555 708 3621 audivi,
724 3555 769 3610 ille
784 3555 920 3626 malignus
970 3556 1209 3611 tulorumsuorum
1224 3558 1262 3611 ita
1299 3558 1471 3613 inseruerunt
1486 3558 1609 3614 dicentes
1623 3561 1699 3633 (cap.
1710 3561 1771 3632 83):

119 3644 288 3716 spiritus,qui
303 3660 352 3714 per
367 3651 523 3715 serpentem
542 3644 645 3714 primos
659 3651 790 3715 parentes
810 3651 919 3699 nostros
972 3665 983 3694 a
996 3643 1067 3711 Quia
1074 3645 1150 3712 juxta
1160 3655 1318 3701 sauctorum
1328 3646 1632 3715 Patrumtraditiouem,
1645 3649 1769 3705 novimus

119 3733 148 3789 iu
161 3731 290 3804 paradiso
315 3732 422 3801 decepit
445 3739 472 3786 et
496 3731 560 3785 inde
582 3732 643 3786 illos
672 3731 761 3799 ejecit,
782 3747 832 3800 per
851 3731 919 3786 tales
967 3747 1013 3785 res
1029 3733 1159 3788 Ecclesiae
1174 3742 1237 3787 vota
1251 3750 1312 3788 esse
1328 3734 1459 3800 fidelium,
1477 3736 1565 3806 pretia
1581 3746 1768 3807 peccatorum,

118 3818 274 3876 adulatores
284 3818 311 3871 iu
326 3834 407 3873 aures
420 3827 524 3873 vestras
540 3819 598 3874 haec
624 3817 728 3884 sibilat,
746 3819 810 3890 quia
825 3821 877 3875 hoc
891 3820 919 3874 iu
969 3826 995 3873 et
1009 3820 1172 3888 patrimonia
1186 3837 1348 3892 pauperum,
1370 3823 1467 3895 cuique
1490 3839 1545 3878 uon
1567 3824 1656 3880 solum
1679 3826 1772 3881 habite

119 3906 265 3978 scripturis
280 3913 336 3961 tam
357 3906 464 3962 Veteris
489 3923 571 3977 quam
592 3906 663 3963 Novi
685 3908 849 3962 Testamenti
864 3924 917 3964 non
968 3921 1150 3974 conservare,
1176 3926 1269 3965 verum
1293 3910 1375 3965 etiam
1398 3912 1492 3980 multa,
1522 3914 1581 3967 Deo
1608 3914 1770 3985 opitulante,

119 3994 282 4062 continetur,
298 4009 387 4065 neque
403 3994 430 4048 in
453 3994 648 4050 catholicorum
663 3995 752 4061 dietis,
773 3996 816 4052 vel
831 3997 918 4053 sacris
966 3996 1092 4053 conterre
1112 4006 1247 4069 optamus.
1272 4001 1375 4056 Tamen
1395 4007 1423 4055 ut
1451 4001 1486 4055 ab
1514 4002 1710 4059 ecclesiasticis
1737 4004 1771 4059 de

118 4082 278 4148 canonibus,
295 4097 346 4138 nec
360 4082 442 4137 etiam
457 4082 484 4137 in
497 4083 604 4154 legibus
619 4099 635 4139 a
650 4084 812 4139 Christianis
827 4086 916 4156 impe·
966 4102 1022 4140 non
1036 4086 1189 4143 dividendis
1213 4089 1294 4142 rebus
1316 4089 1447 4145 Ecclesiae
1463 4089 1648 4161 suspicionem
1664 4093 1768 4148 dudum

116 4172 255 4229 ratoribus
270 4179 296 4226 ct
311 4171 423 4243 regibus
444 4172 623 4243 promulgatis
651 4173 703 4228 hoc
728 4174 859 4244 scriptum
873 4174 918 4231 vel
965 4182 1125 4245 conceptam
1139 4177 1247 4246 penitus
1262 4193 1462 4246 amoveremus,
1481 4179 1626 4234 statuimus
1635 4189 1666 4235 ut
1680 4198 1769 4255 neque

116 4260 256 4317 decretum
271 4259 417 4326 invenitur,
435 4259 484 4315 sed
494 4261 557 4315 talia
568 4260 641 4317 dicta
652 4261 774 4318 iniamus
786 4263 914 4319 evomuit.
965 4262 1075 4332 nostris,
1087 4279 1177 4336 neque
1184 4263 1313 4330 filiorum,
1330 4274 1364 4332 et,
1382 4268 1440 4323 Deo
1455 4267 1643 4338 dispensante,
1661 4287 1768 4327 succes-

116 4349 240 4407 Cbristus
256 4349 328 4405 enim
343 4364 393 4420 per
412 4349 571 4419 Apostolum
592 4350 716 4422 loquens,
740 4351 820 4406 talem
839 4352 917 4420 jubet
965 4367 1058 4407 sorum
1072 4359 1229 4408 nostrorum
1250 4355 1427 4425 temporibus,
1444 4355 1491 4426 qui
1504 4364 1626 4412 nostram
1641 4359 1687 4415 vel
1702 4374 1770 4430 pro-

11 4502 16 4509 ,
50 4505 51 4508 Ἴ
119 4438 223 4512 eligere
240 4456 247 4492 :
267 4439 318 4508 Qui
331 4441 432 4511 potens
446 4438 485 4492 sit
495 4438 643 4495 exhortari
652 4441 684 4495 in
693 4440 823 4496 doctrino
832 4432 952 4507 sono,D
967 4439 1123 4512 genitorum
1151 4450 1308 4498 nostrorum
1343 4444 1512 4500 voluntatem
1541 4445 1585 4501 vel
1613 4447 1769 4519 exemplum

118 4528 259 4601 eteosqaa'
274 4526 476 4585 contradicant
498 4528 641 4583 revincere
664 4528 730 4598 (Tit.
747 4545 767 4594 1,
791 4530 829 4600 9).
846 4529 917 4584 Etsi
968 4527 1067 4583 imitari
1096 4528 1245 4597 voluerint,
1275 4530 1359 4586 ullam
1395 4533 1503 4603 penitus
1531 4533 1697 4590 divisionem
1724 4544 1771 4590 aut

119 4617 282 4689 quiscontra
291 4617 343 4672 hoc
353 4614 481 4689 loquitur,
490 4613 657 4686 iniquitatem
668 4625 763 4672 eontra
772 4618 917 4673 Dominum
965 4616 1100 4685 jacturam
1116 4619 1243 4689 patiatur.
1263 4640 1274 4670 u
1299 4619 1378 4688 Quod
1400 4628 1426 4677 et
1448 4638 1497 4677 vos
1517 4637 1629 4678 servare
1649 4632 1767 4695 oportet,

119 4702 248 4775 loquitur,
265 4712 292 4759 et
305 4705 376 4760 inter
389 4704 564 4775 blasphemos
579 4718 594 4756 a
609 4697 701 4758 sancto
723 4704 825 4775 Spiritu
839 4721 917 4762 corn·
968 4705 991 4759 si
1004 4705 1120 4762 feliciter
1135 4708 1216 4763 vultis
1240 4724 1367 4780 regnare,
1391 4711 1437 4781 qui
1457 4711 1571 4766 minoris
1585 4713 1729 4781 potestatis
1746 4720 1774 4768 et

119 4798 236 4861 putatur.
252 4792 296 4847 Sic
311 4793 384 4848 enim
406 4800 502 4849 atavus
526 4798 616 4848 vester
638 4791 752 4847 Carolus
773 4801 799 4848 et
814 4795 918 4850 abavus
967 4794 1054 4849 astatis
1076 4803 1157 4866 atque
1180 4796 1320 4866 sapientiae
1349 4799 1438 4855 adhue
1466 4800 1550 4866 estis,
1576 4817 1657 4872 quam
1683 4809 1710 4857 et
1732 4802 1770 4857 illi

120 4876 273 4933 Ludovicus
287 4880 467 4951 imperatores
482 4881 683 4947 intellexerunt,
700 4888 727 4935 et
742 4881 803 4937 ideo
818 4883 845 4936 in
857 4882 918 4952 pri·
967 4880 1085 4951 luerunt,
1103 4883 1149 4954 qui
1172 4884 1230 4940 haeo
1246 4893 1272 4941 et
1292 4897 1471 4945 servaverunt
1492 4898 1518 4945 et
1544 4891 1683 4947 servanda
1706 4907 1770 4963 pro·

120 4980 166 5022 mo
180 4965 250 5020 libro
265 4966 449 5037 capitulorum
464 4986 576 5027 suorum
591 4969 831 5042 promulgaverunt
846 4972 916 5027 scri·
967 4970 1170 5043 mulgaverunt.

119 5053 299 5125 bentes(cap.
312 5055 355 5120 at,
368 5056 721 5133 despiscopiscliqendis):
736 5060 915 5129 isaurorum,
1003 5059 1068 5115 Car.
1093 5061 1125 5115 V.
1151 5061 1362 5130 Recordamini,
1392 5082 1495 5137 quaeso,
1523 5067 1704 5138 professionis
1723 5086 1770 5125 ve-

118 5140 253 5216 inquiunt,
275 5156 409 5198 canonum
431 5160 485 5200 non
509 5148 608 5218 ignari,
631 5156 660 5203 ut
680 5148 708 5202 in
730 5148 780 5204 Dei
809 5148 916 5205 nomine
967 5154 1040 5214 strae,
1057 5148 1177 5219 quamin
1192 5150 1235 5205 die
1250 5154 1464 5210 consecrationis
1479 5164 1578 5211 vestran
1591 5158 1768 5228 promisistis,

120 5239 214 5287 sancta
229 5229 353 5287 Ecclesia
368 5246 418 5285 suo
432 5231 545 5289 liberius
559 5237 674 5307 potiatur
687 5237 801 5305 honore,
819 5253 916 5293 essen·
967 5234 1036 5291 sicut
1050 5236 1085 5290 ab
1100 5236 1153 5292 iilis
1172 5238 1218 5310 qui
1241 5240 1423 5298 interfuerunt
1446 5244 1612 5316 accepimus,
1629 5262 1767 5319 quamque

119 5332 180 5375 surn
193 5319 281 5375 ordini
292 5319 477 5376 ecclesiastico
488 5321 689 5395 praebemus,ut
699 5326 801 5384 scilicet
812 5326 916 5398 episco·
966 5339 1050 5380 mauu
1064 5326 1175 5398 propria
1191 5328 1401 5401 subscripsistis,
1426 5340 1452 5388 et
1467 5350 1551 5403 super
1570 5334 1657 5390 altare
1674 5351 1768 5392 coram

119 5407 147 5480 pi
161 5421 210 5478 per
224 5407 384 5465 electionem
399 5408 466 5465 cleri
487 5416 513 5463 et
535 5412 637 5481 populi,
654 5415 806 5471 secundum
820 5423 916 5471 statuta
966 5412 1102 5485 episcopis
1116 5416 1243 5473 omnibus
1258 5418 1303 5490 qui
1317 5419 1463 5476 adfuerunt
1479 5422 1594 5479 Dorniuo
1609 5424 1767 5481 obtulistis:

119 5509 265 5567 canonum,
281 5496 316 5555 de
338 5497 452 5570 propria
472 5496 596 5567 dioecesi,
621 5509 723 5558 remota
736 5519 916 5576 personarum
966 5508 994 5560 et
1007 5501 1154 5577 diiigenter
1167 5505 1256 5580 relegi
1270 5523 1331 5565 eam
1351 5507 1433 5568 facite
1448 5525 1542 5568 coram
1559 5511 1639 5570 vobis
1652 5521 1682 5572 et
1696 5513 1767 5573 lide·
