3794 6104
49 223 108 276 153
204 274 208 281 ,
803 208 993 273 EPISTOLAE.
1650 223 1703 280 tlt

52 341 264 415 contempserit,
280 340 354 398 etad
369 339 538 408 charitatem,
554 357 615 413 qnae
629 341 718 412 operit
738 339 854 411 multitu·
868 339 952 400 Aubi
966 347 1079 412 propter
1093 339 1224 398 llilderioi
1241 341 1362 414 episcopi
1381 342 1469 399 aetutis
1479 344 1660 416 prolixitatem
1682 355 1710 403 et

54 433 152 488 dinem
164 439 351 504 peccatorum,
368 430 529 502 quantocius
543 430 633 486 redire
648 412 766 486 festinet.
906 430 1042 485 diturnam
1066 430 1270 502 egritudinem,
1295 432 1420 504 quaedam
1452 435 1488 489 ad
1512 435 1654 491 scientiam
1683 443 1710 492 et

92 523 128 576 Et
141 521 207 575 item
220 520 249 574 in
265 519 415 575 canonibus
429 519 561 590 scriptum
576 528 626 588 est,
643 528 672 574 ut
682 520 715 575 de
741 517 856 575 coneilio
906 518 1067 591 religionem
1082 520 1254 591 pertinentia,
1272 537 1379 577 necnon
1394 531 1422 578 et
1436 522 1551 579 aedisrcia
1567 532 1593 579 et
1609 533 1708 581 caetera

55 608 113 665 bini
132 608 177 666 vel
192 607 263 664 terni
275 607 426 676 judicesad
442 623 556 680 qnaeque
566 606 722 663 diffinienda
735 607 857 678 deligau-
906 623 1020 679 quaeque
1035 609 1191 664 necessaria
1207 609 1333 681 neglecta
1347 610 1459 666 invenit.
1486 611 1661 685 Quapropter
1689 630 1705 668 a

56 704 102 752 tur
115 704 200 770 atque
214 696 363 761 mittantur,
380 710 440 767 que
455 695 643 752 ecclesiastico
667 695 768 751 debent
792 711 857 752 exa·
906 693 1032 750 familiari
1054 712 1103 751 sno
1137 698 1247 753 Dodone
1278 697 1378 754 clerico
1401 699 1495 755 domni
1515 708 1542 756 et
1567 701 1707 758 nutritoris

56 786 156 842 minari
169 801 204 841 ao
211 784 321 841 diffiniri
327 785 439 853 judicio,
456 794 482 840 et
496 784 560 839 abbi
575 784 760 841 rationabilius
775 792 857 856 atque
904 783 959 839 mei
969 782 1089 840 llilduini
1103 784 1208 840 abbatis
1224 787 1295 842 sacri
1309 788 1401 858 palatii
1425 788 1587 845 clericorum
1598 790 1697 847 summi

55 873 264 931 convenientius
280 890 362 944 quam
376 873 403 927 in
420 873 515 929 eodem
531 873 646 930 concilio
661 881 789 944 poterunt
812 873 856 929 de
905 873 1049 945 quomdam
1060 872 1187 929 clericum
1202 874 1287 946 ipsius
1298 876 1416 932 Dodonis
1437 879 1630 950 propinquum,
1647 895 1699 936 no-

55 962 146 1029 liniri;
172 970 199 1018 et
214 962 340 1035 quisquis
359 961 487 1033 probatus
508 961 589 1017 luerit
613 979 664 1033 pro
686 963 856 1018 contumacia
905 961 979 1017 mine
994 962 1232 1030 wandelmarum,
1251 964 1296 1034 qui
1312 965 1476 1021 cantilenam
1491 967 1594 1038 optime
1607 984 1623 1023 a
1638 969 1707 1024 Teu·

56 1052 128 1108 nolle
143 1051 335 1121 obtemporare
348 1051 495 1120 judicibus,
512 1066 574 1107 oum
588 1052 641 1107 hoc
664 1051 759 1122 primae
783 1053 856 1107 sedis
906 1051 985 1122 gorio
1001 1051 1131 1123 magistro
1145 1052 1172 1105 in
1188 1053 1275 1108 sancti
1289 1053 1411 1125 Dionysii
1427 1056 1705 1125 monasteriodidicit,

57 1140 188 1212 episcopo
204 1138 285 1194 luerit
296 1139 451 1211 probatum,
472 1139 518 1194 det
540 1139 643 1195 litteras
665 1148 693 1195 ut
715 1139 806 1195 nullus
831 1141 856 1196 ei
905 1139 941 1194 ad
956 1138 1119 1195 crudiendos
1135 1140 1249 1196 elericos
1271 1156 1334 1197 suos
1357 1143 1492 1211 ontinnn3
1518 1145 1562 1201 cui
1586 1145 1708 1202 abbatie

56 1228 240 1285 communicet
255 1228 343 1283 donec
366 1228 545 1299 obtemperet.
572 1227 632 1297 Qua
655 1229 690 1284 de
706 1244 737 1283 re
760 1237 856 1284 sancta
905 1226 959 1282 lam
975 1228 1061 1283 sancti
1077 1229 1198 1286 Sanctini
1212 1230 1240 1282 in
1262 1229 1423 1286 beneficium
1448 1232 1533 1287 dedit.
1560 1234 1635 1290 ldem
1659 1251 1705 1290 au·

57 1317 179 1389 synodus
194 1331 254 1384 vos,
271 1315 316 1388 qni
332 1316 478 1386 primarum
494 1315 599 1371 sedium
618 1316 697 1387 regni
705 1317 857 1389 aquitanici
906 1323 960 1371 tem
981 1317 1193 1372 wandelmarus
1215 1319 1243 1372 in
1265 1318 1325 1374 loco
1349 1320 1402 1374 sibi
1422 1321 1569 1377 commisso
1593 1332 1705 1395 quater-

59 1406 133 1471 estis,
149 1405 272 1460 adhunc
293 1420 402 1460 causam
426 1403 620 1472 diffiniendam,
638 1422 700 1461 cum
715 1405 856 1477 coepisco·
905 1404 1049 1461 niunculos
1062 1406 1140 1461 valde
1155 1407 1295 1476 contritos,
1311 1416 1338 1463 et
1353 1424 1414 1480 quae
1430 1409 1457 1463 in
1473 1410 1512 1464 eis
1525 1411 1624 1482 scripta
1643 1411 1705 1467 lue·

58 1494 97 1566 pis
112 1493 226 1559 vestris,
243 1501 269 1549 et
282 1493 461 1565 principibus,
482 1508 514 1548 ac
537 1502 616 1549 terrae
638 1494 710 1549 illius
733 1494 857 1566 primori·
905 1502 965 1553 ram
979 1510 1050 1565 pene
1065 1495 1180 1565 delecta,
1197 1496 1232 1550 do
1248 1496 1307 1551 Vita
1323 1504 1350 1551 et
1363 1497 1469 1553 actibus
1488 1498 1561 1553 beati
1585 1498 1705 1556 Sanctini

59 1583 116 1648 bns,
134 1582 240 1655 eligere
255 1582 358 1637 studuit
373 1597 487 1654 quornm
505 1581 659 1637 dillinitioni
673 1583 732 1638 sine
748 1598 798 1638 suo
812 1599 857 1654 pe
905 1577 1017 1647 reperit,
1035 1594 1104 1650 quos
1119 1580 1154 1634 ob
1177 1579 1363 1635 familiaritatis
1387 1582 1518 1650 notitiam,
1543 1590 1569 1637 et
1590 1584 1707 1656 quiame

58 1670 141 1726 riculo
166 1680 194 1725 et
219 1670 507 1726 excommunicationis
538 1671 709 1740 invectione,
733 1672 891 1762 quisquisB
908 1666 1022 1721 sciolum
1034 1668 1154 1737 putabat,
1171 1669 1205 1723 ad
1221 1670 1404 1725 exhaurienda
1419 1686 1450 1725 ea
1470 1688 1530 1743 quae
1552 1672 1580 1726 in
1602 1672 1706 1729 eisdem

60 1759 131 1815 vobis
149 1759 344 1829 obtemperare
358 1759 503 1826 distulerit,
527 1759 644 1815 evadere
666 1775 720 1814 non
744 1759 853 1815 valebit.
907 1754 1139 1826 quaterniunculis
1161 1757 1294 1812 contineri
1322 1758 1501 1828 videbantur,
1523 1768 1549 1816 et
1572 1761 1606 1816 ad
1630 1768 1706 1816 tran-

88 1849 155 1903 Haec
171 1848 207 1902 de
223 1846 384 1919 evangelica
405 1848 530 1913 veritate,
554 1855 581 1902 et
602 1849 752 1918 apostolica
775 1856 856 1919 atque
907 1843 1081 1898 scribendum
1096 1854 1188 1915 aperte
1207 1846 1235 1900 in
1257 1862 1328 1902 nova
1351 1864 1516 1920 pergamena
1538 1849 1605 1905 mihi
1628 1866 1706 1906 com-

60 1935 187 1992 canonica
203 1936 371 2001 auctoritate,
396 1952 445 1992 seu
467 1936 662 1992 calliolicomm
681 1936 806 1993 doctrino
831 1944 857 1993 et
906 1932 988 1988 misit.
1006 1932 1085 2000 Quod
1096 1941 1138 1988 est
1157 1934 1277 1990 studiose
1298 1937 1403 2007 peregi,
1429 1945 1455 1994 et
1477 1938 1543 1993 mihi
1564 1939 1706 1995 emendata

61 2025 211 2088 traditione,
229 2025 300 2080 sicut
314 2024 436 2096 synodus
455 2033 548 2081 sancta
565 2026 657 2094 jussit,
682 2041 734 2097 pro
754 2027 855 2081 medio-
906 2021 1062 2076 emendanti
1083 2022 1197 2077 restitui.
1224 2023 1279 2078 Sed
1309 2024 1372 2095 quia
1406 2025 1451 2080 din
1471 2035 1513 2080 est
1536 2028 1609 2098 quod
1633 2029 1705 2084 idem

61 2114 149 2169 corato
174 2111 308 2184 ingenioli
331 2113 385 2169 mei
407 2108 537 2186 oolllgero
559 2114 659 2169 studui.
685 2116 724 2170 Do
746 2115 853 2187 quibos,
905 2109 1119 2165 wandelmarus
1133 2111 1214 2166 etiam
1229 2120 1290 2167 ante
1305 2113 1409 2167 obitum
1419 2114 1548 2170 Hucberti
1559 2114 1704 2172 defunctus

61 2202 122 2257 sicut
135 2201 231 2257 audivi
247 2201 375 2273 quoniam
390 2201 501 2274 quidam
523 2203 632 2271 iaciunt,
658 2218 738 2257 nemo
761 2211 856 2259 contra
906 2197 964 2265 luit,
981 2206 1007 2253 ot
1022 2198 1091 2254 sicut
1106 2199 1208 2266 andivi,
1228 2201 1303 2255 idem
1323 2201 1399 2257 locus
1423 2202 1565 2272 neglectus
1590 2205 1702 2276 exstitit,

61 2306 97 2345 ne
111 2291 196 2346 debet
212 2290 296 2345 irasci
312 2308 319 2343 z
337 2290 398 2361 quia
420 2306 475 2345 non
498 2306 560 2346 meo
584 2307 667 2346 sensu
689 2306 751 2347 mea
773 2292 856 2352 verba
907 2300 939 2341 80
954 2285 1065 2341 demum
1079 2287 1106 2341 in
1121 2289 1218 2343 eadem
1249 2288 1315 2344 urbe
1344 2290 1507 2346 Norlmanni
1535 2291 1651 2361 fuerant,
1678 2301 1706 2350 et

62 2379 208 2450 composui,
224 2395 314 2450 noque
328 2378 402 2450 qnod
416 2394 508 2434 meum
522 2394 577 2434 non
593 2388 634 2434 osv
648 2380 715 2434 mihi
728 2396 855 2454 arrogare
906 2375 1031 2446 quaedam
1065 2375 1192 2432 incendio
1216 2388 1468 2445 concremaverant,
1494 2379 1618 2451 quaedam
1639 2396 1706 2438 vero

62 2467 231 2538 presumpsi,
249 2482 339 2539 neque
358 2467 502 2523 statuendo
515 2469 559 2523 vel
587 2468 749 2540 imperando
763 2469 791 2524 in
805 2471 856 2526 hac
905 2464 1062 2535 praeduntes
1076 2464 1255 2536 diripuerant,
1273 2468 1365 2525 nescio
1381 2468 1404 2523 si
1423 2468 1476 2540 ipsi
1490 2469 1707 2541 quaterniunculi

61 2571 145 2619 causa,
162 2557 240 2628 quod
255 2571 311 2612 non
326 2564 366 2610 est
386 2571 487 2625 meum,
507 2557 635 2628 quiddam
655 2558 776 2613 scribere
795 2575 855 2631 pro
905 2552 949 2607 vel
968 2568 1064 2607 eorum
1078 2553 1245 2624 exemplaria
1260 2555 1287 2610 in
1302 2556 1398 2611 eadem
1423 2556 1600 2613 urbes-aleant
1623 2575 1704 2631 rope-

61 2645 154 2711 oorovi‚
192 2644 294 2699 nullius
318 2645 499 2716 praejudicans
532 2661 605 2702 sano
629 2647 779 2719 sententio,
803 2663 855 2704 ooo
905 2640 962 2694 riri.
979 2641 1127 2711 Propterea
1141 2657 1235 2697 eorum
1255 2644 1450 2714 exemplarium
1475 2647 1546 2717 quod
1567 2647 1633 2702 mihi
1656 2663 1703 2703 re-

60 2734 246 2789 doshoooroos
257 2733 455 2800 auctoritorem,
471 2742 518 2790 ooo
532 2735 567 2789 od
575 2735 744 2807 obsequendi
760 2753 855 2807 quom.
905 2727 982 2794 tinui,
999 2736 1088 2785 vestro
1099 2730 1197 2786 devoto
1212 2738 1238 2785 et
1253 2731 1326 2787 bono
1345 2732 1433 2788 studio
1456 2733 1625 2790 offerendum
1650 2751 1704 2809 pu·

62 2822 561 2895 quamcogerevolensnecessitatem.
571 2823 626 2879 Sed
636 2824 855 2881 cumbeatoLeo
905 2816 959 2872 lavi
976 2834 983 2870 τ
998 2825 1027 2872 ul
1043 2818 1067 2873 si
1081 2835 1142 2890 quae
1156 2826 1218 2873 sunl
1233 2819 1343 2876 illorum
1358 2821 1490 2895 reliquie,
1506 2823 1552 2896 qui
1567 2823 1704 2897 negabant

62 2927 88 2965 na
103 2911 243 2966 scribente
257 2911 293 2966 ad
308 2911 448 2967 Rusticum
462 2912 668 2968 Narbonensem
684 2913 853 2984 episcopum,
905 2904 1050 2960 Dominum
1075 2915 1101 2962 et
1121 2908 1228 2963 Patrem
1256 2915 1387 2979 nostrum,
1414 2919 1558 2982 patronum
1581 2921 1704 2969 nostrum

61 2998 263 3055 dilectissimam
286 3007 368 3071 atque
392 3001 638 3056 reverentissimam
659 2999 852 3058 iratemitatem
904 2993 1064 3066 DiODysium
1079 3012 1144 3051 esse
1158 2997 1354 3069 Areopagiten,
1371 3006 1425 3055 elo
1440 3000 1519 3056 beato
1535 3000 1618 3057 Paulo
1642 3016 1705 3073 apo

61 3096 173 3143 rostram
188 3103 362 3154 oommoooo,
379 3089 443 3161 quio
457 3089 526 3144 siout
548 3090 674 3161 quodam
697 3100 769 3158 soor,
794 3108 854 3163 quo
868 3057 893 3122 C
905 3081 974 3137 stolo
990 3083 1164 3154 baptizatum,
1180 3100 1212 3140 ac
1238 3087 1445 3143 Atheniensium
1468 3088 1619 3145 ordinatum
1642 3090 1703 3161 epi-

61 3176 129 3233 nnlla
146 3185 264 3249 possunt
278 3178 382 3232 ratione
397 3177 514 3233 convelli
536 3178 574 3233 ita
597 3178 683 3235 multa
706 3186 769 3234 sunt
793 3197 853 3252 quse
904 3186 1027 3243 SCOPUm»
1045 3180 1071 3228 ⁰2
1085 3173 1112 3227 5¹¹
1129 3173 1231 3229 Gallias
1246 3190 1263 3230 ³
1278 3184 1373 3232 ⁵³1¹⁰10
1395 3177 1535 3234 Clssmssssle
1554 3178 1699 3247 dirimunt·

64 3272 101 3319 rut
114 3281 162 3337 pro
177 3266 398 3322 consideratione
415 3275 534 3334 aetatnm,
549 3275 596 3322 aut
617 3283 669 3338 pro
691 3268 854 3325 necessitate
907 3275 940 3314 ΘΧ
963 3259 1005 3314 his
1029 3277 1089 3333 <11¹ae
1117 3261 1213 3317 Graeca
1243 3262 1396 3320 testificatio
1425 3274 1451 3321 el
1479 3267 1609 3322 Romanae
1631 3266 1705 3322 sedis

64 3369 147 3408 rorum
161 3361 285 3426 oporteat
302 3355 449 3426 temporari
465 3373 472 3410 :
488 3356 537 3411 illo
560 3371 670 3427 oompor
698 3357 853 3413 conditione
904 3349 1021 3403 assertio
1035 3357 1061 3404 et
1075 3349 1215 3406 Gallicana
1242 3351 1348 3407 intimat
1363 3354 1532 3421 contestatio,
1557 3362 1648 3409 ratum
1676 3363 1702 3409 el

66 3451 171 3507 norro,
187 3451 216 3498 ut
230 3443 258 3498 io
273 3442 317 3498 his
329 3459 390 3515 qoae
403 3442 448 3500 vol
461 3443 542 3499 dubio
557 3445 667 3512 fuerim,
684 3446 854 3502 ootooooom
903 3435 932 3491 in
947 3437 1000 3492 hac
1020 3447 1231 3511 recognoscant,
1258 3440 1331 3511 quod
1352 3440 1416 3496 inde
1439 3449 1502 3497 ante
1522 3457 1573 3497 nos
1600 3441 1704 3498 dictum

67 3529 89 3583 id
102 3532 259 3587 noverimus
272 3533 451 3603 sequendum,
468 3534 542 3604 quod
555 3548 606 3589 nec
621 3534 854 3606 praeooptiseyan.
904 3533 955 3580 eSl.
971 3525 1041 3580 Nam
1060 3525 1159 3581 llel'ilds
1184 3527 1284 3598 saepius
1304 3528 1405 3602 agitata
1425 3529 1514 3604 magis
1538 3529 1705 3601 Splendescll

68 3619 151 3689 gelicis
164 3620 345 3686 contrarium,
362 3635 413 3676 nec
428 3621 545 3678 decretis
555 3630 711 3679 sauctorum
735 3623 855 3680 invenio·
903 3611 931 3668 in
944 3613 1042 3670 lucem·

70 3707 270 3765 susannam.
1160 3711 1331 3770 uvrsrom
1345 3713 1447 3770 xxrv.

309 3823 480 3881 EPISTOLA
493 3824 596 3882 XXIII,
1081 3823 1118 3865 AD
1136 3824 1309 3868 dommuli
1323 3826 1524 3869 eviscovouuvr.

251 3938 288 3978 oo
301 3937 432 3981 ooooooo
446 3938 656 3982 ouooooooooo,
904 3917 1056 3988 Responsio
1077 3917 1114 3972 nd
1138 3918 1392 3991 interroyotioncm
1417 3919 1569 3976 Guntbnrii
1592 3921 1705 3979 archic-

274 4040 280 4052 ,
392 4042 397 4053 ,
473 4041 488 4054 ,,
661 4043 666 4056 ,
937 3989 1047 4059 piscopi
1064 3988 1249 4056 coloniensis,
1266 3990 1299 4046 de
1314 3991 1526 4048 urorellosonis
1541 3995 1704 4064 quoeuirom

73 4034 240 4095 Dcoactoritc
253 4041 319 4096 l'rtoe
331 4041 852 4112 &Dionysnnbdrrcrtortotranslato.
939 4074 1024 4114 soom
1040 4059 1225 4132 royynqway

206 4144 288 4202 (apud
301 4144 406 4194 Mlbfflu
417 4145 536 4202 3¹¹⁸¹⁰⁰²u
550 4156 614 4202 ⁹⁸8⁰
624 4149 682 4202 2¹2³
943 4162 1022 4220 (Apud
1035 4162 1173 4217 sirmond,
1187 4175 1218 4212 er
1235 4164 1315 4212 veteri
1326 4165 1412 4214 codiee
1422 4166 1541 4215 Bibliotb.
1552 4169 1664 4222 Tbune.)

98 4241 192 4299 Domno
227 4243 351 4315 glorioso
383 4244 496 4300 muoso
528 4245 685 4316 imperatori
716 4249 850 4321 Augusto,
938 4253 1102 4310 Hrucuaans
1112 4254 1231 4326 nomine,
1248 4271 1303 4313 non
1318 4257 1426 4324 merito,
1451 4259 1619 4317 lihemorum
1642 4261 1703 4333 epi-

72 4327 224 4402 llurcrnmns,
241 4333 365 4401 nomine,
381 4332 730 4401 nonmerito,llbemorum
745 4337 859 4409 episco·
904 4357 1014 4414 scopus,
1035 4357 1068 4398 ac
1097 4342 1186 4414 plebis
1217 4343 1268 4400 Dei
1293 4344 1420 4413 famulus,
1456 4361 1536 4403 sacro
1568 4362 1699 4405 convan-

70 4430 117 4486 pus,
130 4434 160 4476 ao
173 4421 264 4492 plebis
277 4420 329 4477 Dei
342 4420 471 4478 famulus.
858 4416 885 4476 D
899 4446 959 4488 rus.

94 4506 167 4565 lecu
180 4510 255 4565 beati
276 4510 400 4583 Dionysii
418 4511 547 4569 Passione
571 4528 588 4569 a
612 4514 750 4571 llethodio
773 4515 847 4571 Con·
932 4519 1067 4590 Quiddam
1082 4520 1164 4578 beato
1183 4521 1327 4579 Ambrosio
1349 4524 1475 4597 quadam
1495 4522 1649 4597 proposuit,
1664 4525 1700 4580 ad

70 4597 252 4669 stantinopolim
275 4599 362 4654 Roma
385 4599 490 4656 directo
515 4601 610 4658 Graece
632 4603 741 4670 dictata,
766 4611 793 4659 et
813 4605 848 4659 ab
899 4623 1015 4680 qnorum
1030 4608 1194 4667 solutionem
1209 4610 1237 4666 in
1261 4612 1379 4669 crastina
1399 4613 1474 4670 illum
1496 4612 1532 4669 ad
1556 4611 1701 4669 ecclesiam

68 4683 192 4743 inundo
213 4687 358 4760 utriusque
382 4687 483 4762 linguae
506 4691 595 4762 perito
619 4700 645 4747 et
666 4693 848 4764 undecunque
898 4696 1029 4765 invitavit,
1046 4698 1118 4754 unde
1134 4714 1290 4757 sermonem
1305 4701 1437 4758 adoriens
1453 4703 1503 4772 (Dc
1518 4702 1636 4757 incarn.
1648 4703 1701 4757 Do·

68 4769 215 4846 durissimo,
244 4776 402 4846 apostolicae
424 4779 498 4833 sedis
518 4779 732 4837 bibliothecario.
756 4781 848 4839 Latine
898 4787 1002 4857 mini):
1027 4787 1070 4842 dd
1092 4787 1262 4854 solvendum,
1297 4789 1393 4861 inquit,
1424 4790 1548 4846 debitum
1571 4789 1698 4848 creditori

66 4863 212 4935 nnscnpta,
239 4865 308 4922 sieut
331 4865 358 4919 in
389 4866 545 4938 praelatione
569 4885 616 4924 sua
639 4878 740 4937 narrat,
765 4886 847 4927 reco·
897 4889 960 4930 meo
983 4875 1089 4931 adveni.
1116 4876 1170 4933 Sed
1192 4885 1218 4932 et
1241 4878 1349 4951 egedo
1377 4877 1444 4932 mihi
1467 4878 1611 4954 proposita
1636 4879 1697 4936 heri

65 4951 131 5018 nori
144 4952 186 5007 bis
201 4969 264 5025 que
276 4953 315 5007 ibi
330 4953 430 5026 scripta
445 4963 508 5011 sunt
522 4971 555 5012 ea
570 4974 632 5030 quas
646 4959 674 5013 in
688 4959 848 5015 adolescen-
898 4964 1060 5036 quastione,
1083 4965 1161 5034 cujus
1195 4965 1358 5022 solutionem
1390 4982 1464 5024 nunc
1493 4983 1599 5040 assero,
1635 4976 1700 5026 tunc

65 5034 213 5112 delegeram
229 5056 394 5110 consonare,
411 5043 537 5101 videlicet
551 5062 600 5117 por
622 5062 691 5120 quos
716 5055 743 5103 et
761 5048 848 5120 quali·
898 5052 998 5109 domno
1014 5053 1148 5109 (luntario
1162 5069 1211 5126 pro
1234 5054 1319 5109 tribus
1341 5055 1431 5112 causis
1453 5060 1621 5130 respondere
1644 5074 1699 5114 non

64 5130 178 5201 tergeste
192 5131 318 5202 martyrii
332 5132 405 5188 beati
428 5133 551 5206 Dionysii
575 5136 765 5210 sociorumque
788 5137 847 5206 ejus
898 5141 972 5213 potui
989 5159 996 5196 :
1016 5142 1152 5211 videlicet,
1169 5142 1232 5216 quia
1245 5143 1280 5198 ad
1300 5146 1492 5203 reuertendum
1513 5147 1568 5216 iam
1589 5147 1699 5219 Jamque

64 5213 89 5268 td
118 5217 303 5275 Romanorum
330 5220 452 5276 notitiam
480 5222 598 5294 indeque
623 5225 658 5280 ad
689 5225 847 5282 Graecorum
896 5231 1148 5298 commovebamur,
1165 5240 1192 5286 et
1207 5231 1337 5304 quoniam
1349 5233 1441 5305 plures
1457 5234 1508 5291 viri
1522 5234 1660 5305 sapientes
1669 5235 1698 5290 in

62 5306 225 5367 lenenerint.
244 5309 315 5363 Nam
331 5310 440 5382 qnando
455 5311 513 5368 Deo
527 5312 691 5383 disponente
713 5315 740 5369 in
765 5315 849 5370 Fran·
897 5327 1032 5376 conventu
1045 5319 1207 5389 consistunt,
1229 5338 1346 5394 quornm
1368 5325 1479 5397 quidam
1503 5329 1609 5379 certant
1628 5339 1698 5397 pro·

62 5392 189 5450 tonolurtb
207 5396 310 5469 palatio
334 5399 390 5454 nati
412 5400 487 5466 estis,
523 5401 662 5459 Hucberto
685 5403 848 5474 praecentori
895 5423 1009 5479 ponere,
1024 5408 1137 5479 quidam
1150 5418 1241 5467 autem
1255 5412 1410 5478 absolvere,
1435 5412 1573 5468 interdum
1596 5429 1694 5470 neces-

62 5477 136 5545 l²l⁸tii
155 5485 327 5559 episcopium
342 5486 489 5545 lleldensis
504 5490 581 5546 urbis
601 5492 778 5549 commissum
793 5500 845 5561 est,
896 5495 976 5552 sitate
991 5498 1149 5571 compulsus
1163 5507 1237 5557 tanta
1251 5501 1395 5560 velocitate
1409 5516 1496 5575 cogor
1519 5501 1604 5561 verba
1627 5518 1696 5560 eou-

930 5604 943 5633 Ο
