3794 6104
73 295 75 301 Ι
150 215 214 275 ,ssa
673 209 845 268 uncum
863 207 1065 268 amunnsrs
1082 209 1358 268 ancnmmscoar.
1419 240 1422 245 -
1760 217 1805 274 nr

162 335 282 394 mationa
305 335 341 392 ad
360 350 405 392 me
418 333 559 392 hominum
573 349 606 390 er
619 334 819 404 suaparochia,
844 333 937 390 monui
952 333 1085 395 :ANsm
1100 334 1184 390 adimi
1207 335 1232 391 ei
1256 335 1451 407 episcopatum,
1476 341 1623 409 antequam
1642 351 1733 393 causae
1757 338 1808 407 ejus

163 425 213 482 sed
226 423 293 480 nihil
306 423 410 496 profeci
425 441 432 478 :
448 433 475 479 et
488 422 588 479 fabulis
604 421 638 478 de
654 423 728 478 Fimo
744 422 897 494 presbyteri
916 437 964 493 pa·
1013 423 1101 479 exitus
1115 432 1268 495 appareret,
1284 424 1351 479 nulli
1366 423 1520 481 Christiano
1535 424 1624 482 videri
1639 425 1702 494 jure
1729 427 1808 497 potuit

162 513 264 570 mahta
281 528 348 580 suar,
364 520 390 568 et
406 511 477 568 ville
491 510 621 568 Ecclesiae
630 520 731 568 nostrae
743 529 751 577 ;
761 511 811 566 sed
820 519 847 566 et
856 510 890 566 de
900 510 962 566 aliis
1013 509 1080 583 [cl.,
1097 511 1249 584 potuisset].
1269 534 1280 563 ι
1296 513 1330 568 Et
1339 512 1402 568 item
1415 511 1479 569 dicit
1488 512 1579 584 (coac.
1590 513 1699 580 llilav„
1715 527 1743 569 o.
1761 517 1806 581 2l3

160 601 329 659 mendaciter
343 599 511 672 compositis,
523 600 557 655 de
572 600 670 672 quibus
692 616 723 655 se
738 599 797 670 ipse
817 598 962 671 presbyter
1011 613 1089 655 coac.
1101 600 1191 670 Afric.
1201 642 1207 666 ,
1219 616 1244 655 c.
1261 602 1312 667 87;
1326 601 1388 657 Cod.
1401 618 1465 657 cara.
1477 600 1553 657 Eccl.
1566 601 1659 673 Afric.
1673 616 1754 668 ,can
1766 604 1806 658 tat

161 691 197 748 ad
209 705 318 746 menon
333 687 497 755 reclamavit,
513 704 564 745 nec
578 688 606 743 in
617 687 708 760 aliqua
719 688 824 760 synodo
838 702 963 760 compro·
1010 694 1037 742 et
1050 686 1097 759 22)
1113 704 1120 740 ε
1139 689 1197 743 «Ut
1212 703 1262 759 per
1281 687 1425 761 episcopos
1449 689 1555 756 judiees
1578 704 1664 745 causa
1694 687 1809 758 finiatur,

161 778 270 837 riaciali
284 777 367 832 ullam
382 776 516 832 rationem
539 775 602 831 inde
617 776 763 832 commorit
794 783 958 841 contextam,
1011 774 1069 831 siva
1083 790 1152 847 quos
1167 776 1207 831 eis
1218 775 1295 849 [quin
1308 777 1378 832 inter
1396 793 1426 832 se
1435 776 1673 850 conquirentibus]
1685 778 1810 848 primates

161 866 190 922 in
203 866 300 923 eodem
313 864 430 921 concilio
444 863 637 936 mihiporrexit
646 865 717 936 (Non
726 864 844 934 enatat).
857 864 897 919 ne
907 879 960 935 qua
1010 862 1143 932 dederint,
1158 863 1216 919 sive
1233 880 1303 935 quos
1319 864 1372 935 ipsi
1386 864 1492 921 ricinos
1501 881 1534 921 ex
1551 880 1692 922 consensu
1708 865 1811 938 deleqe

161 953 249 1011 rotula
262 952 347 1024 loqui,
362 952 391 1007 in
405 952 478 1008 aliud
491 960 600 1023 tempus
613 952 725 1023 dignum
754 950 818 1005 duxi
849 948 956 1017 differe,
1009 950 1073 1006 rint.
1090 951 1119 1007 Si
1135 959 1227 1008 autem
1242 967 1276 1007 ex
1290 953 1431 1008 communi
1445 953 1547 1023 placito
1575 952 1683 1009 vicinos
1711 953 1811 1022 iudices

162 1058 197 1098 ne
211 1040 288 1098 robis
303 1041 412 1097 taedium
433 1039 612 1095 deliramenta
640 1056 689 1095 sna
712 1038 841 1106 inierant,
870 1043 898 1093 et
924 1038 959 1093 ad
1009 1036 1150 1112 elegerint,
1167 1048 1212 1095 aut
1226 1056 1296 1096 unus
1311 1039 1437 1113 eligatur,
1454 1049 1499 1096 aut
1526 1048 1608 1096 tres:
1630 1048 1677 1097 aut
1706 1041 1731 1095 si
1761 1049 1808 1098 tres

161 1128 348 1186 necessariora
361 1144 411 1185 sos
426 1127 603 1183 deliberanda
618 1127 775 1198 impediant.
785 1126 839 1182 Sed
848 1134 875 1181 et
884 1141 958 1196 prae-
1008 1126 1150 1200 elegerint,
1162 1134 1208 1183 aut
1215 1128 1337 1184 omnium
1347 1129 1510 1184 sententiam
1518 1136 1682 1200 sequantur,
1695 1136 1745 1185 aut
1754 1130 1810 1186 duc

161 1218 247 1274 latum
269 1233 349 1273 suurn
362 1223 563 1272 monstruosum
577 1215 735 1284 libellum,a
758 1230 788 1270 se
803 1221 830 1269 et
840 1229 873 1269 ea
899 1212 955 1268 suis
1008 1231 1078 1270 rum.
1094 1216 1266 1285 xjudicibus
1281 1207 1382 1283 autern,
1399 1232 1468 1289 quos
1484 1217 1638 1273 communis
1661 1231 1809 1273 consensus

161 1305 354 1377 subscriptum,
370 1304 399 1359 in
414 1303 620 1374 eademsynodo
630 1301 749 1374 protulit,
764 1317 845 1373 quern
855 1301 957 1357 ibidem
1007 1303 1130 1375 elegerit,
1147 1320 1202 1360 non
1217 1304 1297 1360 liceat
1311 1320 1460 1376 provocare
1476 1323 1483 1359 z
1501 1310 1528 1360 et
1542 1304 1670 1377 quisquis
1678 1305 1811 1377 probatus

161 1393 309 1466 accipiens,
322 1393 456 1448 hactenus
469 1406 561 1447 servo.
1006 1392 1087 1449 luerit
1101 1408 1151 1464 pro
1166 1393 1353 1449 controversie
1368 1392 1440 1448 nolle
1455 1393 1648 1465 obtemperare
1659 1393 1809 1462 judicibus,

196 1481 231 1537 Et
245 1496 308 1537 curn
321 1494 366 1533 me
389 1477 445 1535 vidi
458 1487 516 1550 post
534 1485 572 1534 tot
586 1477 785 1534 admonitiones
801 1477 868 1534 nihil
883 1478 957 1550 apud
1006 1495 1069 1536 curn
1081 1480 1135 1536 hoc
1148 1481 1243 1552 primae
1260 1480 1333 1536 sedis
1348 1480 1477 1552 episcopo
1491 1480 1572 1536 luerit
1586 1480 1750 1552 probatum,
1764 1482 1806 1537 det

161 1583 224 1627 eum
237 1583 320 1639 posse
333 1565 478 1638 prolicere,
494 1566 650 1624 schedulam
664 1566 772 1639 porrexi
795 1567 823 1621 in
851 1566 956 1637 synodo
1005 1567 1111 1623 litteras
1125 1576 1152 1623 ut
1166 1568 1256 1625 nullus
1272 1568 1297 1623 ei
1310 1569 1492 1625 communicet
1505 1568 1712 1640 episcoporum,
1724 1569 1806 1624 donec

161 1655 258 1713 dacem
267 1653 467 1727 provinciarum
482 1654 553 1726 (Non
564 1658 661 1711 exstat
678 1655 735 1710 hae
750 1655 905 1725 schedula),
921 1652 995 1742 abB
1011 1656 1190 1727 obtemperet.
1229 1677 1241 1707 s
1270 1657 1304 1712 Et
1333 1656 1545 1729 Carthaginensa
1573 1657 1641 1712 dicit
1666 1657 1808 1714 eonsilium

161 1743 265 1800 eisdem
279 1742 443 1800 venerandis
458 1742 592 1815 episcopis
601 1758 725 1814 quaerens
735 1742 881 1799 consilium
895 1741 960 1813 quid
1011 1744 1298 1816 (scandalisque
1316 1747 1377 1810 c.”l;
1395 1744 1458 1801 dod.
1476 1761 1540 1800 cca.
1556 1746 1632 1801 Eccl.
1647 1746 1726 1816 Ata,
1751 1760 1808 1801 can.

161 1839 257 1890 contra
271 1847 347 1888 suam
361 1830 527 1903 pertinacem
551 1830 752 1887 contumaciam
778 1846 863 1904 agere
890 1846 957 1901 pos·
1010 1831 1054 1902 ta)
1071 1849 1078 1886 :
1096 1853 1107 1882 ι
1125 1833 1159 1888 Ut
1174 1832 1297 1904 quisquis
1312 1831 1503 1905 episcoporum
1516 1840 1673 1902 accusatur,
1705 1833 1740 1888 ad
1753 1833 1806 1903 pri-

160 1936 220 1978 sem
236 1938 243 1976 :
259 1928 286 1976 et
300 1936 361 1992 qua
374 1919 413 1974 illi
430 1960 436 1973 .
452 1959 460 1975 .
478 1959 485 1973 .
501 1935 558 1975 suae
573 1926 667 1975 contra
689 1918 876 1990 colligationes
902 1933 959 1973 suae
1011 1926 1096 1975 malea
1111 1919 1260 1990 provinciae
1274 1920 1360 1990 ipsius
1374 1935 1484 1976 causam
1498 1918 1604 1976 deierat
1623 1928 1777 1977 accusator.
1794 1943 1804 1969 ι

159 2007 304 2081 impietatis
319 2007 481 2074 direxeram,
509 2015 603 2064 eontra
631 2007 684 2062 illis
705 2014 769 2063 nota
792 2006 855 2063 ieci.
880 2006 958 2062 Unde
1007 2008 1042 2063 Et
1064 2017 1127 2078 post
1155 2007 1295 2078 aliquanta
1311 2026 1317 2062 :
1336 2029 1347 2058 ι
1364 2009 1464 2064 Verum
1478 2007 1571 2064 tandiu
1592 2015 1657 2080 post
1685 2024 1805 2064 mensem

159 2105 187 2154 et
200 2096 235 2152 ab
249 2097 344 2153 eadem
358 2096 463 2167 synodo
479 2103 638 2166 conventus,
655 2095 784 2168 quoniam
813 2095 912 2164 injuste
927 2109 958 2149 ac
1009 2095 1156 2151 secundum
1172 2110 1227 2150 non
1242 2095 1432 2162 communicet,
1450 2096 1538 2151 donec
1552 2103 1698 2169 purgatur.
1716 2096 1745 2152 si
1756 2111 1804 2152 au·

158 2184 347 2258 irregulariter
361 2192 449 2240 tanus
466 2191 493 2239 et
522 2184 591 2240 tales
609 2182 904 2240 excommunicationes
919 2182 958 2237 fa·
1008 2189 1062 2239 tern
1076 2183 1111 2238 ad
1124 2183 1267 2239 concilium
1282 2183 1439 2240 universale
1460 2183 1680 2240 anniversarium
1709 2197 1804 2241 occur-

158 2273 410 2346 aerepraesumpsit,
421 2272 498 2327 dedit
509 2271 575 2326 mihi
591 2271 724 2327 ineadem
734 2271 838 2342 synodo
852 2269 957 2343 proies·
1007 2286 1070 2327 rere
1083 2270 1209 2340 noluerit,
1226 2278 1255 2325 ut
1269 2271 1312 2327 vel
1327 2271 1363 2325 ihi
1377 2287 1458 2327 causa
1472 2272 1530 2342 ejus
1546 2271 1719 2338 terminetur,
1747 2272 1804 2343 ipse

159 2359 308 2417 sionissuae
323 2358 446 2414 libellum
460 2359 495 2414 de
505 2358 625 2432 regulari
640 2358 794 2415 ohedientia
804 2375 862 2429 sua,
876 2374 957 2431 quern
1006 2357 1034 2413 in
1049 2374 1079 2414 aa
1095 2357 1278 2413 damnationis
1292 2359 1453 2414 sententiam
1465 2358 1721 2428 dixisseJ'udicetur.
1732 2360 1804 2415 Tem·

156 2446 257 2516 habeo,
272 2447 320 2519 qui
334 2447 372 2502 ita
386 2463 416 2503 se
434 2446 539 2501 habet:
565 2447 714 2518 Privileqia
739 2448 885 2503 llincmnrt'
898 2463 957 2502 mc·
1006 2461 1074 2516 pore
1089 2460 1156 2501 sane
1170 2461 1224 2518 quo
1238 2461 1293 2500 non
1306 2446 1498 2513 communicat,
1514 2462 1566 2503 neo
1580 2446 1801 2517 insnaecclesia,

159 2535 659 2610 tropolitcniprova'nrioelihemorum
673 2534 958 2591 ccclenoerccundam
1006 2532 1051 2591 rel
1063 2533 1194 2604 parochia
1209 2534 1400 2590 communicet.
1418 2554 1431 2584 a
1448 2535 1482 2589 Et
1505 2534 1562 2603 jam
1589 2542 1745 2591 transactus
1763 2542 1801 2590 est

157 2624 628 2683 accrescancnesetdccrctoseda's
644 2623 854 2695 apostoliroeen
868 2624 956 2679 scaris
1006 2635 1094 2676 annus
1108 2637 1141 2677 ex
1163 2637 1217 2693 qno
1236 2637 1253 2677 a
1273 2638 1327 2689 me,
1350 2637 1399 2678 suo
1424 2621 1644 2694 metropolitano,
1675 2622 1801 2695 praeiatos

158 2715 312 2771 canonibus
317 2713 508 2786 promalqctc,
527 2727 580 2786 pro
594 2712 667 2769 seire
681 2716 794 2784 etposse
808 2727 852 2767 me
872 2711 959 2768 obedi·
1003 2709 1111 2779 judices
1125 2709 1225 2765 electos
1240 2709 1360 2781 expetiit,
1377 2717 1403 2765 et
1418 2710 1541 2781 accepit;
1557 2717 1584 2765 et
1605 2724 1720 2767 ceumm
1748 2726 1801 2766 sue

160 2804 258 2859 amm
265 2801 409 2874 profiteor,
418 2800 568 2856 subscribo.
578 2800 612 2854 Et
625 2815 659 2854 ex
673 2814 707 2855 eo
721 2800 794 2871 quod
808 2799 850 2854 sui
865 2797 955 2854 homi-
1005 2797 1185 2855 accusationis
1199 2797 1360 2870 regulariter
1374 2805 1518 2854 exsecutus
1532 2813 1589 2853 non
1601 2797 1661 2854 fuit.
1679 2798 1800 2854 Etdilata

158 2905 209 2946 nes
225 2905 255 2944 se
267 2889 302 2943 ad
315 2905 412 2961 regem
426 2886 652 2953 reclamaverunt,
665 2887 794 2959 quoniam
805 2887 839 2942 ab
849 2887 954 2959 eisjsua,
1006 2893 1048 2942 est
1060 2886 1193 2942 hactenus
1205 2902 1238 2941 ex
1253 2901 1286 2941 eo
1313 2887 1446 2943 sententia
1472 2885 1592 2942 Africani
1619 2885 1741 2954 concilii,
1768 2886 1800 2941 de

157 2974 300 3043 beneficia,
317 2992 377 3048 quae
391 2975 464 3048 apud
477 2983 667 3032 antecessores
677 2990 752 3041 suos,
768 2982 794 3031 et
807 2975 881 3046 apud
895 2989 957 3029 eum
1004 2973 1152 3029 Maximino
1167 2973 1296 3045 episeopo
1311 2973 1485 3046 promulgata
1498 2973 1587 3044 (coac.
1599 2973 1704 3045 Afric,
1713 2990 1738 3030 c.
1750 2977 1798 3039 553

156 3063 370 3139 proservierunt,
385 3063 485 3133 injuste
505 3072 532 3120 et
550 3063 767 3119 irrationabiliter
787 3062 952 3131 abstulisset,
1006 3061 1069 3119 dod.
1082 3078 1146 3118 eon.
1163 3062 1238 3117 dccl.
1262 3061 1368 3132 Afric,
1391 3077 1453 3117 can.
1470 3061 1515 3133 88)
1531 3077 1537 3117 :
1556 3082 1568 3112 r
1587 3061 1629 3117 De
1643 3061 1798 3126 Maximino,

156 3159 220 3226 post
234 3152 325 3209 datum
339 3152 405 3208 mihi
420 3152 541 3208 libellum
552 3152 581 3206 in
595 3152 701 3223 synodo
711 3151 745 3207 de
759 3150 878 3224 regulari
888 3151 952 3207 ohe·
1005 3149 1101 3223 inquit,
1119 3149 1268 3220 Bacagensi
1284 3148 1345 3222 [ol.‚
1361 3149 1525 3205 Maximiano
1538 3149 1706 3224 bagaiensi],
1729 3150 1800 3206 etad

156 3238 259 3298 dientia
272 3257 331 3308 sua,
348 3241 451 3297 electos
462 3240 568 3309 judices
582 3239 727 3311 episcopos
735 3239 809 3310 apud
816 3255 861 3295 me
871 3255 953 3311 expe·
1003 3253 1074 3304 eum,
1092 3244 1119 3293 et
1133 3238 1166 3293 ad
1181 3237 1267 3309 ipsam
1281 3237 1390 3309 plebem
1403 3237 1504 3308 placuit
1518 3237 1553 3292 de
1566 3236 1684 3295 concilio
1698 3239 1799 3294 litteras

155 3328 236 3387 tivit:
253 3336 280 3385 et
293 3336 359 3396 tres,
376 3328 526 3384 secundum
536 3327 692 3385 Africanum
700 3327 855 3394 concilium,
875 3327 952 3383 scili·
1003 3325 1072 3394 dari,
1088 3332 1117 3380 ut
1131 3332 1158 3380 et
1173 3325 1230 3396 ipse
1252 3325 1286 3380 ab
1302 3325 1460 3397 episcopatu
1474 3325 1606 3395 discedat,
1623 3332 1652 3383 et
1678 3325 1720 3381 illi
1747 3325 1797 3381 sihi

154 3417 369 3483 aethelardum,
395 3415 603 3488 lingenelmum,
628 3423 708 3488 atque
729 3417 862 3472 loannem
877 3431 894 3470 a
907 3432 952 3471 me
1002 3412 1086 3470 abum
1100 3413 1249 3485 requirant.
1268 3435 1279 3462 ι

155 3504 208 3562 sibi
222 3504 381 3576 designatos
395 3504 533 3576 suscepit;
549 3511 577 3560 et
595 3520 697 3571 eorum,
726 3512 808 3576 atque
836 3503 951 3560 aliorum
1303 3518 1416 3575 cqpnp
1429 3519 1503 3576 xpp,

154 3593 243 3649 neum
257 3592 418 3662 timentium.
431 3592 691 3662 iudiciaiudomni
704 3592 788 3665 resia,
804 3592 875 3648 sicut
890 3607 953 3663 ros·
1002 3607 1078 3676 cna
1099 3609 1197 3680 sapam
1227 3607 1310 3663 trram
1331 3607 1456 3676 suarna
1479 3606 1638 3664 raanan
1661 3620 1797 3665 aarum

155 3680 260 3748 tulerit,
275 3680 432 3752 prasentia,
448 3681 483 3735 de
498 3680 660 3752 quibusdam
676 3680 816 3736 decretum
840 3679 897 3746 luit,
922 3687 951 3735 ut
1334 3682 1464 3734 conatur.

154 3767 288 3826 beneficia
299 3784 348 3824 sua
361 3784 421 3840 qnae
436 3767 658 3824 irrationabiliter
671 3767 859 3838 perdiderunt,
874 3781 951 3823 recu·
1036 3775 1071 3829 Et
1084 3787 1147 3830 cum
1161 3774 1220 3830 haen
1233 3773 1271 3829 ita
1285 3773 1450 3841 rehabeant,
1466 3772 1539 3829 idem
1552 3771 1640 3831 irater
1661 3773 1729 3830 mibi
1751 3791 1795 3830 re-

153 3871 252 3929 perere
267 3856 409 3911 deberent.
424 3856 489 3910 Tota
504 3861 594 3910 autem
623 3870 718 3910 eorum
745 3869 839 3921 causa,
862 3870 951 3925 usque
1001 3860 1134 3929 scribens,
1150 3861 1242 3916 multis
1250 3860 1459 3934 allegationibus
1469 3876 1499 3918 se
1508 3861 1673 3918 necessitate
1681 3861 1797 3933 compul-

154 3957 188 3999 αθ
201 3942 286 3999 alium
309 3948 465 4008 tractatum,
488 3941 568 3996 certis
595 3941 835 3999 intervenientibus
859 3941 950 3998 callais
1000 3948 1333 4020 sum‚etperse0utionem
1343 3948 1640 4022 declinantemfugisse
1648 3956 1794 4013 asseverat,

153 4045 209 4087 non
222 4028 345 4096 diffinita,
362 4028 411 4084 sed
425 4028 470 4085 die
490 4029 543 4084 alia
566 4027 730 4098 diffinienda,
746 4029 885 4085 remansit.
915 4031 950 4086 Et
999 4036 1070 4093 sicut
1084 4053 1132 4092 sua
1146 4036 1288 4107 scriptura,
1304 4052 1386 4109 quarn
1402 4037 1446 4094 hic
1459 4036 1557 4103 haheo,
1575 4037 1677 4108 prodit,
1693 4036 1795 4094 viden.

152 4124 215 4174 ante
229 4115 414 4173 diffinitionem
431 4123 524 4173 contra
538 4131 634 4173 sacros
654 4131 783 4183 canones,
809 4116 867 4174 sine
894 4117 950 4174 ulla
1000 4132 1052 4191 eea,
1069 4125 1133 4196 quia
1148 4140 1243 4180 omnes
1269 4124 1396 4180 homines
1423 4125 1463 4180 sui
1493 4124 1598 4180 banniti
1625 4124 1738 4181 suerunt
1762 4123 1819 4180 sd,

152 4204 314 4262 necessitate
329 4204 372 4260 vel
386 4204 501 4271 ratione,
518 4213 599 4262 noctu
613 4203 679 4278 iuga
705 4205 806 4276 lapsus,
837 4205 948 4277 regula-
999 4227 1108 4278 causas,
1123 4212 1162 4268 ira
1177 4220 1205 4268 ur
1220 4227 1271 4269 nee
1284 4228 1365 4283 unus,
1381 4212 1446 4268 dum
1460 4212 1793 4277 redireradmmionem‚

151 4309 210 4350 rem
224 4292 413 4349 diffinitionem
427 4301 587 4365 exspectare
597 4294 768 4366 contempsit.
785 4292 863 4350 Unde
877 4292 948 4349 sacri
998 4300 1075 4356 illum
1089 4300 1166 4372 sequi
1179 4300 1329 4371 permissus
1344 4300 1379 4356 sit
1394 4318 1401 4354 :
1417 4301 1590 4356 Nortmanno
1615 4300 1670 4357 hoc
1697 4307 1819 4375 agente

151 4397 271 4440 canones
284 4381 404 4438 Africani
423 4382 531 4438 concilii
546 4381 580 4437 de
595 4381 796 4451 Quodvultdeo,
813 4381 858 4454 qui
873 4375 983 4437 ante-D
997 4404 1047 4461 pro
1062 4388 1125 4444 villa
1139 4388 1276 4454 Pauliaco,
1292 4403 1325 4445 eo
1341 4388 1413 4460 quod
1434 4387 1508 4443 illam
1522 4388 1702 4444 concessione
1710 4387 1814 4460 regia,

150 4486 232 4543 quam
246 4477 292 4526 aut
302 4470 409 4539 jndices
423 4470 524 4526 electos
538 4477 688 4541 expeteret,
703 4477 750 4526 aut
764 4470 847 4526 etiarn
861 4470 889 4525 in
904 4486 948 4525 ra·
998 4483 1024 4532 er
1038 4476 1186 4548 apostoliea
1200 4476 1292 4541 etiam,
1307 4484 1336 4531 ut
1351 4475 1458 4542 scirem,
1476 4475 1637 4532 auctoritate
1652 4474 1838 4546 recipiens„

149 4559 252 4615 tionem
268 4566 364 4615 contra
378 4557 583 4630 conquirentem
602 4558 748 4616 adversum
760 4575 790 4614 se
798 4558 946 4627 introisset,
997 4563 1074 4620 illum
1088 4564 1171 4620 iidem
1186 4563 1361 4620 suihomines
1383 4563 1411 4618 in
1438 4563 1563 4619 eamdem
1586 4563 1681 4619 villam
1708 4559 1857 4620 secuti-

146 4647 278 4704 rationem
293 4646 497 4719 subterfugiens
510 4645 646 4716 discessit,
663 4646 844 4704 decreverunt
859 4646 949 4703 dicen·
998 4660 1069 4708 sunt.
1085 4654 1120 4708 Et
1133 4652 1161 4708 in
1176 4651 1279 4707 eisdem
1294 4651 1351 4707 suis
1380 4650 1592 4722 allegationibus
1613 4651 1692 4722 ponit
1719 4649 1863 4708 tesaae

147 4741 189 4792 tes
199 4736 288 4807 (coac.
301 4736 380 4806 Afric
391 4778 397 4790 .
410 4777 416 4802 ,
427 4750 451 4791 c.
464 4737 497 4789 at
510 4753 516 4801 ;
529 4736 588 4791 cod.
598 4751 662 4790 cca.
675 4736 750 4791 Eccl.
762 4736 863 4806 Afric,
885 4750 946 4791 can.
997 4739 1090 4796 monia
1104 4756 1137 4795 cx
1151 4740 1266 4811 epistola
1287 4739 1350 4795 Julii
1364 4755 1441 4811 papae
1456 4739 1484 4794 in
1499 4738 1641 4794 Athanasii
1662 4753 1714 4809 pro
1735 4738 1866 4810 ὡς,

149 4824 194 4895 ⁸7)
212 4841 218 4877 :
237 4846 248 4871 a
266 4824 306 4879 De
321 4823 522 4893 Quodvultdeo,
538 4821 673 4894 inquiunt,
696 4822 825 4894 episcopo
845 4823 948 4877 Centu·
997 4827 1156 4885 defensione
1172 4830 1265 4900 (epist.
1275 4831 1303 4894 2,
1319 4827 1355 4883 od
1364 4825 1534 4896 Orientales)
1551 4843 1558 4880 :
1578 4846 1590 4877 ι
1617 4824 1689 4895 Quia
1704 4826 1867 4883 Domi‘

148 4908 242 4978 riensi,
258 4911 386 4983 quoniam
400 4910 466 4983 [cl.,
487 4909 635 4984 quomodo]
657 4911 834 4968 adversarius
862 4910 948 4982 ipsius
996 4933 1048 4972 nus
1062 4916 1173 4987 quando
1187 4915 1317 4973 Pharisaei
1338 4914 1482 4971 consilinm
1509 4911 1635 4969 lecerunt
1664 4911 1871 4972 adverse&

147 5012 210 5057 aum
225 5014 255 5056 se
270 4999 392 5071 petisset,
419 4999 554 5057 introduci
578 4998 615 5054 ad
638 4999 784 5056 concilium
811 5007 945 5069 nostrum,
997 5020 1060 5061 eum
1074 5010 1103 5060 nt
1117 5020 1179 5060 eum
1193 5003 1359 5060 occiderent.
1375 5002 1471 5059 Sciens
1485 4988 1874 5058 antemJesnsdiscessi't

144 5085 331 5161 interrogatus
344 5086 427 5143 vellet
441 5102 503 5142 cum
519 5103 552 5143 eo
567 5086 641 5159 apud
652 5087 797 5160 episcopos
813 5087 945 5160 experiri,
996 5091 1070 5150 inde.
1086 5092 1121 5147 Et
1134 5091 1261 5162 discipuli
1274 5099 1387 5163 propter
1400 5097 1503 5146 metum
1517 5088 1678 5145 iudaeorum
1705 5096 1874 5146 taces)

144 5175 234 5246 primo
248 5175 431 5247 promiserat3
448 5182 474 5231 et
489 5174 543 5230 alia
566 5177 610 5231 dre
634 5176 786 5248 respondit,
810 5179 863 5233 hoc
893 5176 947 5231 sihi
997 5187 1101 5247 serunt,
1118 5180 1238 5236 celantes
1252 5179 1369 5250 seipsos.
1388 5198 1399 5228 ι
1415 5179 1450 5234 Et
1467 5176 1568 5233 Paulus
1583 5177 1612 5232 in
1627 5177 1767 5233 Damasco
1780 5170 1877 5230 ff

145 5275 200 5317 non
213 5263 333 5335 placere,
349 5271 430 5335 atque
455 5263 591 5319 discessit.
607 5264 710 5321 Placuit
735 5264 861 5321 omnibus
885 5265 946 5337 epi·
996 5267 1120 5341 principe
1135 5268 1225 5341 gentis
1240 5267 1379 5339 quaesitus,
1396 5265 1431 5322 do
1445 5280 1524 5320 muro
1538 5264 1566 5319 in
1580 5271 1673 5335 sporta
1687 5263 1783 5336 deposi
1802 5263 1876 5313 A·

148 5348 247 5420 scopis,
264 5360 293 5407 ut
311 5351 402 5408 nullus
425 5351 514 5408 eidem
537 5351 728 5421 Quodvultdeo
756 5352 945 5424 communicet,
997 5363 1041 5411 tus
1056 5362 1107 5424 est,
1123 5363 1149 5411 et
1162 5367 1259 5411 manus
1270 5353 1414 5426 querentis
1429 5351 1525 5426 effugit
1539 5351 1578 5422 (ll
1592 5353 1654 5409 Cor.
1670 5352 1725 5424 ιι).
1742 5329 1873 5408 Se‘¹

150 5433 238 5493 donec
252 5451 336 5495 causa
349 5440 409 5510 ejus
423 5440 533 5512 qualem
547 5439 665 5512 potuerit
678 5441 823 5498 terminum
847 5450 945 5499 sumat.
998 5450 1088 5501 utrum
1101 5459 1152 5516 pro
1167 5442 1235 5500 cosi
1249 5442 1345 5499 Franci
1358 5440 1483 5497 homines
1497 5439 1533 5496 ad
1544 5437 1649 5509 iudicia
1664 5419 1867 5510 sunlegff*
