3794 6104
54 245 105 298 360
368 243 488 300 OPUSC.
511 243 557 299 ΕΤ
584 243 692 299 nttsr.
723 245 760 298 [N
786 242 898 298 CAUSA
927 242 1097 303 ttthttattt
1122 246 1273 303 LAUDUN.
1656 251 1707 304 m

54 365 200 438 politanae,
217 375 245 422 et
259 367 331 438 apud
346 367 439 437 ipsum
450 366 597 435 judicetur,
615 368 686 439 quod
702 375 728 423 et
742 367 768 421 in
784 367 860 436 capi·
872 364 900 425 A
914 365 1052 421 luvenalis
1075 368 1220 438 episcopus
1235 370 1270 423 ad
1286 368 1463 424 obtinendum
1483 370 1633 426 Palaestinae
1653 383 1717 442 pro·

61 454 116 510 tulo
142 455 253 510 decimo
277 456 392 526 septimo
417 456 613 527 recapitulavit.
640 457 713 527 Lege
728 464 805 528 gesta
819 472 866 526 sy·
916 453 1012 510 vinciae
1036 456 1217 526 principatum
1241 458 1357 513 credidit
1378 475 1408 514 se
1432 474 1514 530 posse
1536 457 1670 525 sufficere,
1691 466 1719 515 et

57 544 122 599 nodi
145 543 399 608 Chalcedonensis,
415 553 441 599 et
456 545 622 600 Breviarium
638 545 672 599 de
688 545 793 599 duabus
808 545 866 598 bae-
915 542 1064 598 insolentes
1090 562 1172 600 ausus
1193 562 1244 615 per
1268 547 1450 602 commentitia
1472 548 1571 618 scripta
1597 546 1717 614 firmare,

60 632 169 688 resibus
184 633 412 688 Nestorianorum
427 634 705 704 etEutycbianorum,
722 633 866 688 collectum
916 629 994 698 Quod
1017 641 1116 688 sanctae
1141 635 1279 689 memoriae
1304 635 1421 706 Cyrillus
1443 635 1719 707 Alexandrinusepi·

59 729 187 776 asaucto
201 720 329 776 Liberato
345 722 539 777 archidiacono
554 722 684 778 Ecclesiae
696 721 866 788 Carthaginis
916 735 1015 789 scopus
1030 721 1124 775 morito
1139 724 1362 791 perhorrescens,
1379 723 1489 794 scriptis
1505 724 1561 779 suis
1576 724 1642 779 rnibi
1653 723 1718 796 quid

61 810 185 882 regionis
200 817 294 874 sexta,
311 810 360 864 sed
375 819 401 864 et
416 811 545 880 epistolas
562 811 647 864 sancti
663 810 761 864 Leonis
776 825 864 879 papae,
914 808 1036 878 praelieti
1052 809 1184 879 cupiditas
1199 826 1264 864 ausa
1284 820 1356 866 esset
1380 812 1529 880 indicavit,
1555 819 1581 867 et
1604 811 1719 868 sollicita

59 906 85 954 et
99 898 225 953 invenies
240 899 292 954 boc
306 898 392 968 ipsius
404 899 510 954 concilii
533 915 632 953 nonum
657 898 821 968 capitulum,
837 899 865 952 in
914 912 995 967 prece
1011 898 1125 951 multum
1139 899 1262 968 poposcit
1275 943 1280 961 ,
1307 908 1336 953 ut
1360 900 1434 955 nulla
1448 900 1551 955 illicitis
1576 899 1719 957 conatibus

61 987 135 1055 cujus
149 985 207 1041 fine
222 987 321 1042 dicitur
336 1004 342 1040 ι
360 987 434 1042 Petat
456 987 599 1057 primatem
624 987 794 1051 dioeceseos,
821 995 865 1040 ant
915 986 1081 1056 praeberetur
1106 987 1238 1041 assensio.
1265 988 1334 1041 Nam
1367 989 1442 1057 cujus
1467 989 1589 1059 epistolae
1609 987 1644 1044 ad
1665 975 1736 1044 noa'

63 1075 156 1130 sedern
180 1074 265 1146 regiae
289 1075 366 1129 urbis
398 1075 718 1145 Constantinopolitano,
745 1083 770 1128 et
794 1075 865 1144 apud
915 1074 1081 1142 exemplaria
1097 1074 1217 1128 direxisti
1233 1083 1332 1130 sanctas
1347 1076 1487 1131 memoriae
1501 1076 1717 1149 Cyrilli‚eamin

61 1163 148 1234 ipsum
160 1163 307 1230 judicetur,
324 1171 350 1218 et
365 1164 437 1235 quod
452 1164 485 1217 de
500 1164 633 1218 divisione
653 1164 780 1218 diaecesis
796 1163 865 1216 inter
914 1170 1009 1216 nostro
1033 1162 1130 1217 scrinio
1152 1163 1309 1234 requisitam
1331 1180 1380 1218 nos
1404 1165 1584 1220 authenticam
1607 1164 1718 1221 noveris

63 1251 263 1306 antiochenum
279 1258 306 1304 et
321 1251 592 1321 Hierosolymitanum
608 1252 752 1321 episcopos
768 1267 865 1305 conve·
914 1252 1061 1320 reperisse.
1080 1251 1243 1325 noc-tamen
1254 1252 1392 1321 proprium
1403 1251 1572 1308 diffinitionis
1582 1268 1650 1310 mete
1664 1261 1716 1310 est.

62 1340 107 1403 nit,
124 1340 159 1392 ab
175 1337 326 1408 apostolica
341 1339 472 1394 sedenou
495 1338 579 1394 luisse
600 1347 719 1410 recepta.
745 1339 798 1393 Sed
814 1355 864 1394 neo
915 1347 943 1392 ut
959 1338 1156 1408 quantamlibet
1180 1340 1297 1410 amplior
1319 1356 1448 1394 numerus
1472 1340 1644 1396 sacerdotum
1664 1339 1717 1433 qli·

62 1427 124 1482 illud
149 1426 297 1496 capitulum
321 1426 606 1497 Constantinopolitaui
630 1427 751 1491 concilii,
769 1427 864 1497 inquo
915 1427 979 1497 quid
995 1443 1042 1496 per
1058 1429 1238 1496 quorumdam
1254 1428 1457 1498 subreptionem
1480 1429 1626 1493 decernat,
1644 1429 1717 1500 qnod

64 1513 184 1584 synodus
199 1515 258 1584 ipsa
273 1515 410 1570 constituit
424 1515 622 1586 praeferendam
639 1516 864 1585 Constantinopo·
913 1514 966 1568 illis
981 1523 1165 1569 trecentorum
1181 1516 1276 1571 decem
1292 1524 1318 1570 et
1332 1525 1394 1571 octo
1409 1516 1647 1572 constitutionibus
1670 1517 1715 1571 in·

63 1603 107 1656 lim
122 1602 253 1657 secundae
268 1611 295 1657 et
310 1603 396 1658 tertiae
411 1604 479 1665 sedi,
497 1612 522 1658 et
537 1612 598 1674 post
613 1604 763 1658 Romanum
779 1603 865 1673 ponti·
915 1603 1039 1658 veniatur
1052 1603 1207 1667 adversum,
1223 1605 1252 1660 id
1264 1605 1373 1673 justitiae
1388 1605 1606 1660 consideratione
1620 1619 1716 1661 casse-

63 1689 140 1746 licem
162 1690 265 1745 habere
285 1691 449 1761 primatum,
473 1691 546 1763 quod
562 1701 588 1746 et
602 1708 652 1762 per
666 1693 900 1776 pragmaticamB
916 1698 958 1743 tur
973 1708 979 1743 :
997 1691 1122 1761 quoniam
1137 1692 1272 1746 universo
1287 1693 1361 1762 pacis
1376 1692 1554 1764 tranquillitas
1570 1707 1624 1749 non
1639 1692 1738 1765 aliter,

63 1778 177 1835 formam
200 1779 352 1850 imperialis
367 1781 509 1851 potestatis
523 1781 654 1847 obtinuit,
671 1789 697 1835 et
712 1780 861 1834 Chalcedo-
917 1779 1014 1848 poterit
1034 1778 1173 1839 custodiri.
1187 1781 1238 1834 nisi
1254 1796 1301 1834 sua
1316 1782 1465 1835 canonibus
1480 1780 1632 1837 reuerentia
1646 1781 1719 1838 inte·

63 1868 153 1924 nensis
168 1869 303 1938 synodus,
320 1868 347 1923 in
362 1869 485 1923 absentia
500 1868 652 1940 legatorum
668 1869 742 1923 sedis
756 1876 861 1938 aposto
917 1875 1018 1920 morata
1033 1875 1163 1921 servetur.
1182 1867 1284 1938 Siquid
1301 1883 1367 1922 sane
1382 1870 1417 1923 ab
1433 1868 1475 1923 bis
1490 1867 1626 1935 iratribus,
1650 1883 1720 1941 quos

63 1955 127 2022 bea,
153 1953 343 2011 confirmando
367 1955 528 2029 quibusdam
552 1972 606 2011 non
628 1956 861 2011 consentientibus
917 1954 951 2008 ad
966 1963 1088 2009 sanctam
1105 1955 1237 2024 synodum
1252 1955 1311 2010 rice
1326 1971 1386 2012 mea
1400 1956 1472 2021 misi,
1488 1964 1588 2026 praeter
1602 1956 1630 2011 id
1645 1955 1719 2028 quod

63 2044 211 2110 renotavit,
228 2053 341 2115 etpost,
359 2044 568 2101 reclamantibus
590 2045 624 2099 de
650 2060 790 2100 sacrorum
813 2059 861 2100 ca·
917 2042 950 2095 ad
966 2057 1077 2097 eausam
1094 2041 1155 2096 fidei
1171 2043 1337 2112 pertinebat,
1353 2052 1461 2115 gestum
1475 2058 1538 2099 esse
1550 2043 1717 2116 perhibetur,

63 2148 161 2188 nonum
195 2141 223 2187 et
256 2133 393 2205 privilegii
427 2133 584 2204 apostolicae
616 2149 647 2188 ac
680 2133 774 2202 primae
815 2149 861 2187 ae·
916 2129 1016 2183 nullius
1039 2131 1090 2184 erit
1112 2131 1220 2200 penitus
1245 2130 1379 2186 tirmitatis
1396 2149 1402 2185 :
1420 2131 1483 2204 quia
1497 2131 1531 2185 ad
1546 2132 1600 2187 boc
1614 2138 1719 2187 tantum

61 2220 100 2276 dis
130 2220 231 2289 injuria
260 2229 287 2275 et
319 2221 474 2291 praeiudicio
512 2221 615 2277 eisdem
648 2221 745 2293 legatis
778 2220 863 2291 ipsius
916 2218 950 2270 ab
966 2218 1114 2288 apostolico
1130 2228 1192 2272 sunt
1207 2218 1272 2274 sede
1287 2219 1397 2284 directi,
1415 2228 1444 2274 ut
1458 2220 1556 2276 excisis
1570 2219 1720 2276 haeresibus
1803 2278 1809 2289 ‚

61 2308 331 2380 apostolicaesedis,
352 2309 473 2380 synodus
505 2310 532 2364 in
565 2310 699 2364 sententia
731 2326 779 2363 sua
811 2325 863 2380 pa·
917 2306 1056 2360 catholicae
1079 2313 1171 2360 essent
1194 2304 1257 2362 stdei
1280 2307 1452 2362 defensores.
1485 2306 1624 2379 Quidquid
1645 2307 1719 2364 enim
1813 2342 1818 2350 -

62 2399 211 2454 trutinante
229 2398 394 2467 imperatore
417 2398 577 2468 permansit.
607 2398 670 2468 Egit
693 2397 766 2451 enim
789 2402 863 2452 Ana·
916 2403 1016 2464 praeter
1030 2395 1164 2464 speciales
1180 2411 1279 2450 causas
1294 2396 1464 2467 synodalium
1480 2395 1656 2452 conciliorum
1684 2396 1719 2452 ad

61 2481 140 2537 totius
169 2489 235 2537 tunc
268 2481 581 2554 constantinopolitanus
614 2482 759 2552 episcopus
791 2480 864 2552 apud
917 2497 1029 2536 examen
1052 2482 1207 2553 episcopale
1222 2483 1353 2551 defertur,
1369 2492 1459 2554 potest
1480 2483 1599 2555 aliquam
1621 2483 1719 2554 dijudi-

62 2570 213 2641 syonodum
239 2571 325 2639 (Leo,
361 2586 406 2642 cp.
446 2573 480 2624 53
512 2571 547 2625 cd
577 2569 720 2639 flautei),
744 2577 771 2623 et
792 2570 864 2639 apud
916 2569 997 2625 candi
1022 2570 1124 2625 habere
1148 2572 1337 2636 rationem,si
1352 2571 1417 2625 nibil
1433 2572 1467 2627 de
1484 2587 1517 2627 eo
1530 2570 1718 2627 estasanctis
1812 2576 1817 2585 '

61 2659 273 2730 imperatorem,
290 2666 371 2714 nacta
384 2658 526 2714 occasione
547 2659 581 2713 de
606 2658 778 2714 damnatione
798 2658 865 2713 Dio·
917 2658 1039 2712 Patribus
1055 2659 1124 2728 apud
1141 2659 1260 2714 Nicaeam
1275 2657 1427 2712 diffinitum.
1441 2659 1511 2714 Nam
1526 2658 1599 2731 quod
1613 2659 1648 2713 ab
1661 2658 1718 2716 illo·

63 2748 130 2802 seori
171 2747 302 2803 secundae
334 2747 408 2802 sedis
435 2746 626 2802 Alexandrinae
651 2746 790 2816 episcopi,
816 2747 866 2801 bac
917 2762 977 2800 rum
993 2745 1095 2817 regulis
1110 2754 1136 2799 et
1152 2747 1341 2801 constitutione
1352 2747 1498 2813 discordat,
1508 2747 1665 2818 apostolicae
1675 2763 1719 2803 se·

62 2835 224 2902 calliditate,
242 2835 372 2906 quoniam
386 2850 464 2891 meus
480 2835 607 2906 potentiae
621 2835 699 2889 avida
714 2850 763 2888 nee
779 2834 865 2888 absti-
917 2833 959 2887 dis
974 2848 1112 2905 nunquam
1123 2834 1351 2904 poteritobtinere
1361 2852 1534 2891 consensum.
1549 2857 1560 2885 n
1574 2836 1607 2891 Et
1616 2834 1651 2890 ad
1659 2835 1720 2891 Pul·

63 2932 106 2978 net
119 2924 223 2989 vetitis,
240 2938 292 2979 nec
306 2923 407 2995 gaudet
420 2923 569 2987 concessis,
578 2932 605 2977 ut
616 2923 679 2994 qnia
696 2923 722 2976 in
737 2923 867 2977 constan·
917 2922 1038 2977 cheriem
1048 2926 1199 2994 Augustam
1212 2940 1218 2976 :
1233 2923 1357 2987 «Frater,
1368 2924 1454 2994 inquit
1463 2925 1558 2996 (epist.
1569 2927 1624 2994 58),
1637 2931 1663 2978 et
1673 2938 1720 2979 co·

64 3011 244 3082 tinopolitana
258 3027 300 3076 cu,
317 3011 505 3082 episcoporum
521 3011 625 3082 synodo
640 3011 785 3065 Nectarins
800 3010 868 3064 obti-
918 3010 1062 3080 episcopus
1077 3027 1154 3065 meus
1169 3011 1318 3073 anatolius,
1334 3028 1432 3082 parum
1442 3012 1621 3068 considerans
1636 3026 1720 3083 quen·

64 3108 158 3155 uuerat
181 3107 316 3172 quatenus
335 3098 582 3169 Constantinopolis
602 3098 712 3168 praelata
736 3071 985 3162 secundanorum,
1009 3098 1115 3168 pictatis
1140 3108 1238 3154 vestrae
1262 3098 1414 3166 beneficio,
1434 3107 1461 3154 et
1484 3100 1538 3155 mei
1554 3098 1656 3155 latoris
1671 3114 1720 3154 as-

64 3197 89 3241 ct
102 3188 191 3244 rente
206 3187 291 3252 sedis,
308 3195 369 3258 post
384 3188 536 3243 Romanurn
550 3185 704 3257 pontitieem
721 3187 868 3256 primatum
919 3202 1011 3250 sensu,
1023 3187 1653 3258 ConstantinopolitanaeEcclesiaesacerdotium
1664 3186 1720 3243 iue-

64 3276 187 3341 baberet,
204 3275 277 3330 istud
291 3274 437 3346 capitulum
461 3275 522 3330 aliis
546 3275 709 3329 necessariis
725 3275 868 3346 interposi·
919 3275 952 3328 rit
969 3283 1140 3340 consecutus,
1152 3283 1269 3330 nontam
1280 3276 1314 3330 de
1325 3275 1431 3346 adeptis
1445 3276 1579 3344 gravisus,
1591 3274 1719 3347 quamde

64 3371 116 3419 nrm
133 3364 170 3419 de
185 3363 369 3435 appellatione
384 3363 575 3435 episcoporum
599 3372 626 3418 et
648 3362 810 3418 clericorum
834 3363 869 3418 ad
919 3362 1071 3417 immodicis
1087 3363 1246 3433 appetendis
1262 3379 1343 3433 supra
1364 3377 1520 3417 mensuram
1544 3361 1586 3416 sui
1605 3363 1717 3418 honoris

64 3453 156 3508 sedern
174 3452 261 3523 regiae
275 3452 350 3506 urbia
364 3451 666 3522 Constantinopolitanae
676 3451 746 3506 toret
758 3469 764 3505 :
777 3459 870 3522 quate·
920 3466 1051 3505 accensus
1066 3458 1116 3519 est,
1134 3450 1250 3504 credens
1266 3450 1329 3505 huic
1341 3458 1397 3505 tam
1410 3449 1602 3522 intemperanti
1617 3449 1719 3521 eupidi-

63 3557 111 3596 nus
125 3540 352 3599 constitutionem
367 3540 539 3595 Sardicensis
554 3540 663 3595 concilii
688 3540 722 3594 de
744 3539 867 3609 appella·
920 3538 966 3592 tati
981 3553 1061 3608 posse
1076 3539 1217 3607 prodesse.
1234 3538 1307 3609 quod
1321 3538 1346 3592 ei
1361 3538 1538 3610 quorumdam
1554 3553 1718 3594 consensum

63 3631 134 3687 tione
149 3630 317 3686 clericorum
330 3629 402 3700 apud
416 3627 545 3684 finitimos
560 3629 716 3698 episcopos,
734 3636 760 3682 et
773 3627 869 3698 appel·
921 3643 998 3680 suum
1013 3627 1163 3695 praebuisse
1193 3626 1288 3681 dicitur
1317 3635 1422 3681 extorta
1447 3626 1630 3697 subscriptio;
1656 3643 1718 3685 cunt

63 3717 192 3775 lationem
202 3717 395 3789 episcoporum
407 3716 442 3772 de
452 3716 588 3789 regionali
602 3717 718 3772 concilio
729 3716 764 3771 ad
777 3717 871 3771 sedem
921 3722 1009 3768 tamen
1025 3714 1195 3768 destruendis
1214 3730 1276 3769 mox
1299 3715 1440 3771 conatibus
1461 3715 1638 3771 contradictio
1662 3713 1718 3770 lra-

64 3807 253 3877 apostolicam,
268 3806 357 3862 eidem
374 3805 530 3877 apostolicae
546 3805 603 3860 sedi
618 3805 763 3875 abriperet,
782 3805 870 3874 etsibj
921 3811 991 3857 trum
1028 3803 1307 3874 coepiscoporumque
1343 3819 1485 3869 meorum,
1515 3803 1603 3859 vicem
1630 3818 1718 3859 meam

65 3895 162 3951 acnbi
176 3893 281 3950 laceret
297 3910 304 3948 :
321 3909 392 3966 quo,
410 3893 479 3949 sicut
502 3910 564 3947 mox
586 3894 699 3956 claruit,
727 3893 871 3964 primatum
922 3891 1068 3963 agentium.
1082 3889 1197 3945 fideliter
1207 3899 1233 3946 et
1244 3892 1416 3947 laudabiliter
1430 3893 1573 3959 obviaret,·
1589 3891 1719 3964 quoniam

66 3982 312 4055 sedisapostolicae
335 3981 449 4037 liberius
470 3989 566 4036 contra
591 3998 682 4037 sacros
706 3997 826 4037 canones
846 3993 872 4038 et
922 3989 1016 4035 contra
1032 3987 1128 4033 statuta
1144 3996 1278 4034 canonum
1299 3989 1491 4051 paternorum,
1509 3996 1570 4052 quae
1584 3987 1645 4035 ante
1660 3979 1720 4034 lon·

67 4072 204 4144 antiquam
218 4068 445 4125 consuetudinem
468 4078 632 4141 usurparet,
657 4079 683 4125 ct
708 4069 872 4124 universalis
923 4068 1042 4139 gissimae
1066 4068 1151 4122 aciatis
1175 4084 1261 4121 annos
1282 4068 1310 4121 in
1332 4069 1397 4123 urbe
1419 4069 1529 4124 Nicarna
1553 4066 1719 4138 spiritalibus

69 4159 249 4230 appellaretur
262 4165 290 4212 et
303 4165 386 4212 esset.
398 4158 476 4213 Unde
492 4166 602 4213 sanctus
619 4159 682 4218 Leo,
695 4157 729 4212 de
745 4158 786 4211 bis
800 4157 872 4228 apud
922 4164 983 4209 sunt
996 4154 1104 4209 lundata
1115 4156 1242 4220 decretis,
1254 4155 1320 4209 nibil
1331 4157 1457 4227 cuiquam
1471 4156 1572 4211 audere
1588 4154 1718 4211 concedi·

70 4245 226 4317 synodalem
241 4254 406 4301 conventum
421 4245 539 4300 obtentis
553 4246 589 4300 ad
604 4245 747 4299 llaximnm
774 4245 872 4299 Antio·
922 4251 965 4296 tur
977 4260 983 4296 :
996 4244 1031 4297 ita
1047 4251 1072 4296 ut
1089 4245 1111 4297 si
1126 4244 1187 4314 quis
1202 4243 1340 4297 diversum
1355 4243 1454 4314 aliquid
1470 4243 1619 4299 decernere
1643 4242 1717 4309 velit,

72 4333 182 4388 ebenum
196 4333 355 4404 episcopum
369 4331 492 4388 scribens
507 4332 571 4386 dicit
582 4333 676 4404 (epist.
690 4335 723 4385 65
727 4350 735 4399 y
748 4348 753 4385 :
770 4333 872 4386 «Nunc
923 4347 952 4385 sc
968 4332 1057 4401 potius
1071 4333 1191 4399 minuat,
1218 4347 1297 4401 quam
1322 4331 1369 4384 illa
1388 4339 1551 4400 corrumpat.
1569 4329 1636 4398 Quae
1651 4329 1673 4384 si
1689 4337 1718 4384 ut

73 4426 154 4475 autem
177 4421 214 4476 ad
236 4420 329 4476 omnia
352 4421 520 4492 generaliter
545 4421 722 4490 pronuntiare
747 4419 869 4486 sufficiat,
885 4422 1026 4490 Doportet
1041 4436 1057 4473 a
1071 4421 1175 4474 cunctis
1189 4418 1363 4489 pontificibus
1382 4419 1540 4473 intemerata
1562 4425 1716 4486 serventur,

76 4510 137 4577 quod
153 4509 176 4563 si
192 4508 259 4580 quid
273 4524 290 4563 a
304 4523 441 4579 quoquam
456 4515 551 4562 eontra
575 4515 672 4562 statuta
695 4508 866 4562 Nictnnorum
920 4524 970 4578 per
985 4509 1126 4562 uniuersas
1143 4506 1277 4561 licclesias
1292 4506 1438 4578 tranquilla
1452 4507 1503 4560 erit
1517 4521 1568 4576 pax
1592 4512 1618 4559 et
1640 4503 1717 4558 firma

76 4608 201 4652 canonum
216 4596 243 4649 in
258 4610 421 4668 quacunque
437 4596 541 4667 synodo
556 4596 599 4650 rel
616 4604 745 4649 tentatum
759 4604 809 4659 est,
826 4595 869 4649 tel
920 4595 1076 4654 concordia,
1093 4595 1174 4649 nullae
1188 4595 1222 4648 de
1237 4610 1365 4650 mensura
1375 4595 1508 4650 honorum
1519 4593 1714 4659 dissensiones,

78 4683 103 4735 ad
114 4694 221 4755 tempus
235 4683 344 4738 ridetur
357 4691 510 4745 extortum,
527 4683 594 4736 nibil
609 4682 757 4753 praeyudicii
782 4691 870 4753 potest
921 4684 1001 4737 nulla
1016 4683 1049 4737 de
1064 4683 1280 4737 ordinationibus
1305 4682 1380 4746 lites,
1405 4682 1485 4737 nullae
1509 4681 1543 4736 de
1564 4680 1716 4753 privilegiis

79 4768 265 4827 inviolabilibus
281 4770 383 4826 inferre
406 4771 541 4837 decretis,
565 4778 590 4825 et
615 4771 720 4826 lucilius
735 4770 784 4825 erit
799 4787 869 4841 qua·
921 4772 1128 4841 ambiguitates,
1145 4771 1218 4825 nulla
1233 4779 1310 4825 erunt
1324 4770 1358 4825 de
1373 4769 1454 4825 alieni
1467 4769 1643 4840 usurpatione
1658 4784 1717 4824 cer·

82 4861 190 4915 rumlibet
203 4860 416 4915 consensionum
432 4867 513 4930 pacta
529 4858 659 4923 dissolri,
676 4875 757 4930 quam
772 4859 869 4929 praedi-
921 4862 1019 4914 lamina
1032 4877 1038 4913 :
1050 4862 1097 4913 secl
1112 4875 1191 4930 ecquo
1203 4861 1264 4929 juro
1279 4859 1417 4914 charitatis
1433 4857 1603 4912 rationabilis
1618 4866 1645 4913 et
1658 4871 1718 4914 mo-

84 4955 171 5003 ttomm
193 4964 330 5004 canonum
354 4947 464 5018 regulas
488 4963 520 5003 ex
544 4947 598 5002 ulla
622 4956 698 5017 parte
719 4947 867 5017 corrumpi.
920 4965 978 5003 rum
995 4948 1200 5018 osticiorumquc
1215 4948 1282 5003 ordo
1297 4947 1457 5008 servabitur,
1475 4954 1501 5001 et
1515 4945 1561 5002 illc
1581 4963 1646 5001 tere
1670 4946 1720 5001 erit

85 5031 242 5107 subripiendi
259 5035 339 5090 enim·
347 5036 507 5091 occasiones
523 5051 575 5090 non
592 5035 770 5105 praetermittit
784 5035 869 5089 ambi·
919 5053 1045 5109 magnus,
1058 5038 1102 5107 qui
1118 5037 1197 5091 luerit
1211 5035 1291 5090 totius
1306 5033 1460 5087 ambitionis
1474 5033 1594 5100 alienus,
1611 5034 1718 5090 dicente

84 5120 118 5183 tio,
133 5133 157 5178 et
181 5124 290 5196 quoties
313 5123 348 5178 ob
373 5124 583 5179 intercurrentes
607 5139 705 5178 causas
730 5123 869 5195 generalis
921 5126 1037 5180 llontino
1053 5144 1059 5179 :
1077 5125 1236 5194 Quicunque
1251 5120 1364 5177 voluerit
1386 5122 1456 5177 inter
1478 5137 1527 5177 vos
1546 5123 1632 5191 major
1646 5121 1717 5189 fiori,

85 5213 248 5284 tonmegmio
264 5210 335 5267 facta
349 5210 431 5266 fuerit
446 5212 618 5267 secerdotum
633 5254 638 5276 ,
655 5210 764 5266 difficile
779 5219 819 5265 cst
842 5221 870 5265 ut
921 5214 1058 5268 silvester
1074 5213 1204 5266 minister.
1222 5213 1255 5265 Et
1269 5210 1425 5282 quicunque
1444 5211 1560 5266 voluerit
1578 5211 1648 5264 inter
1669 5224 1720 5266 vos

83 5300 200 5369 cupiditas
221 5300 411 5371 improborum
425 5315 480 5355 non
497 5299 598 5370 aliquid
614 5315 696 5369 supra
712 5315 868 5353 mensuram
920 5304 1024 5373 primus
1046 5319 1117 5366 esse,
1134 5301 1185 5353 erit
1199 5307 1290 5354 vester
1304 5315 1410 5366 servus,
1429 5299 1497 5353 sicut
1512 5296 1584 5353 filius
1599 5297 1717 5354 hominia

84 5387 192 5445 moliatur
217 5395 360 5460 appetere.
377 5388 452 5445 sicut
467 5387 738 5457 etiamdellpbesina
752 5388 868 5458 synodo,
920 5406 974 5444 non
996 5389 1068 5444 venit
1091 5388 1257 5453 ministrari,
1281 5389 1330 5442 sed
1352 5387 1504 5442 ministrare
1526 5387 1637 5458 (datto.
1654 5386 1717 5456 xx).

82 5497 129 5554 tta
140 5486 255 5559 impium
269 5485 426 5541 Nestorium
441 5501 503 5540 curn
516 5485 645 5555 dogmate
670 5500 718 5539 suo
742 5485 868 5555 perculit·
920 5488 953 5541 Et
967 5495 1057 5542 tamen
1073 5488 1130 5541 baec
1140 5485 1193 5540 illis
1205 5493 1269 5541 tunc
1278 5485 1497 5553 insinuabantur,
1509 5483 1556 5556 qui
1573 5484 1608 5541 de
1621 5483 1721 5556 pusillo
