3794 6104
179 228 214 287 ’8
680 233 851 291 eluebant
870 228 1071 289 attestantis
1091 228 1365 286 ancfltnrtscort.
1799 230 1832 284 ct

184 361 257 418 olum
272 360 429 432 promeruit.
442 358 476 416 Et
492 358 595 417 nullum
610 359 800 415 documentum
826 358 1024 419 canonicumA
1038 372 1100 411 esse
1111 356 1167 424 jam
1182 370 1236 409 non
1251 361 1340 425 potest
1357 368 1364 408 t
1380 365 1520 425 nunquam
1533 352 1617 426 igitur
1637 353 1701 409 talis
1723 366 1835 426 pertut-

185 448 220 505 de
232 464 280 504 sua
290 449 460 505 restitutione
476 449 519 504 vel
534 464 550 504 a
564 449 629 503 sede
640 447 789 518 apostolica
805 446 984 513 absolutione,
1036 446 1126 499 nendo
1143 444 1289 499 solvendus
1299 451 1352 497 est.

187 537 257 595 siem
279 537 439 610 praecipiunt
462 539 574 610 regulae,
600 536 627 591 in
659 537 712 590 vita
744 552 793 589 sua
811 536 915 605 syuodo
939 535 987 589 ulli
1073 534 1112 587 De
1137 533 1235 587 dilecto
1259 540 1349 586 autem
1372 531 1455 586 fratre
1473 539 1567 585 nostro
1589 529 1707 588 vulfado
1732 533 1838 603 eteius

187 625 316 682 ostendit.
332 624 384 696 Qui
395 627 453 681 sine
468 625 621 682 documenti
648 623 810 688 testimonio,
827 624 871 677 vel
892 623 987 677 litteris
1038 622 1161 693 collegis,
1185 622 1219 676 de
1242 621 1346 691 quibus·
1363 621 1433 675 mibi
1456 636 1560 674 summa
1577 619 1720 691 dignitatis
1740 631 1838 680 vestre

189 715 287 770 desua
303 715 484 779 restitutione,
501 713 617 768 utFelix
643 729 712 784 papa
738 713 867 779 decrevit,
903 711 988 766 mini·
1039 711 1187 766 auctoritas
1221 709 1354 782 quaesibi
1388 709 1487 779 placuit
1517 709 1635 779 scripsit,
1668 709 1737 764 nihil
1764 711 1837 766 aliud

187 810 275 859 strare
290 803 334 859 vel
348 802 433 873 recipi
446 803 474 856 in
488 801 640 857 ministerio
656 817 734 856 sacro
751 817 805 855 nou
820 800 942 866 debuit,a
958 816 988 855 se
1039 799 1173 854 sanctitati
1188 807 1285 853 vestre.
1299 798 1420 852 scribere
1435 797 1605 867 praesumpsi,
1622 797 1675 852 nisi
1691 801 1766 869 quod
1794 800 1837 854 in-

189 898 217 948 et
231 908 247 946 a
261 891 438 963 plurimarum
453 890 656 963 provinciarum
681 890 897 960 metropolitanis
926 905 988 944 curn
1039 888 1210 958 crepationes
1224 896 1331 942 vestras
1352 902 1407 942 non
1428 886 1599 958 negligenter
1621 887 1671 941 sed
1691 887 1838 961 diligenter

189 980 246 1035 suis
261 979 431 1051 coepiscopis
454 977 481 1033 in
502 978 604 1047 judicio
628 994 758 1049 praesens,
785 985 811 1031 et
836 977 870 1032 ad
895 978 989 1031 sedem
1040 977 1168 1047 suscipio,
1200 984 1225 1031 et
1250 975 1448 1046 praeceptiones
1480 974 1641 1029 obedienter
1661 975 1797 1042 obaudio;
1812 987 1838 1033 et

187 1067 364 1139 apostolicam
387 1083 443 1122 non
462 1067 624 1135 reclamans,
645 1074 829 1122 consonanter
850 1067 987 1121 exclusus.
1040 1066 1106 1137 quia
1131 1066 1184 1120 illis
1209 1063 1334 1119 sulficere
1366 1064 1448 1118 debet
1484 1063 1644 1134 prestabilis
1669 1055 1838 1121 auctoritatis

188 1154 306 1213 llaxirue
325 1156 391 1228 quia
413 1171 463 1228 per
479 1163 519 1211 tot
535 1171 632 1220 annos,
655 1155 736 1210 etiam
765 1163 826 1226 post
849 1164 990 1225 acceptam
1040 1162 1136 1209 svestra
1158 1152 1321 1223 benignitas,
1347 1159 1373 1205 et
1396 1152 1462 1205 mibi
1487 1152 1655 1223 abundqpter
1677 1151 1804 1217 sufficiet,
1817 1155 1838 1209 si

189 1244 351 1301 senteutiam
375 1260 391 1300 a
419 1244 485 1300 sede
519 1243 683 1314 apostolica,
707 1243 889 1298 innocentiam
914 1260 990 1297 suam
1041 1242 1253 1297 satisfactionem
1268 1240 1424 1294 humilitatis
1439 1257 1507 1295 meae
1521 1240 1712 1310 suscipientes,
1723 1243 1836 1300 credere

190 1348 246 1389 non
261 1333 389 1402 asseruit,
406 1347 489 1405 quam
504 1332 694 1387 demonstrare
709 1349 763 1386 non
780 1333 863 1403 potuit
876 1351 883 1400 ;
900 1332 948 1386 sed
964 1339 991 1386 ct
1040 1331 1144 1403 dignati
1159 1330 1265 1384 fueritis
1279 1345 1323 1383 me
1337 1329 1416 1383 vobis
1431 1328 1588 1399 simpliciter
1598 1329 1754 1399 scripsisse.
1769 1333 1838 1387 Nam

190 1421 256 1494 quia
270 1429 333 1477 ante
347 1422 503 1494 regularem
518 1420 694 1490 audientiam,
711 1421 755 1475 vel
768 1429 830 1475 ante
854 1421 990 1491 prolatam
1041 1419 1189 1474 secundum
1205 1419 1387 1472 ordinatorum
1402 1433 1524 1471 meonim
1548 1418 1771 1488 praeceptionem,
1794 1421 1838 1491 qui

190 1516 218 1566 et
241 1508 431 1565 confirmatam
454 1517 534 1582 atque
555 1517 692 1564 ostensam
715 1525 731 1563 a
756 1510 820 1564 sede
843 1508 990 1579 apostolica
1040 1507 1106 1561 mibi
1120 1507 1235 1561 necdum
1251 1507 1357 1561 duobus
1372 1506 1472 1560 exactis
1488 1504 1628 1559 mensibus
1647 1513 1709 1576 post
1725 1508 1837 1564 ordina-

194 1612 272 1653 suam
287 1599 495 1666 restitutionem,
511 1614 561 1669 per
575 1598 692 1653 edictum
707 1598 849 1668 imperiale
871 1585 990 1652 Lotliarii
1041 1596 1143 1650 tionem
1153 1611 1252 1657 meam,
1269 1595 1296 1649 in
1313 1594 1417 1665 synodo
1431 1593 1504 1663 apud
1520 1593 1615 1647 lleldis
1630 1594 1766 1650 civitatem
1786 1597 1835 1652 ba·

190 1685 373 1758 imperatoris,
390 1688 462 1759 quod
478 1687 620 1755 habemus,
637 1687 818 1741 ministerium
834 1686 989 1757 episcopale
1003 1717 1030 1778 Β
1043 1685 1097 1738 bita
1107 1690 1307 1753 preceperunt,
1325 1691 1437 1736 eatenus
1452 1680 1597 1754 ignoranti,
1614 1682 1687 1753 quod
1703 1685 1764 1739 Ebo
1778 1695 1835 1756 post

191 1775 374 1848 praesumpsit,
391 1776 474 1848 quod,
492 1784 520 1830 ut
536 1775 663 1830 Gelasius
682 1775 710 1828 in
728 1775 850 1845 epistolis
875 1775 931 1828 suis
954 1775 989 1829 de
1041 1772 1238 1842 depositionem
1263 1788 1338 1826 suam
1362 1771 1468 1841 aliquos
1490 1769 1518 1823 in
1544 1771 1691 1825 llbemensi
1714 1773 1835 1829 Ecclesia

135 1923 141 1935 ‚
191 1864 285 1921 Aeacii
304 1865 479 1920 damnatione
509 1864 637 1931 ostendit,
662 1863 882 1918 manifestissime
904 1863 990 1918 saeris
1039 1861 1215 1937 ordinaverit,
1232 1869 1258 1914 ut
1279 1860 1319 1915 eis
1341 1875 1447 1915 mecum
1469 1859 1613 1928 usquead
1636 1859 1835 1933 diligentiorem

191 1952 398 2009 estcanonibus
422 1953 571 2021 inimicum,
607 1953 696 2025 qualia
725 1960 751 2007 et
771 1961 869 2024 quanta
888 1952 991 2022 judicia
1040 1956 1184 2003 tractatum
1197 1949 1354 2003 ministrare
1369 1963 1424 2001 non
1441 1946 1636 2016 permitterem,
1655 1948 1712 2020 egi.
1737 1950 1771 2004 Et
1790 1952 1837 2006 boc

189 2039 334 2099 incurrerit
346 2040 443 2097 melius
451 2041 504 2113 ipsi
520 2042 605 2097 scitis.
623 2043 694 2096 Nam
709 2049 736 2096 et
753 2041 786 2107 si,
813 2049 841 2095 ut
861 2041 989 2112 praelixi-
1039 2038 1130 2108 ipsum
1147 2038 1252 2092 eisdem
1271 2037 1411 2100 fratribus,
1432 2035 1597 2089 decernente
1628 2036 1836 2110 Carthaginensi

188 2145 261 2196 mus,
277 2130 403 2203 exigente
422 2131 586 2201 imperatore
602 2131 740 2195 Lethaeis,
757 2130 854 2184 asecle
877 2137 990 2199 aposto·
1040 2126 1155 2181 coneilio
1166 2134 1195 2180 ut
1209 2126 1339 2181 ordinatis
1355 2123 1491 2196 episcopis
1515 2123 1557 2176 vel
1583 2123 1690 2180 clericis
1714 2127 1792 2197 prius
1806 2128 1835 2182 ab

188 2214 240 2275 lica
255 2218 353 2274 litteras
367 2219 459 2274 missae
473 2217 582 2273 fuerunt
594 2234 646 2289 pro
662 2219 767 2288 synodo
792 2234 824 2272 ex
840 2220 891 2272 hac
907 2233 991 2272 carisa
1039 2215 1240 2269 ordinatoribus
1257 2216 1313 2268 suis
1332 2214 1430 2285 placita
1452 2210 1630 2267 conciliorum
1654 2215 1768 2272 auribus
1790 2232 1835 2272 eo-

190 2306 394 2380 congreganda,
406 2322 467 2362 curn
482 2307 589 2379 legatus
604 2306 690 2376 ipsius
706 2306 779 2360 sedis
793 2306 820 2358 in
835 2306 885 2359 has
900 2313 990 2376 partes
1040 2319 1099 2357 rum
1115 2303 1293 2365 inculcentur,
1311 2319 1344 2357 ne
1358 2320 1387 2358 se
1408 2305 1510 2378 aliquid
1533 2310 1628 2358 contra
1652 2311 1752 2360 statuta
1775 2320 1836 2361 con·

191 2392 307 2461 veniret,
324 2400 414 2450 tamen
429 2394 499 2450 sicut
519 2395 553 2448 ad
577 2394 680 2448 nullam
703 2395 846 2465 spnodum,
870 2395 918 2447 sed
940 2410 990 2448 nec
1040 2391 1095 2447 eilii
1109 2391 1208 2446 fecisse
1219 2392 1375 2462 peniteant,
1392 2410 1441 2464 per
1455 2395 1603 2450 Pardulum
1619 2400 1681 2448 tunc
1696 2394 1836 2450 diaconum

191 2479 228 2540 od
250 2497 310 2539 mm
336 2499 419 2556 quam
450 2482 621 2538 Guntboldus
649 2483 805 2537 auctoritate
841 2482 990 2537 litterarum
1040 2480 1171 2538 Ecclesiae
1186 2481 1347 2536 Rbemensis
1363 2482 1409 2552 qui
1433 2482 1553 2538 interfuit
1568 2484 1673 2556 synodo
1687 2484 1836 2540 mandave-

190 2568 284 2627 domni
298 2571 388 2642 Sergii
403 2571 679 2644 papaecongregarit,
697 2570 784 2625 isdem
801 2571 860 2625 libo
888 2587 989 2626 conve·
1040 2577 1113 2624 runt.
1137 2571 1271 2638 Quoniam
1303 2586 1423 2626 canones
1452 2573 1620 2642 posteriores
1654 2572 1836 2627 anterioribus

191 2659 232 2716 nit
247 2677 255 2718 ι
271 2658 308 2715 ita
321 2676 372 2716 nec
386 2660 486 2715 missus
500 2676 516 2714 a
531 2661 596 2715 sede
611 2659 762 2730 apostolica
779 2676 828 2730 pro
844 2660 990 2729 synodoex
1037 2659 1133 2728 jubent
1148 2659 1266 2724 deferre,
1284 2667 1344 2729 post
1359 2660 1491 2730 synodum
1512 2661 1584 2732 apud
1608 2660 1772 2716 Suessiones
1788 2662 1837 2716 ba-

190 2746 244 2806 hoc
258 2749 453 2823 congreganda
470 2749 497 2803 iu
512 2748 579 2804 istas
602 2757 693 2820 partes
717 2749 835 2815 advenit,
859 2748 940 2803 veluti
965 2756 991 2803 et
1041 2748 1134 2814 bitom,
1152 2765 1213 2804 curn
1228 2764 1322 2803 eorum
1337 2748 1443 2820 litteris,
1460 2765 1574 2820 quarum
1590 2750 1730 2820 exemplar
1757 2750 1839 2805 babe-

190 2836 305 2908 epistola
318 2837 405 2907 ipsius
419 2837 600 2908 imperatoris,
620 2840 726 2893 necnon
751 2845 778 2892 et
801 2837 990 2907 episcoporum
1041 2854 1111 2904 mus,
1136 2846 1162 2891 et
1189 2853 1258 2908 quas
1283 2837 1310 2890 in
1337 2836 1461 2892 Romano
1492 2839 1591 2894 scrinio
1616 2838 1734 2893 inveniri
1759 2853 1840 2909 posse
1865 2877 1868 2881 .

191 2923 319 2999 Belgicae,
336 2924 441 2993 Galliae,
458 2925 591 2981 Naustriae
615 2933 642 2980 et
663 2925 816 2996 Aquitaniae
837 2925 991 2996 provincia-
1041 2926 1176 2991 existimo,
1190 2941 1250 2980 eum
1260 2926 1329 2979 meis
1344 2941 1395 2996 pro
1417 2942 1513 2980 eorum
1538 2926 1668 2998 petitione
1690 2926 1799 2991 litteris,
1815 2934 1841 2982 et

191 3026 253 3069 rum
268 3010 391 3085 epistola,
401 3028 463 3069 cum
477 3013 574 3069 litteris
584 3013 677 3068 domni
692 3013 763 3085 regis
779 3014 881 3078 Caroli,
892 3022 992 3069 sanctae
1041 3029 1103 3069 cum
1124 3014 1184 3068 aliis
1202 3014 1356 3084 petionibus
1385 3014 1463 3080 meis,
1488 3016 1523 3069 ad
1544 3015 1638 3070 sedem
1661 3015 1841 3085 apostolicam

191 3101 332 3158 memoriae
347 3101 431 3157 Leoni
444 3117 523 3174 papae
537 3103 658 3168 directa,
676 3117 743 3173 quas
764 3103 791 3156 in
815 3103 913 3157 scrinio
934 3104 990 3158 llo-
1006 3075 1143 3158 Cdomno
1157 3119 1235 3173 papae
1251 3103 1334 3156 Leoni
1349 3118 1397 3172 pro
1421 3102 1614 3158 confirmandis
1636 3117 1733 3158 eorum
1756 3103 1841 3175 gestis

190 3204 272 3246 mano
287 3189 423 3246 credimus
438 3190 551 3258 servari,
576 3190 772 3245 demonstrant.
790 3189 889 3262 Sicque
905 3207 991 3261 sape·
1020 3207 1076 3257 ,ex
1091 3190 1195 3246 eisdem
1209 3190 1338 3245 fratribus
1358 3192 1392 3245 ad
1415 3192 1548 3263 synodum
1570 3207 1624 3246 non
1644 3191 1754 3256 coactis,
1780 3207 1840 3263 qua

192 3276 280 3336 dictus
293 3279 363 3346 Ebo,
378 3280 482 3351 absque
495 3278 552 3334 ulla
566 3279 725 3351 repetitione
740 3279 784 3333 vel
800 3279 990 3334 reclamatione

191 3372 247 3423 sbae
255 3367 329 3423 sedis
337 3367 409 3439 apud
415 3383 607 3440 quamcunque
615 3368 807 3439 synodum,vel
816 3368 887 3438 apud
898 3369 991 3422 sedern

191 3456 399 3529 apostolicam,a
414 3472 468 3529 qua
482 3454 570 3512 fuerat
585 3456 726 3512 decretum
745 3465 775 3511 ut
798 3472 848 3512 nec
870 3473 992 3512 eommu-

127 3596 129 3602 ,
191 3544 384 3602 nioncmintcr
397 3545 512 3602 clericos
527 3546 688 3616 susciperet,
703 3554 765 3617 post
781 3546 861 3600 datas
885 3546 992 3601 litteras

192 3648 269 3706 papae
285 3633 375 3705 Sergii
389 3651 438 3705 pro
453 3634 558 3706 syuodo
573 3651 606 3689 ex
620 3636 672 3690 hae
688 3649 772 3690 causa
786 3635 990 3706 congreganda,

192 3737 255 3778 cum
269 3722 369 3778 missos
384 3737 449 3778 suos
470 3722 498 3776 in
518 3722 584 3776 istas
603 3729 695 3792 partes
717 3721 857 3791 dirigeret,
884 3729 910 3776 et
930 3730 993 3792 post

193 3809 329 3882 synodum
342 3810 500 3864 auctoritate
512 3809 664 3863 litteramm
685 3808 769 3879 ipsius
785 3818 990 3882 congregatam,

194 3902 381 3969 quovocatus,
395 3904 426 3951 ut
438 3895 622 3968 praediximus,
640 3913 694 3951 non
710 3896 847 3964 convenit,
863 3898 992 3968 usquead

194 3983 298 4040 obitum
323 3999 404 4040 suum
426 3984 584 4056 permansit.
608 3984 750 4050 Videlicet,
776 3986 846 4041 sicut
867 3985 992 4056 superius

192 4080 351 4130 memoratae
366 4071 462 4128 littere
485 4073 654 4129 auctoritatis
677 4082 774 4129 vestrae
795 4073 991 4143 demonstrant,

192 4160 284 4218 talisa
299 4161 365 4216 sede
381 4160 533 4233 apostolica
542 4169 569 4216 et
584 4176 656 4233 papa
671 4162 768 4233 Sergio
778 4163 894 4231 babitus,
907 4162 992 4234 qualis

193 4249 229 4305 ab
241 4248 302 4305 aliis
316 4265 371 4304 non
385 4249 563 4323 ignorabatur
574 4250 681 4317 haberi,
697 4250 786 4315 idest,
803 4258 831 4304 ut
840 4250 926 4305 codex
936 4250 993 4320 epi-

195 4337 313 4411 scopalis
328 4338 456 4409 ostendit,
471 4353 522 4410 pro
536 4338 695 4394 criminibus
710 4340 767 4394 suis
782 4340 884 4394 bonore
903 4338 993 4409 priua-

1042 3296 1096 3334 non
1113 3279 1219 3350 scripsi,
1236 3296 1285 3333 nec
1300 3279 1340 3333 eis
1360 3279 1519 3351 subscripsi,
1546 3281 1615 3336 sicut
1635 3287 1663 3335 et
1683 3280 1711 3335 in
1736 3280 1841 3351 synodo

1043 3378 1134 3424 restra
1149 3368 1308 3423 auctoritate
1323 3369 1436 3423 collecta
1454 3369 1570 3435 ostendi,
1585 3384 1628 3423 me
1636 3369 1772 3424 direxisse
1787 3384 1841 3425 non

1043 3459 1160 3529 denego.
1176 3459 1207 3512 ln
1222 3457 1320 3529 quibus
1335 3457 1420 3528 gestis
1431 3473 1522 3513 reram
1537 3457 1711 3528 praefatorum
1728 3457 1840 3513 fratrum

1042 3547 1264 3620 prosecutionem
1274 3547 1420 3602 adversum
1446 3536 1621 3602 me'silentio
1644 3561 1700 3601 non
1723 3545 1838 3603 firmavi.

1042 3637 1120 3691 Unde
1137 3652 1170 3690 ex
1199 3635 1334 3690 communi
1370 3651 1515 3701 consensu,
1541 3637 1691 3691 secundum
1720 3650 1840 3692 canones

1043 3725 1110 3779 sicut
1131 3739 1179 3778 eos
1202 3723 1392 3791 intelleximus,
1414 3724 1520 3794 judices
1541 3723 1699 3795 postulavi;
1726 3739 1841 3796 quorum

1044 3812 1204 3867 sententiam
1228 3813 1395 3883 sequendam
1416 3813 1471 3868 vidi
1494 3828 1636 3884 usquequo
1657 3813 1767 3882 majoris
1790 3829 1841 3868 au-

1043 3900 1175 3956 ctoritatis
1191 3901 1268 3954 aliter
1282 3901 1379 3955 exinde
1395 3901 1582 3957 diffinitionem
1604 3901 1770 3971 acciperem.
1785 3902 1840 3958 Re·

1044 3998 1120 4059 cepta
1133 3997 1223 4044 autem
1236 3990 1328 4044 domni
1338 4006 1415 4060 papan
1429 3990 1527 4044 leonis
1538 3990 1713 4059 excusatoria,
1725 3990 1841 4061 epistola

1044 4094 1093 4134 cur
1115 4079 1212 4134 eadem
1231 4087 1308 4149 gesta
1339 4095 1393 4133 non
1416 4077 1624 4146 confirmaverit,
1649 4079 1744 4133 dicens
1769 4078 1841 4134 inter

1044 4175 1150 4229 caetera,
1170 4189 1180 4216 r
1198 4183 1293 4222 causus
1306 4183 1355 4238 pro
1376 4167 1474 4239 quibus
1499 4168 1550 4223 boc
1569 4183 1656 4239 usque
1679 4167 1714 4222 ad
1734 4174 1839 4237 tempus

1044 4256 1236 4325 suspendimus
1250 4256 1376 4311 charitati
1391 4265 1489 4311 vestrae
1503 4256 1634 4310 dicemus.
1653 4255 1744 4310 Prima
1758 4255 1841 4326 igitur

1044 4344 1102 4398 irasc
1117 4351 1167 4411 est,
1185 4344 1247 4415 quia
1261 4345 1329 4399 sicut
1343 4345 1377 4398 ab
1394 4344 1529 4415 episcopis
1544 4343 1739 4415 praenominata
1753 4359 1840 4416 syno-

194 4435 249 4498 tus,
266 4436 294 4484 et
308 4428 343 4484 ab
358 4426 482 4484 Ecclesia
503 4427 607 4497 pulsus,
629 4436 656 4482 et
676 4427 748 4492 ideo,
772 4436 835 4483 ante
856 4427 1028 4499 synodalisD
1044 4434 1095 4488 dus
1108 4432 1210 4487 utiliter
1226 4433 1355 4487 ventilata
1369 4433 1427 4488 sive
1442 4433 1529 4503 sopita
1544 4441 1595 4501 est,
1618 4434 1655 4488 ita
1670 4448 1720 4503 per
1735 4432 1842 4504 aliquos

195 4516 328 4575 examinis
346 4514 555 4581 discussionem,
580 4514 615 4570 ad
637 4531 720 4587 quam
742 4516 793 4572 Dei
812 4515 914 4586 judicio
938 4530 994 4571 non

196 4606 330 4678 peruenit,
347 4607 498 4663 secundum
526 4619 620 4660 sacros
647 4604 774 4661 Nicaenos
803 4620 924 4660 canones
938 4620 993 4661 non

195 4702 333 4766 receptus.

232 4779 312 4850 Quod
331 4798 408 4857 ergo,
431 4791 462 4841 ut
482 4783 537 4840 Leo
565 4780 667 4848 scribit,
699 4796 811 4836 manens
829 4781 858 4836 in
878 4797 992 4853 corpore

196 4881 252 4926 non
279 4871 393 4941 recepit,
420 4873 551 4945 consequi
579 4878 676 4927 exutus
703 4858 790 4926 carne'
811 4871 991 4941 nonpoterit;

195 4957 266 5014 sicut
292 4965 401 5014 sanctus
420 4960 547 5017 Gelasius
561 4961 596 5016 de
612 4958 796 5024 Acaciodicit,
821 4959 868 5029 qui
887 4975 903 5014 a
927 4959 993 5015 seda

196 5045 345 5120 apostolica
357 5045 500 5103 damnatus
514 5057 541 5104 ct
555 5065 609 5105 non
623 5050 773 5113 restitutus,
798 5047 860 5103 licet
875 5051 992 5103 Anasta·

1044 4537 1076 4577 ex
1095 4521 1145 4590 eis,
1168 4529 1196 4576 ut
1220 4522 1351 4576 dubitatio
1374 4521 1444 4577 foret
1468 4518 1596 4577 radicitus
1617 4521 1720 4585 evulsa,
1743 4528 1842 4578 statuta

1043 4619 1141 4666 uestra>
1154 4610 1250 4680 synodi
1261 4611 1399 4666 destinare
1423 4603 1602 4677 debuistis3=
1627 4610 1755 4665 nesciens
1779 4611 1842 4682 quia

1043 4715 1093 4754 nos
1108 4699 1309 4769 metropolitani
1322 4699 1348 4753 in
1373 4698 1430 4753 istis
1453 4698 1612 4770 regionibus
1633 4714 1687 4752 non
1709 4698 1842 4755 habemus

1043 4796 1204 4860 potestatem
1215 4796 1242 4842 ut
1257 4788 1316 4843 sine
1332 4803 1468 4843 consensu
1487 4786 1532 4842 rel
1554 4787 1675 4857 jussione
1696 4787 1772 4859 regis
1796 4796 1844 4844 aut

1043 4877 1161 4947 nosipsi
1177 4876 1216 4931 ire
1232 4872 1278 4930 aut
1297 4876 1475 4946 coepiscopos
1492 4884 1601 4931 nostros
1621 4889 1757 4947 quoquam
1783 4875 1843 4931 lon·

1043 4965 1103 5038 gius
1117 4964 1253 5037 possimus
1268 4964 1397 5036 dirigere.
1414 4965 1554 5034 Subiunxit
1582 4973 1671 5020 autem
1685 4964 1758 5018 idem
1774 4980 1843 5035 pon·

1044 5054 1106 5109 tifex
1121 5054 1149 5109 in
1164 5053 1220 5108 suis
1233 5053 1389 5123 apostolicis
1400 5052 1494 5108 litteris
1508 5054 1603 5108 dicens
1622 5070 1629 5107 ε
1648 5074 1659 5103 a
1677 5052 1738 5107 ntia
1752 5063 1844 5110 autem

195 5135 252 5192 sius
266 5150 348 5209 papa,
369 5134 438 5190 sicut
461 5135 489 5189 in
511 5136 582 5192 libro
607 5137 753 5209 episcopali
776 5136 903 5210 legimus,
930 5152 993 5191 eum
1040 5142 1115 5213 juxta
1130 5150 1221 5197 votum
1237 5143 1318 5196 vestri
1332 5142 1460 5197 desiderii
1475 5142 1502 5196 id
1517 5158 1567 5196 nos
1581 5142 1714 5213 perlicere
1729 5141 1843 5199 minime

197 5224 320 5299 recipere
334 5222 458 5292 soluerit,
473 5224 560 5278 uitam
575 5224 670 5282 linivit.
693 5226 767 5280 Talis
777 5231 828 5291 est,
855 5225 991 5297 inquiam,

196 5312 286 5369 dictus
301 5311 390 5386 qualis
404 5312 528 5385 signatus
543 5318 585 5365 est
597 5328 734 5387 nunquam
751 5330 813 5369 esse
834 5312 991 5384 solvendus,

193 5400 255 5457 talis
269 5416 356 5474 usque
371 5400 400 5457 in
409 5399 493 5457 baem
505 5400 665 5472 permansit,
681 5402 744 5457 talis
759 5419 821 5458 esse
836 5417 890 5458 non
905 5401 991 5459 desti-

190 5496 232 5555 tit.
247 5496 288 5555 lta
301 5497 365 5555 talis
378 5505 421 5556 cst
439 5483 520 5557 bodie
535 5497 624 5569 qualis
643 5505 685 5553 est
703 5507 730 5554 et
744 5500 843 5566 dictus,
860 5516 915 5556 non
930 5501 992 5559 talis

1042 5230 1175 5301 permisit,
1192 5247 1225 5287 eo
1241 5232 1312 5302 quod
1328 5231 1409 5301 legati
1425 5231 1497 5285 sedis
1513 5230 1671 5300 apostolicas
1690 5239 1842 5300 presentes

1043 5317 1143 5373 ibidem
1158 5335 1211 5375 non
1227 5319 1345 5386 fuerunt,
1363 5335 1452 5390 neque
1472 5318 1617 5389 imperialis
1632 5318 1747 5388 epistola
1762 5319 1843 5375 nobis

1042 5405 1103 5461 talis
1126 5417 1167 5463 est
1190 5415 1362 5479 praesentata,
1390 5424 1450 5479 quae
1483 5407 1533 5462 boe
1557 5407 1634 5478 quod
1659 5408 1843 5477 expetendum

1042 5505 1154 5561 misistis
1169 5505 1323 5577 specialiter
1348 5506 1468 5562 indicare
1492 5504 1634 5575 potuisset.
1658 5503 1762 5574 Quarta
1788 5504 1844 5561 sci-
