3794 6104
51 216 98 292 tra
402 215 526 273 orusc.
558 217 605 293 ng
629 214 737 289 aetsr.
768 216 811 307 ιιι
827 214 941 287 causa
969 213 1141 285 umanum
1167 215 1324 287 caunum.

1653 226 1705 281 itii

53 316 176 412 quotidie
187 340 273 410 tepidi
295 347 321 394 et
336 347 457 397 tacentes
481 340 613 408 ridemus,
629 349 656 394 et
681 339 964 399 solertissimeAbus
979 339 1045 395 dicit
1060 342 1152 413 (epist.
1170 342 1463 413 15,udPulcbcrium)
1480 361 1515 396 :a
1548 346 1636 411 Sedis,
1665 347 1708 401 in-

50 427 237 493 attendamus,
254 427 318 499 quia
341 442 397 483 non
412 424 508 484 subicit
526 435 627 483 tantum
646 428 669 482 si
690 427 775 483 verbo
800 429 858 483 sine

49 516 125 571 bcno
133 515 263 586 exemplo
273 515 461 586 predicemus,
474 515 536 588 quia
547 517 624 586 cujus
633 516 688 571 uita
699 515 857 587 despicitur,

49 610 139 660 restat
152 610 183 658 nt
199 613 226 659 et
238 603 398 674 praedicatio
413 608 619 667 contemnatur;
636 612 662 658 et
678 621 684 659 ε
703 605 754 672 Qut
778 622 860 660 mun·

53 693 158 748 datam
166 693 283 749 solverit
293 693 464 758 etdocucrit,
476 692 521 748 liic
530 694 668 749 minimus
676 694 820 750 vocabitur
828 695 860 749 ιιι

55 778 861 853 ripnocoelcrum;puiuutemseceritetdocuerit,hicma-

49 867 282 941 gmrsvoccditur
291 869 676 940 inregnccoelorumfflntth.
690 871 730 941 v),
747 870 775 924 id
787 869 861 925 estin

913 426 1018 498 quiens,
1044 427 1201 500 apostolica
1229 429 1378 486 moderatio
1408 431 1477 487 hanc
1504 434 1711 504 temperantiam

913 513 1050 586 observat,
1068 525 1096 570 ut
1110 517 1231 573 severius
1244 526 1308 590 agat
1322 534 1383 574 cum
1399 519 1549 587 obduratis,
1566 523 1710 579 streniam

913 604 1002 675 cupiat
1017 613 1149 675 praestare
1164 606 1301 661 correctis.
1322 628 1332 655 ι
1345 605 1432 675 Quam
1446 610 1655 680 temperantiam
1677 627 1711 667 ex

914 691 1006 747 divino
1020 693 1180 765 magisterio
1190 694 1270 750 sedes
1284 696 1434 766 apostolica
1447 699 1575 769 suscepit,
1597 707 1623 756 et
1639 700 1711 757 hanc

914 779 1039 834 omnibus
1054 781 1163 836 sedibus
1177 782 1336 838 imitandam
1350 785 1490 854 proposuit
1507 803 1512 839 :
1530 788 1710 858 quoniamer-

914 883 962 922 ror
976 867 1118 924 confessus
1132 878 1159 924 et
1172 879 1313 927 correctus
1323 872 1380 940 jam
1396 872 1475 944 culpa
1489 882 1573 942 caret,
1591 877 1653 946 quia
1664 894 1714 934 ve-

51 957 180 1014 Ecclesia
186 957 332 1025 justornm.
345 957 430 1030 lgitur
437 957 542 1030 corrige
551 958 609 1013 bac
618 973 680 1030 quae
688 957 778 1029 egisti,
791 958 862 1012 etde

54 1054 155 1103 caetero
169 1045 288 1102 sollicite
298 1044 385 1105 stude.
398 1062 432 1100 ne
440 1045 595 1114 hujusmodi
601 1047 718 1118 probras
726 1046 859 1115 incurras,

914 955 987 1010 niam
1002 956 1082 1013 habet
1099 976 1104 1011 :
1123 974 1202 1013 error
1216 975 1281 1014 vero
1295 962 1435 1016 convictus
1449 963 1708 1033 necsiccorrectus,

915 1053 940 1098 et
960 1044 1068 1115 culpam
1091 1046 1216 1101 habetet
1242 1049 1321 1103 venia
1345 1058 1427 1104 caret.
1457 1073 1467 1098 ι
1494 1052 1537 1120 lit,
1561 1061 1590 1106 ut
1618 1055 1711 1128 Augu·

58 1142 101 1189 ant
114 1134 268 1206 scripturas
282 1134 460 1199 authenticas,
479 1142 524 1189 aut
539 1150 570 1189 ea
586 1151 647 1206 quae
657 1135 788 1190 Dominus
813 1150 862 1205 per
914 1132 1000 1187 atinus
1027 1133 1101 1198 dicit,
1131 1135 1229 1190 meiius
1259 1144 1301 1191 est
1335 1137 1362 1191 in
1390 1137 1468 1193 iactis
1496 1139 1575 1197 malis
1603 1142 1712 1201 humilis

57 1232 166 1279 sanctos
180 1238 245 1278 suos
260 1222 366 1278 locutus
380 1230 421 1277 est
436 1223 647 1293 corrumpendo,
659 1223 723 1294 qnia
733 1224 863 1294 scriptum
915 1219 1062 1289 confessio,
1106 1239 1186 1293 quam
1219 1224 1246 1278 in
1275 1225 1355 1280 bonis
1388 1228 1507 1299 superbe
1543 1229 1709 1302 gloriatio.»

59 1317 121 1366 est:
140 1312 201 1368 Non
216 1311 463 1385 addasquidpucm
475 1312 662 1377 cerbisillius,
683 1315 712 1368 ct
735 1313 860 1384 egueris,
915 1308 950 1362 Et
965 1309 1060 1364 beatus
1075 1311 1193 1368 ioannes
1215 1313 1243 1366 in
1268 1314 1435 1385 Apocalypsi
1452 1331 1521 1372 voce
1547 1317 1640 1376 divina
1662 1335 1710 1375 an·

58 1401 271 1471 inveniarisque
282 1399 408 1454 mendax
416 1399 507 1468 (Prcu.
517 1400 597 1469 xxx).
608 1398 687 1468 Quod
695 1400 865 1456 itacatbolici
915 1398 987 1468 gelo,
1004 1398 1032 1453 id
1056 1407 1096 1454 est
1125 1400 1255 1472 episcopo
1280 1400 1382 1473 Ephesi
1411 1403 1499 1458 dicit:
1524 1406 1625 1463 Memor
1652 1412 1712 1466 erto

58 1488 185 1543 doctores
199 1494 357 1558 exponunt:
373 1503 407 1541 ne
421 1502 579 1557 corrumpas
594 1488 701 1559 eloquia
707 1496 863 1544 sanctarum
915 1487 990 1542 unde
999 1488 1149 1555 excideris,
1159 1493 1188 1543 et
1201 1506 1251 1560 nge
1260 1492 1468 1558 paenitentiam,
1481 1497 1510 1549 ct
1520 1496 1615 1566 prima
1629 1512 1713 1568 opera

60 1575 271 1646 scripturarum,
288 1574 362 1648 quod
377 1573 488 1645 quidam
502 1575 632 1639 haretici,
647 1592 682 1631 ne
693 1577 736 1631 his
749 1577 863 1633 convin-
914 1577 961 1644 suc
975 1593 981 1628 :
997 1577 1160 1643 sinautem,
1188 1579 1268 1634 venio
1288 1579 1499 1638 tibietmovcbo
1509 1582 1710 1641 candelabrum

59 1672 195 1731 serentur,
211 1662 310 1719 iecisse
325 1670 484 1719 noscuntur.
875 1688 903 1749 Β
915 1666 997 1718 tuum
1009 1664 1043 1718 dc
1054 1665 1111 1719 loco
1119 1681 1178 1730 auc,
1192 1666 1250 1720 nisi
1258 1667 1459 1738 penitentiam
1468 1670 1657 1740 eperisidpoc.
1668 1672 1708 1744 ιι).

352 1770 466 1826 cgpgg
480 1769 574 1826 xmp
919 1751 953 1805 Et
967 1751 1076 1825 angelo,
1093 1752 1121 1806 id
1136 1759 1176 1806 est
1187 1753 1316 1826 episcopo
1332 1754 1467 1811 Laodicia
1482 1757 1606 1816 ecclesia
1630 1759 1711 1826 dicit;

64 1861 190 1928 Qualiter
204 1859 299 1917 redire
313 1859 407 1916 ualeat
420 1857 456 1914 cd
469 1862 599 1932 paternas
610 1860 762 1916 charitatis
773 1861 868 1916 dulce·
920 1840 1064 1911 εθῃιήθ
1053 1856 1159 1912 ”WW
1169 1843 1261 1897 ⁰⁶⁰l⁰⁸
1277 1847 1339 1899 ‘²⁴⁰⁵
1361 1848 1393 1899 ²⁴²
1416 1845 1511 1901 mimi
1534 1847 1629 1919 (ilm-
1659 1852 1711 1921 ¹1¹)-

405 1926 511 1986 dincm.
918 1927 1037 1998 Collyrio
1051 1928 1150 2000 quippe
1165 1929 1259 1986 oculos
1273 1938 1302 1985 ut
1316 1931 1628 2006 videamusinungimns,
1651 1953 1714 1994 cum

91 2018 181 2083 Unde,
197 2016 285 2073 irater
298 2024 326 2072 et
339 2017 477 2088 quondam
492 2016 651 2074 dulcissime
664 2016 712 2086 iili,
737 2019 783 2090 qui
808 2019 867 2073 cxi·
918 2015 953 2069 ad
967 2014 1190 2087 conspiciendam
1206 2034 1262 2073 reri
1255 2017 1379 2073 luminis
1388 2020 1548 2076 charitatem
1557 2022 1712 2080 intellectus

62 2107 187 2178 gentibus
201 2105 324 2178 peccatis
334 2105 368 2161 de
383 2106 447 2161 nido
470 2114 593 2177 paterno,
624 2106 697 2162 velut
723 2105 866 2178 implunis,
918 2104 1003 2158 nostri
1028 2104 1116 2160 aciem
1143 2105 1326 2162 medicamine
1353 2108 1518 2177 operationis
1541 2111 1711 2180 adjuvamus,

61 2193 137 2251 citius
152 2208 238 2267 quam
254 2209 367 2250 necesse
382 2192 469 2250 luerat
485 2194 610 2263 evolasti,
628 2203 812 2266 etanteqnam
823 2211 868 2250 so-
918 2191 1017 2261 Sicque
1031 2192 1058 2246 in
1073 2202 1195 2249 mutuam
1211 2194 1324 2264 gratiam
1339 2195 1428 2252 redire
1443 2196 1602 2268 valebimus,
1619 2200 1644 2255 si
1653 2201 1712 2258 baec

62 2283 164 2338 liditate
185 2283 349 2353 plumarum,
378 2282 406 2336 id
430 2291 471 2337 est
499 2282 656 2337 humilitatis
685 2291 761 2339 veste
788 2283 867 2338 tieres
918 2286 944 2332 et
956 2279 1009 2333 alia
1023 2278 1071 2334 tibi
1081 2280 1211 2346 salubria,
1228 2291 1255 2337 et
1269 2283 1419 2340 ministerio
1433 2293 1528 2341 nostro
1552 2296 1712 2361 competen-

62 2378 209 2442 protectus,
226 2369 306 2442 quasi
320 2371 409 2425 nudus
423 2371 465 2425 his
481 2371 679 2426 animositatum
704 2380 730 2427 et
754 2370 866 2427 saecula-
916 2367 965 2432 tia,
980 2382 1062 2440 agere
1073 2376 1099 2424 et
1113 2370 1190 2441 sequi
1199 2370 1317 2427 volueris
1329 2389 1335 2425 :
1348 2372 1420 2444 quia,
1435 2374 1537 2430 utitem
1553 2376 1648 2432 beatus
1657 2379 1713 2435 Lea

63 2459 320 2530 rinmcapiditatum
335 2458 420 2530 spinis
434 2473 467 2514 ac
482 2459 622 2530 vepribus,
640 2459 738 2529 quibus
763 2460 866 2515 lacera-
916 2454 981 2510 dicit
999 2473 1005 2508 :
1025 2456 1164 2513 «Dulcius
1183 2448 1298 2514 munera
1315 2461 1411 2531 gratiae
1431 2461 1530 2520 diviuae
1538 2464 1712 2534 proveniunt,

63 2549 108 2613 ris,
118 2547 257 2612 insedisti,
270 2562 316 2603 sec
325 2546 349 2601 si
357 2546 476 2602 volucris
487 2547 686 2621 sacrisregulis
697 2555 724 2602 et
740 2548 866 2620 religioni
917 2542 1024 2614 quoties
1038 2559 1092 2600 non
1107 2545 1166 2602 sine
1180 2548 1288 2620 magnis
1302 2549 1448 2604 sudoribus
1471 2552 1658 2624 acquiruntur,
1686 2561 1714 2610 et

63 2636 235 2703 concordari,
245 2636 334 2710 gratia
350 2636 399 2690 Dei
416 2636 474 2690 sine
497 2634 655 2691 difficultate
668 2637 701 2690 ad
717 2637 805 2692 cubile
818 2652 867 2708 pa-
916 2631 1006 2685 minus
1020 2630 1107 2688 videri
1122 2633 1222 2690 bonnm
1237 2636 1305 2691 solet
1319 2652 1371 2707 pax
1386 2638 1541 2694 confinuata
1554 2655 1606 2712 per
1628 2642 1713 2699 orium

64 2733 146 2782 temae
157 2713 316 2780 'dulcedinis
336 2724 426 2779 redire
439 2723 554 2788 valebis,
572 2731 597 2778 te
613 2731 674 2778 ante
689 2723 807 2796 teipsum
822 2740 867 2780 re·
917 2734 1000 2791 quam
1014 2720 1118 2775 reddita
1140 2738 1191 2793 per
1216 2721 1326 2780 labores
1342 2743 1348 2779 :
1364 2725 1422 2796 ipsa
1438 2731 1546 2800 quoque
1571 2731 1670 2785 verim,
1685 2739 1713 2787 ει

63 2829 142 2884 pone,
159 2821 187 2868 et
201 2821 338 2867 memento
352 2812 424 2866 unde
439 2811 581 2878 excideris,
611 2820 638 2867 et
660 2827 713 2884 age
733 2813 866 2883 poeniten·
916 2807 1017 2862 clarius
1035 2809 1184 2876 renitescit,
1209 2817 1237 2866 et
1265 2811 1361 2867 fortius
1389 2813 1531 2882 retinetur,
1558 2817 1621 2873 dum
1651 2835 1713 2891 quta

65 2901 137 2956 dam.
155 2899 236 2970 Quod
252 2900 276 2955 si
288 2901 420 2966 volueris,
436 2915 551 2956 necesse
564 2908 646 2954 estut
659 2899 795 2973 intelligas
815 2916 867 2971 per
915 2894 992 2965 prius
1007 2893 1074 2950 tides
1088 2896 1221 2968 docuerit,
1238 2900 1297 2957 haec
1311 2908 1408 2973 postea
1426 2904 1589 2962 examinatio
1615 2905 1715 2962 confir.

64 2988 151 3062 qnnlia
165 2996 193 3044 et
210 2995 308 3061 quanta
334 2988 488 3060 delinquas,
516 2988 563 3060 qui
591 2989 664 3059 apud
692 2996 719 3044 te
745 2996 864 3054 tumens,
857 2983 1006 3100 ,emerit
1024 2985 1115 3041 »Noli
1129 3002 1195 3057 ergo
1210 2987 1321 3053 diutius,
1337 2996 1466 3061 tanquam
1480 2991 1553 3049 civili
1567 2993 1648 3062 bello,
1664 3012 1713 3050 no·

63 3077 125 3133 nulli
140 3077 258 3134 subesse
272 3076 359 3141 voles,
375 3085 402 3131 et
412 3075 516 3132 cunetis
526 3091 645 3146 praeesse
653 3092 708 3131 non
727 3085 829 3147 potes:
840 3085 867 3135 et
917 3072 980 3127 stris
990 3081 1084 3129 contra
1099 3089 1150 3129 nos
1164 3076 1263 3131 erectis
1278 3076 1365 3148 signis
1384 3079 1522 3151 armisque
1536 3097 1670 3156 pugnare
1687 3093 1714 3140 01

63 3166 166 3223 idcirco
189 3181 281 3222 sacras
305 3165 425 3237 regulas,
454 3180 583 3236 perverse
608 3165 824 3236 interpretando,
841 3173 868 3221 et
917 3160 1198 3218 seditionesamultis
1213 3171 1240 3218 et
1254 3181 1304 3236 per
1318 3166 1510 3238 multossuper
1524 3171 1624 3226 malros
1638 3151 1716 3228 eom!

65 3270 130 3327 quas
144 3268 232 3326 prave
247 3252 416 3325 interpretari
430 3268 485 3308 non
495 3260 583 3324 potes,
601 3253 678 3324 quasi
693 3269 748 3309 non
765 3253 827 3321 sint,
838 3254 867 3309 in
917 3263 1036 3319 pressas,
1053 3249 1177 3306 redivivo
1196 3253 1374 3309 contumacia
1397 3253 1514 3310 furore
1507 3273 1535 3310 ιιι
1563 3258 1711 3327 perniciem

62 3343 110 3398 tuis
125 3341 336 3400 collectionibus
351 3358 384 3396 ex
399 3341 488 3397 studio
503 3342 745 3412 praetermittendo,
757 3342 867 3397 convel-
917 3345 1002 3400 tuam,
1017 3346 1043 3392 et
1057 3337 1188 3395 Ecclesia
1209 3341 1349 3396 catholicae
1370 3343 1579 3399 commotionem
1603 3348 1710 3402 reexci.

64 3432 116 3488 lere
131 3431 249 3507 satagis,
265 3429 426 3503 quibusdam
440 3429 523 3486 etiam
536 3431 571 3485 de
584 3438 631 3485 tuo
654 3429 775 3502 quaedam
803 3446 868 3486 con·
916 3434 984 3481 tara.
1001 3426 1069 3481 lledi
1083 3427 1118 3481 ad
1134 3435 1276 3496 paternam
1289 3429 1450 3485 charitatem
1462 3431 1608 3499 humiliter,
1630 3451 1712 3506 quam

63 3530 101 3576 tra
114 3521 265 3576 veritatem
279 3518 410 3584 immittis,
421 3524 449 3573 et
463 3519 526 3573 dum
544 3518 660 3574 invictus
671 3534 732 3575 esse
759 3519 867 3575 deside·
916 3513 1103 3585 contempsisti
1112 3516 1316 3571 contumaciter.
1332 3517 1392 3572 Fiat
1401 3533 1464 3588 pax,
1484 3526 1513 3574 ut
1527 3518 1596 3576 dicis
1619 3522 1713 3580 ιιωιηι

64 3623 115 3676 ¹⁸⁵.
132 3607 256 3664 nterim
270 3623 332 3680 qua
346 3623 401 3663 non
413 3604 499 3661 debes
507 3605 642 3670 delendis,
654 3615 682 3663 et
689 3607 801 3662 interius
816 3622 866 3663 re·
916 3601 1084 3673 Augustinus
1098 3602 1133 3658 de
1143 3603 1291 3659 Donatistis
1306 3614 1399 3660 contra
1422 3606 1572 3662 Ecclesiam
1598 3625 1629 3665 se
1656 3612 1711 3667 eri-

65 3713 119 3755 ram
134 3696 315 3753 dilectionem
330 3694 439 3761 amittis,
456 3703 483 3750 et
498 3703 525 3750 te
544 3710 561 3749 a
579 3710 713 3768 compage
741 3694 869 3752 fraternae
916 3689 1053 3762 gentibus,
1070 3690 1098 3745 in
1112 3691 1210 3746 virtute
1224 3691 1385 3760 Jerusalem,
1403 3711 1463 3765 qua
1476 3695 1563 3750 virtus
1591 3699 1712 3756 charitas

65 3783 227 3841 coanimatis
241 3783 391 3855 praecidis:
409 3782 516 3854 quod'
495 3799 554 3838 sine
573 3783 627 3838 ulla
650 3783 818 3839 dubitatione
832 3783 866 3840 de
916 3786 967 3846 est,
983 3778 1137 3835 sarsenatae
1151 3779 1259 3836 civitate
1273 3781 1375 3837 dictum
1390 3791 1453 3838 est·
1466 3785 1597 3858 Fcutpuc
1612 3804 1712 3845 cumr

64 3872 133 3929 illius
149 3871 312 3947 magisterio
320 3871 368 3926 t1b1
375 3870 527 3936 descendit
540 3871 596 3942 qui,
612 3878 640 3925 ut
654 3872 784 3943 scripturn
799 3880 864 3929 est.
917 3871 1044 3932 tutetur
1057 3869 1445 3928 etubuudcrtteucnturribus
1458 3873 1711 3948 teristratum)

66 3962 152 4018 Omne
161 3960 285 4018 sublime
294 3960 380 4025 videt,
390 3963 418 4017 el
427 3965 470 4015 eat
480 3976 532 4015 rea
542 3976 628 4032 super
637 3963 783 4017 universos
791 3961 866 4032 filios
916 3955 949 4009 Et
963 3955 1054 4011 nolite
1069 3956 1200 4013 extollere
1215 3967 1311 4014 contra
1324 3969 1475 4016 maternam
1490 3964 1648 4035 metropolis
1662 3973 1714 4023 tnae

67 4050 217 4127 superbire,
228 4050 597 4123 saciusqucestutnuilum
610 4049 867 4120 timeret(lobxsr);
915 4045 1072 4116 generalem
1087 4047 1168 4102 totius
1190 4047 1338 4117 provincia
1359 4049 1581 4118 sollicitudinem,
1608 4061 1634 4109 et
1648 4069 1712 4111 con·

43 4137 524 4213 ⁴quiquedixit:Arcentiumsupcr
540 4138 725 4193 altitudinem
735 4138 863 4207 nubium,
915 4137 1108 4206 impatemtm
1123 4134 1530 4195 nulrtl⁰t¹⁸010rd1¹1820ti⁸lui
1559 4143 1712 4215 benigniia-
1801 4200 1806 4211 .

65 4228 224 4285 rimilisero
235 4225 380 4282 ditissimo
391 4225 457 4299 (lca.
473 4226 546 4297 ιιι).
562 4226 596 4280 Et
605 4225 669 4297 quia
677 4224 777 4282 divinae
788 4227 865 4281 ordi-
916 4228 980 4287 tem,
996 4238 1078 4292 quam
1090 4223 1137 4278 tibi
1153 4240 1215 4279 cum
1229 4225 1346 4293 crateris,
1363 4227 1423 4282 sine
1439 4227 1531 4300 aliquo
1541 4229 1712 4300 detrimento,

65 4316 180 4372 nationis
195 4313 402 4386 dispositionem
417 4329 536 4381 servare,
548 4321 575 4369 et
587 4313 716 4368 socialem
739 4314 822 4370 vitam
839 4314 865 4370 in
915 4317 1018 4365 tanturn
1034 4319 1062 4365 ut
1072 4319 1098 4366 te
1112 4327 1305 4383 recognoscas,
1323 4322 1349 4367 et
1359 4317 1518 4386 metropolis
1529 4317 1714 4390 privilegium,

65 4404 132 4461 coelo
142 4411 242 4461 tenere
258 4419 312 4458 non
327 4402 420 4471 voluit,
437 4402 545 4458 lucifer
560 4402 607 4475 qni
621 4418 700 4459 mane
727 4403 866 4458 oriebatur
880 4391 943 4455 Det
957 4399 1158 4469 metropolitani
1172 4399 1291 4464 dilectio,
1307 4399 1365 4454 sine
1380 4401 1535 4458 difficultate
1550 4405 1661 4475 cupiunt
1671 4421 1714 4462 cx-

66 4493 94 4549 de
111 4491 184 4549 coelu
208 4491 317 4557 cecidit,
343 4499 369 4546 et
391 4508 485 4548 reram
513 4491 706 4548 beatitudinem
740 4491 868 4564 perdens,
918 4486 1023 4542 bibere.
1040 4486 1133 4542 Sciunt
1143 4487 1216 4541 enim
1231 4495 1257 4542 et
1271 4489 1417 4544 auctoritas
1429 4490 1585 4563 metropolis
1607 4501 1633 4548 et
1656 4509 1713 4550 me-

66 4581 206 4638 miseriam
222 4579 418 4651 sempiternam
438 4580 560 4650 incurrit,
591 4579 641 4635 sibi
669 4582 868 4636 consentientes
918 4570 1107 4644 depolitinus,
1124 4575 1199 4630 illum
1221 4591 1286 4632 vere
1313 4592 1375 4633 esse
1398 4594 1538 4651 magnum,
1561 4580 1606 4651 qui
1633 4582 1714 4639 totius

67 4680 87 4725 et
101 4670 293 4742 obsequentes
307 4676 390 4742 atque
403 4669 551 4741 complices
575 4668 609 4723 de
638 4669 724 4724 beatis
751 4669 868 4725 miseros
918 4662 1073 4718 ambitionis
1087 4663 1168 4721 tuerit
1182 4664 1299 4732 alienus,
1315 4666 1421 4722 dicente
1437 4668 1551 4722 Domino
1568 4686 1575 4722 τ
1593 4669 1715 4736 Quicun-

67 4757 145 4826 lecit,
161 4766 190 4814 et
205 4757 275 4813 adeo
290 4757 318 4812 in
331 4757 468 4813 miseriam
483 4773 561 4812 suam
577 4759 714 4823 excrevit,
731 4767 759 4813 ut
775 4775 805 4815 se
821 4775 867 4813 re·
918 4752 1404 4826 querolucritintcrvosmajorficri,
1414 4756 1688 4815 ritucatcrmirtistcr
1704 4777 1711 4814 :

67 4861 232 4921 cognoscere
254 4853 281 4901 et
301 4845 446 4902 humiliare
470 4861 525 4901 non
548 4845 645 4918 possit.
671 4846 750 4915 Quod
775 4847 868 4902 vitium
918 4844 1112 4915 etquicunque
1120 4845 1325 4900 uolueritiuter
1333 4845 1717 4915 acaprimuscrseeritvcster

66 4935 158 5005 primis
173 4933 336 5007 parentibus
351 4933 452 4988 nostris
466 4933 587 5002 immisit,
603 4941 632 4987 ut
652 4949 729 4988 suam
758 4935 867 5006 culpam
918 4946 1024 4996 servus,
1036 4932 1195 4998 sicuttilius
1206 4932 1713 5001 hernicisrmnvenitniirtistrcri‚sed

69 5021 251 5095 delinquintes
265 5037 321 5077 non
335 5022 456 5078 dicerent
469 5022 516 5076 sed
536 5022 564 5076 in
577 5021 669 5090 alium,
699 5022 825 5078 videlicet
840 5023 868 5076 in
917 5021 1085 5075 ministrare
1094 5019 1204 5084 (Marti.
1216 5019 1278 5085 xxi.
1293 5039 1303 5067 ι
1322 5018 1356 5072 Et
1367 5027 1465 5088 minen,
1478 5021 1637 5094 inquitLeo,
1654 5024 1711 5082 baec

70 5119 205 5167 auctorem
221 5127 277 5166 suae
306 5110 479 5177 conditionis,
507 5125 560 5166 non
589 5119 678 5165 autem
705 5110 865 5183 iniquitatis,
917 5106 971 5162 illis
998 5116 1062 5163 tuuc
1100 5105 1295 5173 insinubantur,
1339 5106 1437 5177 quide
1460 5111 1559 5180 pusillo
1585 5112 1713 5168 volebant

70 5207 225 5273 retorquere
238 5199 387 5255 studerent.
405 5198 466 5266 Quo
480 5198 544 5255 vitio
559 5199 649 5255 adbuc
675 5215 730 5255 non
756 5199 868 5255 minime
917 5210 1053 5260 crescere,
1071 5203 1097 5250 ct
1111 5195 1145 5249 de
1160 5193 1249 5248 inlinis
1262 5194 1296 5248 ad
1313 5211 1418 5252 summa
1435 5201 1561 5255 transire.
1582 5222 1592 5248 a
1611 5202 1710 5256 'luan-

70 5284 167 5346 leborat
177 5305 268 5363 genus
282 5289 439 5356 humanum,
457 5295 483 5342 et
497 5287 582 5345 timeo
595 5303 628 5343 ac
642 5288 722 5343 doleo
740 5289 804 5360 quia
815 5304 867 5363 ego
917 5293 982 5347 tem,
999 5291 1027 5337 ut
1042 5284 1171 5353 scriptum
1187 5290 1238 5351 est,
1252 5283 1308 5351 jam
1318 5286 1450 5358 magister
1459 5286 1609 5357 infantium,
1625 5278 1651 5345 ei
1661 5290 1711 5346 do·

72 5384 131 5433 cttn
150 5377 186 5433 ab
200 5378 255 5433 boc
270 5377 336 5431 vitio
346 5375 375 5432 in
392 5383 476 5435 totum
488 5375 570 5432 alieni
579 5393 634 5431 non
644 5375 739 5431 simus.
751 5376 868 5433 attende
917 5379 976 5427 ctor
990 5370 1173 5441 insipientium
1188 5369 1284 5438 iactus,
1301 5373 1385 5428 debes
1399 5372 1510 5430 modum
1532 5382 1589 5430 tum
1611 5391 1714 5450 cogno·

72 5461 146 5547 igitur
161 5474 217 5527 tota
233 5465 333 5521 mentis
348 5464 497 5521 intentione
512 5465 597 5521 verba
608 5465 679 5520 beati
687 5463 795 5531 Leonis,
807 5464 867 5536 qui·
918 5482 1003 5525 scere.
1021 5474 1046 5522 et
1061 5467 1109 5522 tibi
1124 5467 1249 5537 subditis,
1266 5469 1392 5545 aquibus
1406 5470 1590 5535 obedientiam
1614 5476 1712 5553 exigis,
