3794 6104
115 237 166 287 8in
743 223 918 280 El'lS'l'OLrli
949 223 992 277 iit·
1020 227 1193 282 btltittbt'a.
1546 290 1551 299 .
1716 226 1765 278 866

116 357 201 411 caleni
221 355 410 410 anctoritatem
432 370 491 424 quac
514 353 619 407 lucrant
645 352 727 423 ligatu
753 349 893 404 solvuntur
909 366 916 409 ;
934 347 1096 422 Aspim-gna,
1114 369 1148 422 Ed
1163 367 1236 438 quod
1251 367 1344 421 dicem
1362 365 1454 436 pudet,
1470 373 1496 420 et
1511 380 1595 435 grave
1611 372 1698 419 [dg-ese
1714 374 1764 428 dd,

117 443 256 515 quoniam,
274 441 342 496 sicut
358 439 422 495 dicit
433 448 542 494 sanetus
564 454 636 510 papa
658 438 794 505 ttetasius,
816 435 918 490 nullum
970 456 1016 525 qui
1030 456 1143 528 ,egendi
1157 456 1245 515 adhuc
1256 463 1281 508 οι
1297 452 1413 510 docendi
1429 461 1490 507 sum
1505 453 1630 508 doctores
1644 469 1694 508 nec
1713 468 1769 507 esu,

117 538 158 585 est
173 529 323 591 vinculum,
340 527 484 582 insolubile
500 527 552 581 nisi
567 527 641 582 circe
658 542 707 581 eos
728 524 773 596 qui
788 523 919 578 inerrare
970 543 1083 599 besem
1094 543 1178 597 ,Meri
1194 559 1245 597 Ποῦ
1260 549 1394 610 mmmm„
1410 543 1592 613 ducatumque
1616 540 1768 596 animarum

118 619 275 688 persistunt.
295 618 361 670 Data
376 628 471 669 mense
482 618 616 687 ilugusto,
634 614 727 669 indict.
741 627 790 677 xit,
809 611 918 665 ‹tinxi-r.
971 632 1142 702 impudeme,
1156 639 1305 696 assumum,
1323 630 1422 702 quibus
1437 629 1480 684 ,ja
1495 629 1585 684 omnis
1602 629 1696 701 ignom
1717 629 1770 684 do,

159 707 298 776 mei-ilidii
312 706 429 759 peilam
444 704 646 773 pissibssffl'flm·
972 719 1056 774 cteris
1070 727 1121 783 est,
1139 735 1192 789 quo
1207 719 1301 790 isonis,
1314 718 1359 790 qui
1384 734 1448 790 que,
1465 717 1555 789 litun]
1570 717 1614 772 vol
1639 717 1691 787 ipsi
1705 732 1772 790 gra·

463 808 588 863 CCXLV.
972 807 1081 861 diantur
1092 807 1180 879 ignari
1196 815 1267 861 sunt.
1285 805 1364 875 Quod
1379 822 1460 877 aluam
1476 821 1591 876 pratum
1607 821 1724 877 quamve
1739 805 1776 860 sit
1819 873 1822 876 y

234 914 269 952 ,ιιι
284 913 415 952 scenicos
430 909 777 951 eossranrrsoroarrasos
787 904 809 945 ².
974 894 1155 959 tenrerarium,
1173 894 1297 950 seculari
1311 893 1406 950 ordine
1421 903 1447 949 et
1471 893 1613 963 disciplina
1634 901 1773 948 monstra-

430 987 520 1056 (rtnno
536 987 611 1054 sie.)
974 990 1016 1037 tur
1033 1001 1040 1036 z
1057 999 1120 1037 nam
1136 983 1200 1036 dum
1216 983 1270 1037 dux
1285 982 1421 1038 exercitus
1434 998 1488 1037 non
1503 982 1555 1036 nisi
1566 981 1657 1037 labore
1672 988 1699 1036 et
1715 982 1773 1037 sol-

261 1074 393 1146 Ejusdem
409 1089 442 1129 cit
453 1073 605 1145 precedens
620 1074 791 1144 orpuinenti.
974 1070 1114 1125 licitudine
1129 1078 1260 1140 expertus
1275 1070 1392 1141 eligitur,
1412 1070 1508 1140 quales
1522 1069 1676 1124 animarum
1690 1069 1774 1124 duces

159 1161 445 1219 Reverendissimiset
469 1159 647 1215 sanctissimis
667 1160 794 1216 omnibus
813 1159 924 1231 episco-
976 1175 1037 1213 esse
1052 1167 1165 1228 possunt
1181 1158 1267 1229 quiin
1299 1158 1472 1228 episcopatus
1499 1157 1607 1212 culmen
1635 1157 1778 1212 immatura
1840 1165 1843 1172 '

121 1252 178 1323 pis,
202 1249 384 1307 confratribus
402 1248 534 1304 Ecclesiae
559 1244 859 1319 Constantinopolitanae
884 1263 926 1302 se·
976 1245 1087 1316 cupiunt
1102 1245 1495 1300 festinationcconscendere?
1514 1245 1599 1314 Hujus
1619 1246 1716 1300 saltem
1737 1245 1777 1300 rei

122 1339 190 1395 dem
215 1337 433 1410 respicientibus,
461 1354 508 1391 seu
534 1337 619 1390 tribus
643 1336 704 1391 aliis
734 1335 927 1407 principalibus
977 1334 1178 1404 comparatione
1203 1334 1378 1389 considerent
1393 1342 1419 1388 et
1434 1333 1548 1405 aggredi
1564 1341 1674 1404 repente
1703 1333 1778 1389 inex-

125 1426 254 1484 ecclesiis
264 1425 527 1497 lliercsolymitaaee.
978 1430 1071 1493 portos
1086 1423 1195 1477 labores
1210 1422 1374 1487 abstineant,
1391 1421 1490 1492 quippe
1507 1420 1552 1492 qai
1567 1435 1621 1475 non
1635 1420 1780 1477 didicerint

165 1514 353 1584 Quorumdam
376 1529 443 1568 sane
470 1522 600 1582 vestrum,
631 1512 730 1569 fratres
765 1512 928 1578 charissimi,
979 1511 1051 1582 quod
1067 1511 1191 1565 doceant.
1208 1511 1286 1566 Unde
1302 1511 1434 1566 canonica
1449 1509 1563 1563 instituit
1587 1524 1704 1565 censura
1728 1527 1780 1566 ne-

129 1605 235 1676 scripta
247 1601 437 1673 suscipientes,
451 1600 655 1656 unanimitatem
666 1610 745 1674 atque
765 1618 929 1658 consensum
979 1613 1116 1672 quaquam
1129 1615 1162 1654 ex
1178 1599 1248 1654 laico
1263 1599 1297 1653 ad
1313 1598 1495 1654 secerdotium
1519 1606 1631 1669 repente
1653 1598 1780 1654 transire.

124 1693 155 1747 in
170 1701 249 1764 parte
264 1690 351 1746 Photii
366 1690 393 1744 ia
408 1691 448 1745 eis
458 1689 538 1761 plene
556 1690 717 1760 reperimus,
734 1689 852 1762 indeque
879 1689 970 1756 ob-B
984 1690 1018 1743 Et
1034 1688 1086 1741 nisi
1096 1704 1146 1757 per
1161 1688 1221 1755 eius
1235 1686 1344 1741 fidelem
1365 1701 1529 1742 concursum
1550 1702 1601 1757 pec
1629 1695 1784 1762 sanctarum

127 1781 192 1836 nixo
201 1787 336 1851 optantes,
354 1785 382 1833 ut
398 1778 471 1851 quod
486 1776 685 1849 particulariter
713 1779 855 1844 hactenus,
879 1779 931 1834 boc
980 1776 1130 1848 imaginum
1160 1775 1296 1830 erectione
1319 1774 1378 1842 ejus
1419 1773 1617 1830 consecrationi
1642 1790 1783 1830 assensum

126 1868 263 1925 canonice
279 1883 389 1938 semper
403 1874 430 1921 et
440 1865 614 1938 generaliter,
630 1874 710 1938 atque
735 1866 884 1923 secundum
900 1882 932 1921 ea
982 1865 1139 1921 omnimodo
1153 1863 1272 1918 tribuere
1288 1862 1468 1935 nequivimus.
1478 1863 1565 1917 Porro
1576 1870 1602 1917 et
1618 1878 1669 1918 nos
1680 1877 1712 1918 ac
1722 1879 1782 1928 vos,

129 1968 195 2025 qoae
211 1959 273 2006 sunt
288 1949 388 2005 Christi
402 1949 477 2014 Jesu,
495 1955 521 2004 et
537 1966 591 2004 uon
603 1957 774 2022 quemuis,
790 1949 836 2022 pia
850 1949 933 2004 animi
984 1954 1084 2010 iratres
1098 1951 1262 2018 charissimi,
1273 1952 1335 2025 lege
1348 1951 1562 2024 constringimur
1575 1957 1603 2004 ut
1615 1951 1637 2005 si
1653 1951 1783 2022 deinceps
1852 2014 1858 2022 g

129 2033 289 2100 deVOlionsss
304 2033 332 2088 td
347 2032 446 2104 ipsum,
464 2041 493 2089 ¹¹¹
516 2049 571 2089 nou
596 2034 630 2088 sit
659 2033 687 2088 5¹1
706 2033 784 2090 t'0biS
803 2034 932 2102 Schisma,
984 2043 1057 2113 apud
1073 2049 1197 2096 cunctam
1212 2039 1425 2112 ecclesiamque>
1441 2040 1465 2093 in
1487 2038 1564 2094 vobis
1579 2045 1620 2094 est
1634 2055 1651 2093 a
1664 2039 1785 2110 paternis

127 2123 245 2194 sapiatis
270 2138 401 2194 qnaererc,
426 2123 536 2193 pulsare
558 2129 584 2177 et
601 2121 748 2188 invenire3
769 2139 820 2178 nos
845 2130 935 2178 autem
986 2130 1089 2202 regulis
1104 2144 1155 2200 per
1169 2128 1284 2183 similem
1294 2127 1543 2198 praevaricationem
1554 2143 1693 2199 nunquam
1704 2143 1787 2198 spon-

131 2206 323 2262 moderatione
347 2205 420 2261 sedis
438 2205 604 2277 deSlOIics'L',
628 2205 697 2261 sicil!
723 2205 810 2261 divisa
825 2213 937 2261 conben-
987 2219 1075 2273 degtis
1090 2217 1261 2288 delinquere,
1279 2217 1306 2270 id
1317 2224 1367 2279 est,
1385 2232 1419 2271 110
1434 2216 1600 2287 neophytum
1629 2216 1787 2285 repentem

132 2297 209 2350 tione
224 2302 307 2366 atque
322 2294 446 2350 dolemus
460 2293 546 2349 scissa
561 2309 664 2362 errore,
681 2293 719 2348 ita
729 2293 882 2365 gaudemus
910 2293 938 2348 in
988 2303 1121 2357 honorem
1136 2301 1285 2356 ascendere
1298 2302 1359 2362 ulit
1373 2300 1396 2354 si
1411 2299 1568 2370 parochiam
1583 2299 1707 2373 Butgnrae
1720 2315 1788 2372 gen.

134 2382 246 2440 vincalo
257 2383 332 2453 pacis
343 2399 375 2438 ao
388 2381 530 2438 charitatis
544 2381 707 2453 compagine
723 2381 865 2438 soliditatis
880 2380 938 2437 ira·
989 2391 1105 2460 tis‚quu
1122 2391 1180 2445 Deo
1195 2396 1305 2444 auctore
1322 2388 1394 2443 beati
1415 2388 1487 2442 Petri
1518 2387 1634 2458 apostoli
1654 2387 1788 2444 interces-

134 2471 418 2527 temitatcmrestram
434 2470 493 2525 Sine
508 2470 709 2525 intermissione
725 2469 854 2526 inviolata
873 2485 939 2540 per·
991 2478 1077 2544 sione,
1094 2486 1176 2549 atque
1192 2477 1369 2533 decessorum
1384 2475 1648 2545 nostrommlabopg,
1660 2476 1694 2530 gd
1708 2476 1789 2531 Chri.

134 2560 245 2624 8ῑῦῑοΓῆ
261 2559 339 2628 lulla
364 2558 522 2630 Apostolum
545 2557 815 2629 (ICOt··X1tt)‚idern
844 2559 939 2629 sapite,
992 2575 1061 2620 stum
1077 2581 1207 2621 conversa
1222 2573 1274 2631 est,
1291 2564 1423 2619 subducta
1440 2563 1566 2635 quamibi
1581 2563 1684 2619 fecistis
1708 2563 1790 2619 illici·

136 2656 164 2703 et
177 2649 252 2703 Deus
267 2647 343 2718 pacis
358 2647 407 2701 erit
423 2646 573 2702 vobiscum.
591 2645 670 2715 Quod
681 2663 746 2701 vero
767 2646 883 2703 sollicita
898 2646 942 2700 in·
992 2654 1241 2719 denominatione,
1267 2652 1438 2724 reddideritis
1453 2670 1460 2715 ;
1475 2659 1503 2706 et
1524 2651 1644 2721 abjectus
1668 2666 1790 2723 quosque

134 2735 259 2792 tentione
277 2744 367 2791 vestra
390 2734 454 2805 peili
469 2734 588 2800 difficili),
618 2734 656 2789 uti
681 2734 842 2790 auctoritate
871 2732 944 2789 beati
993 2742 1090 2799 fraires
1100 2758 1133 2797 gc
1146 2742 1335 2797 discordantes
1345 2747 1435 2796 vestro
1450 2740 1545 2794 labore
1560 2739 1592 2810 [J
1603 2740 1679 2796 dm!
1691 2754 1789 2796 regon-

135 2824 255 2896 aposloli
269 2823 401 2896 principis
415 2822 598 2894 apostolorum
617 2823 696 2884 Pelii,
720 2822 798 2877 vobis
820 2823 945 2877 Photium
994 2829 1162 2901 ciliaveritis]
1178 2829 1267 2884 studio
1282 2844 1344 2884 cum
1368 2827 1499 2898 praedidto
1525 2827 1621 2882 photio
1642 2843 1724 2899 quem
1745 2842 1792 2899 pa.

136 3000 352 3066 consentiamus,
378 2999 443 3054 illud
471 2999 562 3054 animo
587 2999 648 3055 luce
680 2998 780 3053 clarius
808 2997 941 3066 retinetis,
997 3007 1048 3078 piis
1064 3007 1193 3078 operibus
1204 3004 1356 3061 offensione
1371 3019 1453 3076 quam
1469 3020 1563 3060 cororn
1578 3005 1635 3059 Deo
1651 3012 1676 3059 et
1692 3004 1794 3060 sanctis

139 3089 251 3160 qnodia
266 3087 416 3161 Evangelio
431 3087 520 3158 primo
533 3087 635 3157 pastori
651 3087 783 3142 Dominus
801 3087 836 3141 ait
854 3105 860 3141 :
889 3089 943 3159 1390
995 3095 1146 3150 canonibus
1159 3093 1439 3158 contrarietatibus
1454 3100 1539 3164 parte,
1564 3107 1795 3162 recompensave-

139 3195 191 3250 pro
208 3182 235 3232 te
250 3179 355 3248 requei,
366 3179 458 3242 Petne,
471 3174 693 3245 tetncndeficiut
703 3175 771 3244 fides
787 3179 837 3230 teu
848 3195 857 3242 ,·
868 3179 897 3231 ct
912 3181 942 3231 tu
995 3182 1063 3236 ritis.
1084 3182 1275 3238 venerabilem
1292 3179 1405 3234 fratrem
1428 3180 1551 3234 Photium
1573 3194 1667 3234 coram
1690 3179 1796 3250 synodo

138 3266 294 3338 (siquando
304 3263 597 3332 conuersasconfirme
605 3266 712 3334 fratres
723 3264 867 3335 teoc(huc.
878 3264 942 3334 xit).
995 3269 1211 3324 misericordiam
1236 3257 1395 3339 querendo,
1412 3274 1439 3321 et
1465 3266 1663 3336 patriarchatus
1692 3267 1795 3322 honore

137 3354 187 3408 ilis
202 3351 547 3424 hortationibusisuccensi,
564 3351 716 3421 imopotius
729 3350 906 3417 corroborati,
916 3351 944 3404 in
994 3357 1071 3430 fungi
1088 3358 1222 3421 volumus,
1235 3363 1262 3411 et
1274 3362 1376 3410 nostrus
1391 3353 1600 3420 communionis,
1623 3353 1678 3409 imo
1693 3361 1719 3409 et
1735 3354 1796 3408 bea·

140 3448 273 3514 quantam
288 3441 346 3495 sine
361 3440 438 3512 gravi
448 3437 600 3495 offensione
611 3439 734 3494 valemus
745 3439 877 3494 auxilium
890 3438 946 3494 ier·
993 3453 1083 3500 turum
1098 3445 1343 3516 apostolerumseu
1354 3442 1443 3500 omnis
1453 3441 1583 3498 Ecclesiae
1598 3440 1668 3506 lore,
1685 3440 1796 3497 Domini

142 3546 183 3596 re,
200 3537 259 3583 tam
273 3530 377 3585 cunctis
392 3528 500 3584 Domini
510 3527 700 3584 sacerdotibus
714 3544 793 3599 quam
816 3527 946 3583 universo
996 3533 1179 3598 miseratione,
1192 3531 1364 3603 participem.
1374 3531 1433 3586 Hoc
1448 3528 1800 3601 exemploroboratimexi·

141 3619 170 3672 ia
186 3617 253 3673 orbe
267 3627 401 3673 terrarum
416 3617 568 3672 Christiano
586 3616 696 3687 populo,
715 3632 855 3687 nunquam
877 3610 947 3671 de'si·
996 3617 1720 3693 mequoegregiuspraedecessornosterlnnocentius‚
1733 3631 1797 3672 san-

141 3707 244 3769 nimus,
262 3714 410 3778 sequentes
425 3705 661 3776 predecessorum
678 3705 812 3776 exempla,
829 3705 864 3759 do
884 3704 946 3776 qui-
996 3710 1133 3767 cassinus
1148 3724 1229 3780 papa,
1246 3708 1391 3764 photinum
1415 3715 1566 3761 restaurare
1593 3706 1729 3779 dignatur,
1756 3705 1799 3760 di-

142 3796 195 3850 bus
210 3803 312 3850 sanctae
327 3793 466 3849 memoriae
481 3792 595 3848 Adriani
610 3809 688 3864 papae
713 3792 741 3847 in
765 3792 871 3848 Tarasii
893 3809 946 3848 au·
997 3811 1062 3850 cens
1074 3795 1168 3866 (epist.
1188 3796 1231 3858 ta,
1247 3809 1277 3847 ιι,
1298 3791 1345 3862 il:
1363 3791 1474 3845 Veniam
1493 3805 1564 3846 nnnc
1587 3789 1623 3844 ad
1638 3789 1795 3844 maximum.

141 3883 263 3955 perrime
284 3881 460 3955 regiae'urbis
494 3881 654 3953 patriarchae
676 3879 880 3937 confirmatione
905 3883 947 3949 (in
998 3883 1076 3956 quasi
1092 3881 1228 3953 quoddam
1255 3881 1355 3946 thema,
1395 3879 1538 3934 Photinum
1556 3897 1563 3943 ;
1580 3885 1606 3934 et
1624 3879 1693 3936 inter
1721 3876 1798 3934 alia:

140 3971 263 4045 epistole
278 3971 313 4026 ed
330 3970 555 4027 Constantinum
573 3973 601 4025 ct
616 3970 726 4025 lrencm
740 3971 946 4043 imperatores),
997 3970 1128 4041 Quiares
1144 3970 1180 4024 ad
1200 3969 1315 4024 salutem
1330 3967 1410 4024 rediit
1432 3969 1529 4035 tertiae,
1545 3968 1618 4024 hunc
1638 3967 1666 4022 in
1696 3973 1799 4022 matum

143 4062 205 4115 heac
221 4058 328 4114 interim
346 4059 473 4128 ponimus
490 4058 575 4113 verba
591 4057 680 4122 ;inter
710 4057 812 4130 reliqua
837 4057 946 4130 inquit:
999 4059 1077 4115 robis
1092 4058 1285 4121 annitentibus,
1297 4065 1359 4128 post
1373 4057 1629 4113 condemnationem
1642 4070 1717 4112 more
1731 4070 1800 4127 apc-

146 4151 210 4220 lpsc
234 4147 306 4202 anim
331 4147 458 4201 Tarasius
480 4146 564 4219 regiae
585 4146 660 4200 urbis
684 4146 839 4216 patriarcha
875 4145 949 4201 misit
1000 4147 1096 4203 stolico
1110 4146 1302 4219 subrogamus,
1319 4145 1455 4216 tantisque
1470 4145 1569 4199 vestris
1591 4143 1799 4212 assertionibus,

143 4236 228 4292 nohis
243 4235 411 4306 synodicam,
427 4235 545 4306 priscam
554 4235 705 4306 adimplens
712 4234 946 4295 consuetudinem.
1001 4235 1133 4306 vobisque
1148 4241 1203 4288 tarn
1217 4233 1306 4298 bonis,
1319 4241 1373 4287 tam
1388 4233 1477 4288 charis
1487 4232 1800 4295 nondareccnsensum,

144 4339 231 4397 ᾳιιειιι
252 4324 430 4394 suscipientes
451 4331 477 4378 et
499 4323 628 4394 liquidius
653 4322 825 4395 indagantes,
848 4330 949 4377 ettam
1000 4323 1125 4377 omnibus
1139 4321 1215 4375 duris
1229 4320 1310 4375 rebus
1334 4320 1427 4374 durius
1441 4319 1599 4374 abitramur.
1629 4319 1680 4374 Pro
1708 4326 1800 4373 vestra

83 4418 85 4422 '
144 4414 181 4468 de
197 4411 318 4466 fassione
327 4418 410 4467 rectae
423 4410 486 4466 tidei
501 4410 560 4479 ejus
583 4427 664 4482 quam
686 4411 843 4481 dogmatum
883 4395 985 4464 san-D
1001 4426 1068 4482 ergo
1082 4408 1287 4479 approbatione,
1312 4407 1409 4461 iratres
1431 4406 1593 4469 charissimi,
1614 4413 1641 4460 et
1668 4405 1803 4460 sententie

144 4511 255 4557 staram
270 4515 318 4554 sex
333 4499 498 4570 synodorum
514 4507 540 4553 et
563 4499 780 4554 venerandarum
801 4495 950 4570 imaginum
1001 4514 1031 4553 ac
1043 4496 1223 4569 postulatione
1239 4496 1398 4566 episcopum
1414 4493 1556 4549 Plautinum
1579 4494 1714 4550 habetote.
1732 4492 1801 4548 Lici·

145 4587 359 4655 orantesmimis
374 4588 470 4641 iterum
480 4587 633 4643 conturbati
646 4603 677 4641 ac
687 4586 837 4642 contristati
846 4601 949 4651 sumus,
1001 4596 1058 4641 tum
1073 4594 1113 4640 est
1127 4585 1164 4640 ita
1179 4584 1387 4640 constituerent
1403 4582 1586 4654 deprecamini
1602 4601 1609 4648 ;
1625 4592 1651 4636 et
1680 4588 1803 4636 nostram

146 4677 217 4750 quia
232 4692 265 4730 ex
280 4675 411 4731 laicorum
440 4675 544 4740 ordine,
561 4682 586 4730 et
600 4674 787 4745 imperialibus
801 4673 950 4746 obsequiis,
1003 4676 1030 4729 in
1044 4670 1310 4730 meliusconversam
1322 4672 1494 4730 sententiam.
1511 4670 1605 4725 labore
1620 4669 1663 4726 rel
1678 4669 1803 4725 testiino-

144 4766 306 4836 depatatus‚
332 4771 444 4834 repente
459 4763 486 4817 ia
505 4763 701 4834 patriarchatus
716 4763 824 4818 eulmen
848 4762 952 4819 electus
1003 4766 1048 4819 aio
1063 4772 1163 4831 uestro,
1181 4771 1320 4833 compotes
1335 4761 1388 4817 soti
1414 4759 1552 4830 suscipite.
1577 4757 1713 4814 Sollicitos
1731 4755 1805 4812 enim

145 4859 239 4919 estet
247 4852 406 4923 apocaligus
417 4851 459 4922 [in
467 4852 687 4924 epist.rldrteni,
698 4849 954 4923 eculipeme'lt'tare]
1004 4869 1053 4909 vos
1067 4868 1118 4924 pro
1126 4852 1211 4906 salute
1219 4852 1336 4906 libenter
1346 4849 1457 4903 admitto
1473 4866 1480 4914 ;
1495 4848 1538 4903 eui
1556 4862 1664 4901 manum
1688 4844 1805 4918 porrigi-

148 4949 250 4998 contra
262 4949 416 4996 sanctorum
431 4956 564 4995 canonum
580 4953 724 4995 censuram
748 4939 888 4996 sanuses
903 4954 954 5009 pa·
1005 4941 1050 5008 tis,
1060 4940 1200 4998 vobiscum
1215 4936 1523 5012 porrigo;cuiporrig0,
1539 4952 1646 4993 raecum
1658 4933 1802 5008 porrigite.

187 5095 200 5123 ⁶
224 5074 445 5152 Haflssflltillilam
476 5075 540 5153 sieut
569 5076 688 5152 caelliigss,
706 5074 824 5125 “illitas
858 5086 956 5137 lissam
1006 5085 1118 5148 Photies,
1153 5084 1296 5145 patriarche
1335 5080 1507 5132 semianimus
1547 5086 1571 5131 et
1604 5078 1807 5142 religiosissimus

149 5156 209 5194 ⁰⁸⁸⁰
240 5143 397 5218 Wdlltsslffl
434 5143 540 5192 h⁰¹¹¹¹⁰¹⁸
573 5143 654 5192 Ph⁰l¹¹
682 5146 851 5204 'ffliffilllfflms
888 5143 958 5204 patet
1006 5153 1085 5213 freter
1115 5156 1208 5209 noster,
1242 5163 1289 5198 non
1316 5148 1461 5210 dedignetur
1499 5148 1527 5198 ιἰι
1555 5150 1685 5208 cetttpeclu
1720 5143 1808 5206 smodi

148 5223 183 5260 ex
207 5209 290 5260 verbis
315 5209 388 5259 ists:
406 5208 574 5260 venerabitem
596 5208 699 5269 fratrem
732 5208 846 5258 Phacium
877 5220 958 5257 eoram
1006 5219 1112 5279 arduam
1134 5221 1158 5266 a
1180 5216 1289 5267 gudrum
1306 5220 1427 5275 godrum,
1452 5216 1512 5276 que„
1536 5215 1619 5276 potius
1642 5212 1741 5265 vam
1764 5209 1807 5260 me.

147 5275 450 5339 semenneeeeruee
470 5275 611 5338 asserendo,
636 5278 662 5323 e
685 5274 887 5335 pertenentes
917 5275 960 5324 ne
1007 5283 1149 5338 secessere
1172 5283 1333 5332 nemeen
1356 5282 1475 5332 neeesse
1506 5280 1652 5340 neuim,
1688 5279 1753 5340 quau
1776 5275 1807 5325 ιι

150 5356 217 5394 nere
262 5341 343 5404 meni.
387 5342 445 5404 Qua
491 5341 664 5404 professionem
711 5339 856 5391 hamilitatis
900 5340 959 5390 iasi-
1008 5348 1288 5410 memmatensis.
1302 5349 1356 5396 uin.

149 5409 259 5462 ouantia
281 5408 402 5472 superbas
424 5415 451 5459 et
472 5408 589 5472 protenus
608 5408 682 5457 homo
705 5407 776 5469 plane
808 5407 911 5468 abrasit,
935 5409 960 5457 et

149 5479 210 5529 loco
250 5476 363 5536 istorum,
394 5479 422 5525 nt
454 5474 477 5524 in
510 5474 606 5526 caeteris
638 5475 740 5537 iecerat,
776 5473 824 5523 ista
858 5472 958 5536 posuit:
1043 5449 1253 5514 istiquiddeest.
