3794 6104
114 243 163 303 att
325 303 330 315 ,
437 240 560 300 OPUSC.
588 240 634 297 ET
655 240 765 298 EPIST.
790 238 827 296 IN
850 239 962 296 CAUSA
990 239 1162 298 HINCMARI
1180 239 1334 298 LAUDUN.
1706 242 1759 297 358

116 366 345 424 circumstantium
360 365 401 421 eis
415 367 546 437 prodesse
570 366 716 433 debebunt,
743 371 771 419 ut
785 363 864 419 simul
884 372 910 418 et
923 363 1030 436 Aquas
1045 364 1079 420 ad
1098 363 1250 422 accusanda
1271 363 1314 419 vel
1338 362 1491 419 attestanda
1514 363 1623 433 publica
1645 362 1760 419 crimina

115 455 279 528 poeaitentiae
294 463 321 510 et
334 454 563 511 reconciliationis
584 454 715 510 beneficia
737 468 912 524 consequan—
963 453 1040 526 leges
1055 454 1170 524 publicae
1184 469 1238 508 non
1255 453 1407 507 admittunt.
1417 453 1452 508 Et
1460 452 1602 509 Nicaeuum
1616 451 1761 508 concilium

116 553 163 608 tur,
179 552 289 600 servata
301 544 497 616 tameuregula
509 559 642 599 canonum
653 551 828 614 paternorum
839 542 913 597 circa
963 544 1128 614 neophytum
1142 542 1301 613 episcopum
1314 558 1330 595 a
1344 541 1451 597 duobus
1472 541 1516 597 vel
1538 541 1625 597 tribus
1646 540 1762 597 testibus

115 648 206 689 eorum
227 648 379 703 personas,
404 632 450 704 qui
471 632 499 688 in
517 633 605 687 Deum
627 648 643 687 a
670 630 724 687 fide
747 630 912 687 discedendo
963 632 1141 703 redargutum
1155 631 1321 687 abstineres
1343 631 1418 687 clero
1440 632 1578 702 pracepit,
1604 630 1627 684 si
1651 629 1762 702 aliquod

114 728 343 793 peccaverunt.»
963 720 1090 776 delictum
1109 721 1206 776 animae
1230 721 1304 776 circa
1326 735 1471 791 personam
1494 719 1644 790 reperiatur
1667 719 1762 789 hujus·

147 809 203 865 Sed
217 817 245 866 et
259 809 371 882 quidam
394 808 428 864 dc
443 808 485 864 bis
500 824 533 864 ex
549 823 664 880 quorum
689 807 812 879 epistolis
836 822 912 878 quac·
963 809 1047 864 modi.
1064 810 1097 864 Et
1111 809 1257 880 Apostolus
1273 809 1601 880 adversusprcsbyterum
1611 807 1763 865 accusatio·

116 899 176 954 darn
189 906 255 952 sunt
269 914 285 951 a
300 906 327 952 te
341 895 465 963 collecta,
482 896 572 967 lapsos
588 905 615 951 et
625 897 789 968 paenitentes
804 895 831 950 in
847 910 913 967 gra·
964 914 1026 952 nem
1042 913 1097 952 nou
1113 898 1209 969 recipi,
1225 897 1277 951 nisi
1291 898 1341 952 sub
1356 897 1459 952 dnobus
1474 905 1519 951 aut
1541 897 1626 952 tribus
1650 896 1764 951 testibus

115 986 193 1041 dibus
208 986 267 1041 suis
290 1002 401 1041 manere
416 986 518 1041 debere
536 985 672 1041 dixerunt.
703 985 801 1040 Postea
823 991 914 1038 autem
965 985 1098 1057 praecipit.
1119 987 1174 1041 Sed
1188 994 1214 1040 et
1228 1003 1278 1056 per
1291 987 1436 1057 praedictos
1446 985 1544 1040 Airicae
1560 985 1764 1057 provinciana·

115 1074 192 1130 aliter
208 1089 242 1130 cx
257 1074 345 1130 sacris
355 1075 504 1130 canonibus
519 1088 536 1128 a
547 1074 723 1145 sequentibus
735 1081 776 1128 est
786 1071 914 1128 constitu·
965 1092 1061 1140 nones,
1072 1074 1198 1130 omnibus
1210 1074 1308 1145 quibus
1319 1074 1456 1131 accusatio
1464 1074 1626 1146 denegatur,
1638 1074 1665 1129 in
1673 1073 1764 1130 causis

115 1170 178 1218 tum.
191 1162 272 1218 Unde
288 1162 384 1218 beatus
398 1163 566 1236 Augustinus
580 1162 615 1216 ad
629 1160 796 1217 Bonisacium
805 1159 915 1231 scripsit
965 1164 1082 1234 propriis
1097 1163 1242 1219 accusandi
1256 1163 1365 1219 licentia
1379 1178 1433 1219 non
1448 1172 1562 1235 negatur
1571 1163 1646 1233 (can.
1663 1163 1719 1234 96).
1729 1162 1764 1217 ιιι

114 1251 207 1306 dicens
220 1251 316 1323 (epist.
333 1253 379 1321 aa)
396 1268 403 1304 ε
419 1271 430 1301 ι
445 1251 479 1306 ιιι
494 1250 566 1305 enirn
582 1250 790 1306 constitueretur
814 1249 843 1303 in
857 1249 914 1304 Ec·
965 1253 999 1308 de
1013 1253 1174 1325 purgatione
1190 1261 1387 1318 accusatorum,
1398 1251 1710 1316 sednonconvictorum‚
1720 1250 1764 1307 vel

114 1339 206 1404 alesia,
222 1355 258 1395 ne
272 1338 416 1411 quisquam
430 1346 491 1409 post
507 1338 621 1407 alicujus
636 1338 757 1394 criminis
776 1336 914 1408 poeniten-
965 1340 1159 1408 confitentium,
1174 1340 1286 1397 decreta
1302 1340 1375 1396 sedis
1389 1339 1545 1410 apostolica
1562 1357 1623 1412 quae
1641 1348 1764 1395 tenemus

114 1428 176 1484 dam
192 1427 351 1483 clericatum
366 1427 489 1499 accipiat,
505 1428 549 1483 vel
571 1427 607 1482 ad
630 1427 789 1483 clericatum
812 1425 914 1491 redeat,
966 1430 1173 1486 constituerunt.
1189 1429 1306 1498 Quidam
1323 1428 1416 1495 etism,
1432 1429 1506 1501 quod
1525 1429 1559 1483 de
1582 1429 1717 1485 accusatis
1738 1435 1764 1484 ct

115 1515 155 1572 val
183 1515 213 1571 in
242 1515 372 1573 clericatu
394 1522 513 1579 maneat,
538 1530 593 1571 non
616 1515 806 1586 desperatione
827 1514 917 1569 indul·
965 1518 999 1573 de
1014 1519 1126 1573 testibus
1142 1518 1273 1574 silvester
1295 1517 1442 1583 constituit,
1467 1516 1540 1572 velut
1559 1516 1587 1572 in
1608 1517 1676 1572 libro
1700 1515 1764 1587 Epi·

115 1604 223 1678 gentian,
238 1603 288 1659 sed
303 1604 394 1676 rigore
416 1603 517 1659 iactum
540 1611 582 1658 est
603 1603 765 1674 disciplina.
787 1602 914 1675 Alioquin
966 1607 1193 1680 scopali'legitur,
1211 1623 1244 1662 ex
1265 1608 1316 1662 boc
1339 1605 1485 1662 tenendum
1507 1605 1536 1659 in
1555 1605 1712 1661 auctoritate
1725 1603 1766 1659 di-

114 1700 209 1748 contra
222 1692 316 1749 clavas
330 1692 406 1746 datas
420 1691 554 1748 Ecclesia
568 1691 759 1762 disputabitur,
772 1691 915 1763 dequibus
929 1703 1039 1778 Bcuat,
1056 1696 1118 1767 qaia
1133 1696 1257 1751 Gelasius
1273 1695 1302 1749 in
1316 1695 1447 1768 Catalogo
1462 1695 1497 1750 de
1508 1692 1765 1765 librisrecipiendis,

115 1780 217 1837 dictum
233 1787 275 1836 est
291 1797 298 1834 :
314 1780 381 1849 Quae
394 1779 530 1835 solveritis
544 1780 574 1834 in
588 1787 672 1845 terra,
693 1780 781 1834 soluta
796 1788 875 1835 erunt
889 1787 916 1835 et
965 1787 1048 1839 lictus
1062 1783 1133 1838 illius
1154 1782 1286 1856 legendos
1311 1784 1388 1839 dicit.
1417 1782 1472 1839 Sed
1496 1782 1547 1837 alia
1572 1790 1612 1838 est
1632 1782 1766 1853 scriptura

114 1868 245 1925 incoelis.
262 1868 315 1925 Sed
339 1884 375 1924 na
393 1868 507 1924 forsitan
522 1868 603 1924 etiam
626 1868 739 1924 detectis
759 1868 916 1924 criminibus
965 1875 1082 1928 lictuum
1096 1872 1177 1938 illius,
1189 1873 1217 1927 in
1239 1871 1347 1943 quibus,
1372 1879 1398 1926 ct
1419 1871 1621 1942 Scripturarum
1645 1869 1766 1927 auctori·

115 1973 162 2028 spe
177 1957 292 2013 honoris
316 1957 494 2013 ecclesiastici
524 1957 630 2013 animus
659 1956 843 2012 intumescens
871 1974 916 2012 su·
966 1968 1029 2026 tate,
1048 1968 1075 2016 et
1089 1960 1282 2016 miraculomm
1305 1960 1416 2026 virtute,
1439 1959 1549 2016 Judaeos
1569 1959 1704 2014 Christum
1717 1959 1765 2015 Je-

113 2046 196 2117 perbe
219 2053 316 2118 ageret
338 2045 535 2116 poenitentiam,
559 2045 731 2101 severissima
755 2045 865 2116 placuit,
887 2053 917 2101 ut
966 2065 1027 2104 sum
1040 2048 1128 2104 Deum
1142 2065 1238 2106 verum
1254 2055 1386 2121 negantes
1401 2046 1504 2113 revicit,
1521 2047 1566 2118 qui
1575 2047 1686 2119 legendi
1702 2046 1768 2103 scri·

114 2143 174 2206 post
186 2142 279 2190 actam
294 2133 328 2189 de
344 2133 459 2189 crimina
474 2133 618 2188 damnabili
634 2133 821 2205 paenitentiam
835 2150 916 2191 nemo
966 2138 1066 2192 buntur
1082 2155 1090 2192 ε
1106 2137 1157 2192 alia
1171 2137 1206 2193 de
1214 2135 1449 2194 constitutionibus
1458 2134 1530 2190 illius
1538 2135 1566 2189 in
1574 2134 1644 2191 libro
1655 2135 1767 2206 Episco

114 2223 145 2278 sit
168 2222 298 2290 clericus,
314 2229 343 2276 ut
366 2222 558 2293 desperatione
582 2222 737 2292 temporalis
756 2222 914 2291 altitudinis,
966 2226 1031 2297 pali,
1059 2241 1126 2298 quas
1154 2225 1222 2281 sicut
1250 2233 1277 2281 et
1303 2225 1369 2280 alias
1397 2223 1528 2296 quasdam
1558 2223 1766 2279 constitutiones

113 2311 250 2368 medicina
263 2311 351 2380 major
365 2317 392 2366 et
411 2310 502 2367 verior
524 2318 596 2365 esset
614 2309 781 2365 humilitatis.
808 2311 876 2366 Nam
891 2320 917 2367 et
966 2314 1082 2370 aliorum
1096 2313 1254 2385 pontificum
1269 2330 1330 2385 quas
1344 2313 1372 2368 ia
1391 2313 1488 2369 eodem
1509 2312 1580 2368 libro
1599 2312 1766 2384 leguntur,a

114 2407 226 2456 sanctus
241 2399 331 2455 David
344 2398 379 2454 da
392 2399 553 2454 criminibus
574 2398 724 2454 mortiferis
747 2399 803 2470 egit
825 2399 916 2471 poeni·
966 2402 1180 2474 praecedentibus
1206 2402 1372 2474 temporibus
1397 2401 1560 2458 universalis
1590 2416 1645 2457 non
1676 2408 1767 2456 servat

114 2488 237 2555 tentiam,
254 2495 387 2544 ettamen
405 2487 434 2541 in
455 2489 560 2543 honore
585 2503 635 2543 suo
658 2486 775 2559 perstitit
793 2488 832 2556 (ll
852 2491 914 2560 liep.
966 2491 1092 2547 Ecclesia
1107 2509 1115 2546 ε
1131 2491 1257 2563 quaedam
1272 2506 1338 2546 vero
1353 2507 1385 2546 ex
1396 2490 1499 2546 eisdem
1516 2489 1764 2557 constitutionibus,

115 2577 174 2647 ιιι).
190 2577 228 2631 Et
244 2576 352 2632 beatam
366 2577 484 2642 Petmm,
502 2576 612 2647 quando
636 2575 806 2631 amarissime
828 2576 917 2648 lacry-
967 2579 1037 2635 sicut
1051 2587 1078 2635 et
1092 2596 1125 2634 ex
1140 2581 1220 2636 dictis
1234 2579 1409 2650 epistolamm
1424 2579 1459 2633 de
1474 2579 1573 2649 quibus
1582 2578 1683 2650 agitur,
1695 2578 1766 2634 raci-

115 2680 172 2720 mas
199 2663 280 2730 ludit,
302 2664 396 2736 utique
420 2664 567 2719 Dominum
590 2680 708 2736 negasse
732 2664 865 2735 poenituit,
890 2671 917 2721 et
966 2667 1006 2738 pit
1019 2676 1046 2722 et
1059 2668 1190 2723 custodit.
1210 2668 1264 2723 Sed
1279 2675 1305 2722 et
1319 2667 1347 2723 ia
1363 2667 1467 2722 eisdem
1491 2666 1612 2737 epistolis
1634 2665 1766 2736 scriptum

116 2760 204 2809 tamen
217 2752 359 2823 apostolus
373 2752 471 2807 mansit
487 2754 598 2823 (battle.
615 2753 707 2820 xxvi).
725 2752 778 2807 Sed
790 2752 917 2808 nonideo
967 2764 1016 2821 est,
1031 2771 1086 2812 non
1099 2756 1201 2810 debere
1218 2755 1259 2810 vel
1274 2770 1357 2825 posse
1381 2752 1537 2820 convocari,
1557 2753 1691 2826 synodum
1705 2752 1765 2809 sine

116 2856 286 2912 supervacua
301 2841 420 2912 putanda
436 2847 477 2896 est
490 2840 676 2911 posteriorum
690 2840 840 2912 diligentia,
853 2840 918 2912 quia
963 2844 1086 2912 jussione
1110 2843 1154 2899 vel
1178 2859 1314 2899 consensu
1336 2842 1453 2898 Romani
1474 2841 1610 2913 pontificis
1620 2863 1629 2909 ;
1645 2849 1672 2898 at
1695 2841 1767 2897 sacri

115 2930 156 2985 ubi
171 2929 256 2985 saluti
270 2929 338 2984 nihil
361 2929 564 2996 detrahebatur,
589 2929 735 2985 humilitati
753 2929 854 3000 aliquid
869 2930 918 2984 ad·
965 2931 1069 2988 Nicaeni
1083 2947 1203 2988 canones
1217 2932 1310 2988 dicunt
1325 2932 1404 3002 (can.
1423 2932 1451 3003 5)
1469 2948 1476 2985 :
1494 2952 1505 2982 ι
1522 2930 1708 3002 beneplacuit
1722 2946 1767 2985 aa·

116 3017 250 3086 diderunt,
267 3033 322 3090 quo
335 3017 410 3073 salus
426 3017 509 3072 tutius
531 3017 693 3085 muniretur,
711 3018 815 3088 experti
833 3017 916 3075 credo
966 3020 1009 3075 nis
1022 3020 1139 3091 singuiis
1153 3037 1204 3091 per
1218 3035 1437 3092 unamquamque
1446 3019 1617 3090 provinciam
1633 3019 1711 3073 bisin
1720 3034 1768 3074 an·

116 3107 268 3180 aliquorum
284 3105 361 3162 fictas
374 3105 546 3178 poenitentias
559 3123 609 3178 per
629 3105 768 3163 affectatas
782 3069 952 3162 bonorumC
966 3123 1003 3163 no
1017 3109 1131 3164 concide
1146 3109 1289 3176 celebrari,
1306 3117 1335 3163 ut
1350 3107 1531 3166 communiter
1545 3108 1671 3164 omnibus
1685 3106 1766 3163 simul

116 3196 260 3267 potentias.
277 3195 385 3268 Cogunt
406 3195 479 3251 enim
503 3195 602 3251 multas
627 3195 749 3251 invenire
768 3194 917 3251 medicinas
967 3196 1104 3268 episcopis
1118 3198 1294 3269 congregatis
1308 3197 1467 3267 provinciae,
1478 3196 1655 3251 discutiantur
1670 3196 1766 3264 hujus·

116 3286 262 3341 multorum
277 3284 465 3355 experimenta
478 3284 646 3340 morborum.
664 3285 763 3340 Verum
777 3284 805 3338 in
820 3285 916 3354 hujus·
966 3286 1041 3341 modi
1067 3285 1272 3357 quaestiones.»
1302 3286 1337 3340 Et
1368 3284 1591 3339 chalcedonense
1621 3284 1766 3340 concilium

116 3374 185 3430 modi
198 3373 304 3442 cauas,
319 3373 366 3428 ubi
379 3389 429 3444 per
442 3389 538 3444 graves
552 3373 756 3428 dissensionum
770 3373 915 3439 scissuras,
966 3376 1042 3444 (cart.
1067 3376 1134 3444 ist:
1161 3373 1329 3439 «Decrevit,
1358 3372 1493 3443 inquiens,
1525 3379 1619 3427 sancta
1644 3372 1766 3442 synodus

116 3477 166 3518 nan
179 3463 266 3532 hujus
280 3469 327 3516 aut
340 3461 411 3517 illius
426 3462 544 3517 bominis
561 3471 603 3517 est
624 3461 784 3533 periculum,
801 3462 850 3516 sed
863 3477 916 3532 po·
966 3462 1115 3518 secundum
1130 3476 1250 3518 canones
1265 3463 1385 3527 Petrum,
1402 3460 1444 3515 bis
1458 3460 1565 3516 inauno
1580 3460 1725 3531 episcopos
1734 3458 1763 3515 in

115 3550 242 3621 palorum
267 3557 376 3620 strages
389 3549 498 3620 jacent,
523 3550 718 3606 detrabendum
741 3558 782 3605 ast
813 3548 916 3620 aliquid
966 3550 1084 3622 idipsum
1099 3550 1127 3604 in
1141 3565 1301 3622 unaquaque
1316 3548 1454 3620 provincia
1468 3549 1624 3615 convenire,
1642 3563 1765 3620 quome-

116 3637 263 3707 severitati,
279 3647 309 3693 ut
320 3637 469 3707 majoribus
484 3638 566 3694 malis
580 3638 711 3694 sanandis
724 3637 843 3694 charitas
858 3637 917 3694 sin·
965 3639 1145 3711 tropolitanns
1159 3638 1271 3693 antistes
1281 3637 1449 3710 probaverit,
1462 3645 1488 3692 et
1497 3637 1635 3709 corrigere
1646 3636 1764 3710 singula,

116 3741 177 3785 tera
191 3727 349 3784 subveniat.
370 3728 443 3783 nSic
457 3728 674 3783 multitudinibus
699 3744 748 3799 per
768 3728 917 3784 schismata
967 3729 990 3784 si
1005 3745 1066 3801 quae
1081 3727 1202 3783 iortassis
1214 3727 1385 3783 emerserint.
1407 3747 1418 3776 »
1437 3725 1533 3782 Sedet
1556 3726 1719 3782 Antiocheni
1739 3732 1766 3782 et

115 3819 284 3872 athaerescs
306 3816 483 3887 percuntibus
510 3816 633 3873 Ecclesia
655 3816 791 3873 catholica
814 3815 916 3872 subvc·
967 3816 1065 3873 hiricae
1077 3817 1357 3889 provinciaecanones
1380 3815 1423 3870 bis
1446 3815 1592 3873 concinunt
1615 3814 1766 3872 constitutis

116 3906 171 3962 aire
185 3905 343 3962 consuevit.
368 3906 402 3959 Et
425 3905 460 3962 de
482 3906 535 3962 bac
558 3906 720 3961 discretione
744 3905 870 3962 Gelasius
889 3905 917 3960 in
967 3906 1057 3978 (conc.
1073 3905 1222 3970 Actiaci„
1234 3908 1356 3973 can.20,·
1371 3921 1449 3962 coac.
1462 3904 1564 3976 Afric,
1579 3918 1642 3960 can.
1661 3904 1717 3975 62).
1732 3905 1767 3960 ιιι

117 3994 236 4066 quadm
257 4009 309 4050 sua
332 3993 454 4065 epistola,
475 4000 503 4050 et
526 3993 621 4050 beatus
639 3994 788 4066 Gregorius
808 3994 837 4048 in
860 3993 917 4049 suis
967 3995 1140 4050 Innocentius
1156 3994 1191 4049 ad
1207 3994 1363 4050 victricium
1379 4010 1387 4048 ι
1406 4014 1417 4044 ι
1435 3993 1464 4049 Si
1479 3993 1766 4065 quaecausaeveloon·

117 4082 248 4153 epistolis,
270 4090 298 4138 et
320 4081 350 4137 in
371 4081 431 4137 aliis
452 4083 509 4138 suis
537 4082 618 4138 dictis
646 4083 806 4139 mirabiliter
830 4081 917 4139 disse·
967 4083 1102 4140 tentiones
1117 4082 1187 4139 inter
1199 4082 1317 4139 clericos
1332 4090 1388 4138 tam
1402 4081 1551 4153 superioris
1565 4082 1669 4138 ordinis
1684 4098 1766 4154 quam

117 4178 240 4227 ruerunt.
967 4172 1048 4227 etiam
1061 4171 1196 4228 inferioris
1207 4171 1426 4237 luerintexortae,
1439 4178 1468 4226 ut
1476 4171 1624 4226 secundum
1633 4171 1766 4243 synodum

148 4259 252 4316 Verum
276 4258 356 4315 etde
380 4258 602 4315 translationibus
624 4259 815 4331 episcopomm
837 4260 917 4316 aliter
966 4261 1115 4324 Nicaenam,
1132 4260 1306 4331 congregatis
1322 4259 1444 4328 ejusdem
1458 4259 1608 4329 provincias
1619 4259 1764 4331 episcopis,

118 4348 216 4419 antiqui
230 4355 397 4403 censuerunt
418 4348 571 4419 pontifices,
591 4348 670 4404 aliter
691 4357 781 4404 autem
803 4348 917 4405 concilia
965 4349 1085 4423 jurgium
1100 4349 1270 4412 terminetur,
1293 4354 1418 4418 patenter
1438 4347 1564 4402 ostendit.
1585 4371 1596 4395 a
1612 4348 1646 4401 Et
1662 4348 1715 4402 Leo
1730 4347 1766 4402 ad

119 4436 291 4508 episcopalia,
308 4443 335 4490 et
345 4453 379 4492 ex
392 4437 435 4492 his
450 4444 596 4510 sequentes
607 4437 819 4493 Romaaaesedis
829 4437 918 4508 ponti·
930 4426 958 4488 D
969 4438 1142 4493 Anastasium
1158 4437 1267 4507 scripsit
1283 4453 1290 4491 :
1308 4460 1319 4484 u
1337 4438 1377 4491 Dc
1396 4434 1528 4500 conciliis,
1552 4435 1687 4506 iuquiens,
1705 4435 1765 4506 epi-

120 4521 179 4580 licas
197 4541 261 4597 quae
280 4525 398 4580 tenenda
417 4533 480 4581 sunt
502 4525 691 4582 decreverunt.
717 4526 854 4597 Scriptum
874 4533 915 4581 est
965 4526 1119 4597 scopalibus
1133 4541 1189 4581 non
1204 4524 1275 4580 aliud
1291 4524 1446 4594 indicimus,
1463 4539 1543 4596 quam
1565 4523 1651 4579 sancti
1670 4525 1765 4579 Patres

121 4612 196 4668 etiam
210 4613 240 4668 in
259 4612 379 4684 praelatis
398 4613 530 4684 epistolis,
551 4622 581 4669 ut
594 4614 782 4670 accusationes
805 4615 914 4685 episco·
965 4613 1109 4670 salubriter
1122 4613 1289 4680 ordinarunt,
1306 4621 1335 4668 ut
1349 4613 1452 4670 scilicet
1475 4612 1531 4667 bini
1545 4619 1695 4668 conventus
1714 4627 1765 4682 per

122 4714 209 4770 porum
223 4717 282 4757 non
295 4701 471 4773 recipiantur,
488 4711 514 4758 et
527 4703 554 4758 in
570 4703 673 4758 eisdem
694 4704 810 4759 babetur
824 4704 914 4775 quali·
964 4719 1052 4767 annos
1068 4703 1191 4776 singulos
1215 4703 1373 4769 habeantur,
1395 4701 1422 4756 in
1450 4701 1548 4773 quibus
1577 4701 1610 4755 da
1638 4699 1766 4756 omnibus

123 4795 158 4844 ter
170 4789 346 4862 recipiantur,
364 4799 390 4846 et
406 4799 464 4847 uta
480 4792 537 4848 suis
548 4793 645 4848 ovibus
660 4792 780 4864 episcopi
790 4794 914 4849 accusari
964 4792 1082 4864 querelis
1098 4809 1158 4864 quae
1173 4793 1245 4847 inter
1264 4792 1387 4848 diversos
1410 4789 1540 4845 Ecclesiae
1563 4788 1675 4844 ordines
1690 4788 1767 4846 nasci

123 4879 301 4934 convaleant.
317 4880 351 4935 Et
365 4878 393 4934 in
408 4880 645 4936 constitutionibus
662 4882 747 4936 sancti
765 4881 888 4937 Silvestri
905 4898 912 4936 ι
964 4882 1084 4938 assolent
1096 4881 1240 4950 judicetur.
1260 4902 1271 4931 a
1289 4882 1324 4935 Et
1338 4886 1447 4934 sanctus
1467 4878 1616 4949 Gregorius
1631 4878 1666 4933 ad
1682 4877 1766 4934 Galli-

125 4985 134 5014 ι
149 4966 180 5022 ιιι
195 4967 285 5023 nullus
299 4967 386 5023 laicus
400 4969 502 5024 crimen
517 4969 618 5025 clerico
640 4969 738 5025 audeat
758 4969 869 5035 inferre,
888 4978 914 5027 et
963 4986 1046 5026 canos
1061 4953 1205 5042 episcopos
1217 4969 1309 5025 scribit
1324 4969 1383 5039 (lib.
1400 4982 1450 5034 vn,
1466 4967 1527 5023 ind.
1546 4971 1574 5035 ι,
1599 4983 1642 5038 ep.
1660 4970 1721 5036 ιιι,
1738 4967 1766 5022 in

124 5061 148 5109 ut
158 5056 301 5128 presbyter
315 5071 370 5113 non
384 5057 513 5113 adversus
529 5058 697 5130 episcopum,
714 5073 769 5113 non
783 5059 913 5115 diaconus
964 5059 1030 5131 line)
1047 5076 1053 5116 t
1072 5082 1082 5106 u
1101 5060 1159 5115 Nec
1168 5075 1228 5124 nos,
1239 5056 1375 5129 inquiens,
1387 5056 1416 5110 in
1426 5056 1478 5113 hac
1489 5056 1679 5112 sollicitudinis
1689 5062 1767 5127 parte

124 5141 249 5199 adversus
261 5145 472 5217 presbyterum
492 5167 502 5196 r
520 5147 669 5212 etiterum,
687 5162 704 5202 a
719 5147 826 5218 quantis
836 5163 913 5204 accu-
963 5149 1151 5221 relinquimus,
1165 5147 1238 5219 quod
1252 5146 1287 5200 de
1302 5145 1436 5200 habendis
1451 5162 1502 5217 per
1514 5147 1656 5217 parochias
1670 5143 1766 5201 conci·

125 5232 170 5287 sari
183 5232 294 5288 valeant
303 5233 339 5289 ab
353 5250 387 5290 eo
401 5235 585 5291 constitutum.
598 5237 633 5291 Et
643 5236 742 5292 sirica
752 5237 910 5308 provinciae,
961 5236 1006 5294 liis
1022 5239 1132 5292 Patrum
1145 5234 1317 5307 providentia
1331 5233 1454 5290 utilitatis
1469 5250 1552 5290 causa
1566 5233 1701 5290 sancitum
1711 5241 1763 5290 est.

124 5333 232 5378 canones
246 5337 309 5386 cum
333 5321 431 5394 legatis
452 5324 608 5396 apostolica
632 5325 714 5391 sedis,
739 5341 787 5380 eos
810 5334 912 5381 tanturn
963 5326 1041 5382 Unde
1056 5341 1090 5380 ne
1111 5339 1166 5395 qua
1186 5324 1256 5380 inter
1275 5322 1375 5379 iratres
1400 5323 1545 5389 dissensio,
1561 5339 1596 5377 nc
1617 5336 1673 5394 qua
1694 5322 1765 5379 inter

123 5419 289 5468 uoumtoras
302 5411 346 5467 vel
361 5421 451 5469 vestes
467 5413 653 5470 aclcricorum
672 5415 852 5481 accusatione,
869 5416 912 5472 vel
961 5414 1124 5486 praepositos
1140 5422 1167 5469 et
1186 5414 1325 5482 subjectos
1349 5413 1404 5468 sint
1425 5412 1544 5468 fomenta
1565 5411 1722 5483 discordia,
1736 5412 1764 5468 in

123 5506 208 5558 ostra
220 5499 339 5560 clericos
359 5499 561 5573 testificatione,
587 5503 721 5562 removeri
741 5503 911 5576 pracipiunt,
961 5519 1046 5562 unum
1059 5503 1216 5563 sacerdotes
1224 5501 1371 5564 convenire
1378 5516 1494 5562 became
1502 5507 1555 5572 cst,
1563 5500 1767 5565 uideuatur·
