3794 6104
120 234 188 294 tott

123 418 402 445 m

651 235 822 296 uolontas
848 236 1040 298 ttottlctttts
1062 239 1290 301 snttottttttatt.

310 498 560 636 lttlttltht
597 498 1025 637 lltlltttllttlttt
1065 503 1258 640 ttlttlt
1294 505 1573 642 ltltllttlt

720 725 854 782 LEVlTAE
880 726 926 781 ET
957 727 1143 796 annotata,

372 852 429 912 EX
456 850 653 911 HISPANIA
681 851 726 912 IN
754 852 992 914 oasTRoNsa
1019 854 1183 918 GALLIAE
1212 856 1534 935 MONASTERIUM.

138 988 270 1051 Duobus
296 986 389 1046 libris
411 985 575 1064 prosaicis
603 985 729 1062 scripto
754 983 795 1043 ab
820 985 1145 1125 tiliuomotmottacho
1165 989 1199 1050 S.
1230 989 1388 1052 Germani
1415 991 1437 1052 ὰ
1460 994 1594 1070 Pratis,
1626 995 1742 1055 duobus

813 1081 889 1123 aean
911 1081 961 1125 me
977 1084 1070 1126 ricta.

670 1178 762 1252 (Apud
776 1179 876 1236 htahih.
892 1183 952 1238 hot.
969 1182 1018 1239 SS.
1030 1183 1090 1240 ord.
1108 1184 1137 1241 S.
1152 1185 1268 1258 Bened.)

607 1371 807 1429 hlalttortll
830 1373 1102 1436 oasantlttottas
1129 1380 1289 1475 eliatha.

156 1591 183 1640 1.
198 1583 316 1640 Libellos
326 1581 443 1637 aimoini
458 1582 528 1637 duos
538 1581 572 1636 de
588 1579 726 1636 Miraculis
742 1581 770 1636 S.
790 1581 921 1636 Germani
936 1581 965 1638 A
977 1585 1046 1640 siam
1056 1587 1238 1643 cathedralem
1249 1597 1371 1645 erectum
1386 1590 1766 1658 establoanneXXll,modo

122 1655 288 1712 Parisiorum
308 1653 435 1709 antistitis
449 1650 558 1707 exhibui
574 1650 601 1704 in
616 1651 708 1706 saeculi
722 1651 793 1706 tertii
808 1660 881 1707 tomo
896 1654 919 1706 ll

137 1727 193 1782 tto.
204 1727 292 1849 ingre,
305 1724 357 1780 col.
373 1723 453 1793 1087)
464 1741 471 1776 :
481 1737 553 1777 8888
561 1720 673 1776 totidem
684 1720 769 1776 libros
779 1722 813 1776 de
823 1724 920 1776 Trans-

970 1671 986 1710 a
1000 1656 1177 1713 saecularibus
1192 1659 1331 1716 canonicis
1345 1669 1519 1731 occupatum.

1005 1747 1030 1798 ³.
1043 1743 1139 1800 Obiter
1161 1747 1287 1813 observo,
1304 1748 1486 1804 Guarnerium
1499 1748 1706 1806 hasbacensem
1719 1751 1759 1805 ab

132 1796 222 1852 atione
253 1793 405 1850 ‚vincentii
416 1792 557 1847 abeodem
567 1791 786 1847 solutaoratione
804 1793 919 1874 scriptos
969 1813 1069 1884 halem,
1089 1817 1133 1887 qui
1155 1817 1182 1870 in
1203 1817 1321 1890 vulgatis
1344 1819 1479 1874 indicibus
1499 1820 1621 1875 omissus
1636 1831 1687 1886 032,
1702 1822 1759 1877 sm:

122 1882 184 1923 cum
198 1865 259 1920 aliis
283 1864 392 1919 duobus
417 1862 538 1919 metricis
564 1861 692 1916 exhibere
707 1863 792 1931 juvat.
818 1864 877 1917 Fuit
896 1880 920 1917 rs

121 1936 270 1992 monachus
287 1932 404 1990 coenobii
415 1933 443 1988 S.
456 1932 585 1988 Germani
595 1947 610 1986 a
621 1932 707 1986 Pratis
718 1933 789 2003 8888
800 1933 920 1988 Parisios

989 1884 1058 1940 sisse
1073 1888 1235 1957 opusculum
1250 1887 1390 1945 metricum
1405 1890 1440 1944 de
1453 1888 1481 1944 S.
1494 1890 1640 1946 Vincentio
1654 1901 1759 1947 mantra

969 1901 1102 2011 finetenus
1115 1957 1256 2025 ineditum,
1272 1960 1344 2039 quod
1360 1960 1415 2031 legi
1429 1961 1458 2014 in
1471 1976 1524 2016 ms.
1541 1962 1641 2017 codice
1650 1950 1760 2019 Gemblt·

121 2007 172 2062 sub
182 2005 296 2062 Gozlino
316 2004 425 2070 abbate,
441 2003 487 2075 qui
498 2003 533 2057 ab
551 2017 624 2056 anno
642 2002 750 2058 circiter
769 2006 820 2057 850
831 2003 920 2058 eidem
970 2027 1045 2081 censi
1059 2027 1109 2081 sub
1123 2029 1176 2084 hoc
1191 2029 1305 2084 exordw
1323 2045 1329 2084 :

119 2077 181 2133 loco
199 2091 320 2147 praesse
338 2074 429 2198 88888,
451 2081 533 2145 atque
553 2071 678 2127 Aimoino
694 2081 722 2126 ut
742 2072 874 2128 miracula
890 2073 917 2129 S.

121 2145 253 2203 Germani
275 2144 379 2217 peracri
399 2151 466 2213 eret,
498 2142 644 2197 mandavit.
669 2142 725 2198 llos
748 2159 814 2198 vero
836 2143 920 2198 libros

121 2216 262 2272 aimoinus
270 2214 377 2284 scripsit
387 2230 420 2269 ex
430 2214 561 2269 relatione
569 2212 685 2266 audaldi
695 2213 829 2281 monachi,
842 2214 921 2269 istius

120 2285 307 2342 translationis
323 2284 466 2354 adjutoris,
484 2286 566 2356 cujas
581 2283 615 2337 ab
632 2299 678 2339 ore
692 2301 753 2354 aaa
772 2284 918 2351 dicantar,

122 2373 188 2414 ocos
211 2358 240 2422 ‘t,
253 2371 286 2411 ex
296 2354 343 2409 lib.
354 2370 373 2420 t,
385 2370 445 2424 888.
457 2357 484 2411 2.
497 2352 569 2408 Editi
578 2359 640 2406 sunt
651 2354 819 2424 quatuoristi
829 2354 890 2408 libri
904 2370 921 2409 a

121 2427 188 2482 Jaco
235 2424 454 2480 BrolioPratensi
464 2423 599 2479 monacho
608 2422 635 2477 in
646 2423 839 2504 supplemento
849 2425 922 2479 dnti-

1124 2167 1161 2212 uls
1174 2169 1225 2230 tua,
1235 2169 1340 2230 Chrlsta,
1351 2168 1491 2223 salutllera,

1101 2171 1529 2331 itaintonantes..

970 2388 1075 2444 Deinde
1088 2388 1116 2443 ia
1130 2390 1360 2461 consequentibus
1374 2391 1429 2463 agit
1442 2391 1477 2447 de
1488 2392 1559 2448 cella
1575 2408 1624 2448 seu
1633 2401 1751 2450 moneat·

971 2459 1012 2514 rio
1027 2460 1055 2514 S.
1074 2459 1207 2516 vincentii
1222 2477 1308 2531 prope
1323 2461 1454 2532 Hispalim
1467 2463 1511 2517 his
1524 2464 1651 2520 versibus
1667 2482 1674 2518 ε

122 2496 253 2569 quitatum
272 2494 477 2550 Parisiensium.
497 2496 582 2549 Porro
606 2492 746 2548 himornus
768 2495 920 2550 auditorem

121 2566 215 2621 habuit
224 2566 366 2621 Abbonem
376 2565 497 2633 ejusdem
506 2564 558 2620 loci
568 2565 741 2631 monachum,
753 2565 798 2636 qui
806 2565 840 2619 de
850 2565 924 2619 obsi-

122 2636 203 2691 dione
212 2636 348 2691 Parisiaca
357 2635 442 2689 libros
450 2635 518 2689 duos
527 2633 653 2689 versibus
662 2635 768 2701 cecinit,
779 2635 920 2704 praemisso

121 2706 244 2762 carmina
262 2705 397 2776 dactylico
417 2705 453 2760 ad
471 2705 625 2760 aimoinum
649 2715 856 2776 preceptorem.
880 2707 921 2760 Ex

122 2792 185 2849 quo·
200 2776 367 2847 intelligitur,
394 2776 549 2830 aimoinum
573 2789 645 2829 anno
673 2779 735 2839 888,
764 2791 818 2846 quo
842 2775 920 2831 dbbo

121 2846 268 2909 scribebat,
291 2846 462 2916 superstitem
487 2843 581 2899 luisse.
604 2845 670 2924 Ejus
694 2845 783 2900 obitus
799 2845 921 2916 signatur

120 2915 149 2969 in
162 2923 317 2987 pervetusto
332 2914 495 2983 Necrologio
509 2916 634 2970 Pratens1
648 2915 691 2968 his
700 2915 790 2969 verbis
804 2933 810 2968 :
825 2936 836 2964 ι
849 2931 867 2967 v
877 2915 919 2969 ld.
935 2919 961 2979 Β

121 2985 232 3041 tunitde
271 2984 440 3039 sitiodomini
449 2983 587 3038 Haimonis
596 2984 756 3040 sacerdotis.
767 3006 778 3033 ι
789 2985 920 3040 Diversus

121 3062 164 3110 est
178 3056 231 3110 isa
264 3055 389 3109 aimoino
411 3054 548 3109 Francicae
572 3054 692 3109 historia
713 3054 856 3124 scriptore,
874 3055 919 3126 qui

120 3124 170 3181 luit
185 3125 336 3181 monachus
351 3123 533 3179 Floriaeensis
547 3125 598 3179 sub
613 3124 707 3179 Abone
723 3124 829 3179 abbate.

153 3217 180 3271 2.
202 3213 306 3268 Primus
327 3213 396 3266 duos
420 3212 528 3282 priores
560 3212 645 3268 libros
668 3212 702 3266 de
730 3212 920 3268 Translatione
1259 3276 1264 3285 ,

119 3284 147 3339 S.
178 3282 313 3339 vincentii
340 3283 456 3336 bernoni
493 3282 628 3338 Castrensi
662 3281 753 3336 abbati
782 3282 859 3351 (obbo
886 3283 919 3338 de
1103 3276 1520 3338 ⁰¹¹⁰⁰l⁸b⁰¹¹¹ffli'fleltihecleffl·

121 3354 245 3423 Cestros)
260 3353 372 3423 ejusque
397 3351 525 3406 fratribus
542 3352 717 3422 nuncupavit.
734 3352 807 3406 Istud
820 3367 919 3407 mono·
1101 3328 1477 3437 ffic⁸ssffi¹czsseffsss²³3⁸r¹ffi¹ssffisgnflg

120 3424 234 3479 sterium
251 3446 262 3471 a
280 3438 351 3477 anuo
374 3422 483 3477 Domini
503 3424 554 3477 ott
569 3423 715 3486 liebertus,
732 3422 878 3476 anselinus
893 3430 921 3477 et
1100 3435 1143 3494 cut
1155 3433 1521 3496 oomtnuaoeusomntpotans

118 3493 224 3560 Daniel,
240 3501 295 3548 tres
310 3493 360 3548 viri
396 3492 413 3545 ii
427 3501 453 3547 et
468 3492 574 3547 nobdes
589 3493 832 3548 construxeruntin
847 3507 919 3563 pago
1099 3489 1206 3533 V¹1¹⁰⁰¹⁰
1216 3486 1347 3532 fflfflfflffls
1360 3488 1466 3550 tribuit„

117 3564 270 3636 albigensi,
283 3563 359 3631 juxta
373 3509 485 3617 linaium
500 3563 598 3634 agouti
614 3563 665 3616 sub
680 3562 777 3634 regula
791 3562 819 3616 S.
836 3563 921 3617 Dene-
1100 3540 1206 3595 mmm
1216 3539 1275 3584 ‘¹⁰¹⁰
1288 3550 1336 3586 ⁵¹¹⁸
1348 3539 1488 3596 ‘nummu’

118 3633 193 3701 dicti,
215 3657 225 3680 8
242 3634 386 3702 adjuvante
400 3633 527 3687 Faustino
542 3641 651 3687 strenuo
667 3648 698 3687 88
732 3631 853 3686 radivitc
868 3631 919 3686 mi·

117 3703 175 3768 lite,
194 3726 206 3751 a
223 3704 269 3774 qui
283 3704 431 3759 monachus
446 3702 533 3758 iactus
548 3703 691 3758 ecclesiam
706 3649 734 3757 ἒ.
750 3702 889 3758 Benedicti
903 3718 919 3757 a
968 3700 1008 3754 Eo
1022 3699 1050 3753 in
1060 3699 1121 3755 loeo
1146 3700 1286 3772 Eugenius
1309 3701 1446 3756 secundus
1471 3700 1611 3757 Toletanis
1624 3702 1696 3759 sedis
1707 3701 1754 3773 epi·

117 3773 302 3829 fundamentis
317 3789 417 3846 magno
432 3781 540 3843 sumptu
555 3771 708 3836 edificavit,
726 3780 825 3842 etpost
840 3788 918 3826 mor·
968 3786 1066 3840 scopus
1093 3771 1176 3825 vitam
1203 3770 1382 3826 monasticam
1418 3771 1510 3843 egisse
1551 3773 1619 3826 mihi
1654 3774 1755 3841 videtur,

116 3850 173 3899 tem
188 3843 300 3899 Roberti
325 3842 461 3898 secundus
475 3842 633 3898 monasterii
649 3842 733 3897 abhas
750 3862 761 3891 ι
778 3843 873 3907 evasit,
890 3849 919 3896 ut
965 3842 1065 3912 quippe
1081 3841 1127 3923 qui
1142 3841 1236 3912 sagaci
1249 3841 1313 3914 luga
1328 3841 1425 3896 urbem
1441 3842 1758 3924 Caesaraugustanampt-

118 3913 145 3969 le
166 3915 220 3968 itur
233 3914 262 3966 in
285 3913 406 3981 ejusdem
422 3913 579 3967 monasterii
599 3912 742 3974 Chronico,
759 3912 831 3982 quod
847 3912 918 3983 typis
970 3919 1040 3975 tona,
1055 3911 1110 3965 illic
1125 3920 1270 3981 martyrum
1286 3910 1417 3980 sepulcris
1439 3911 1559 3977 inhaesit,
1575 3914 1669 3985 ibique
1682 3912 1757 3968 818811

119 3930 259 4055 vtfigatum
274 3990 315 4037 ost
329 3982 504 4053 inSpicilegii
515 3991 588 4037 tomo
599 3983 655 4036 Vll.
666 3981 760 4036 Eidem
775 3982 836 4037 loco
851 3998 919 4052 prae
968 3980 1109 4051 sapientiae
1133 3990 1158 4036 et
1171 3981 1342 4105 8888881188]
1358 3982 1484 4036 monachi
1499 3983 1633 4039 decenter
1651 3983 1756 4045 incoluit,

1104 2589 1168 2635 cella
1179 2589 1264 2646 procul
1275 2589 1347 2635 bldui
1359 2591 1443 2646 apatlo

1103 2643 1136 2688 ab
1150 2643 1235 2698 888811
1249 2645 1335 2688 manet
1345 2643 1461 2741 88881118.

1103 2697 1195 2757 Sancta
1208 2697 1348 2742 monastica
1360 2706 1387 2741 re
1399 2705 1452 2794 1888

1103 2748 1458 2856 tatttttanttaaa

1103 2854 1160 2899 sola
1172 2856 1221 2899 oco
1233 2856 1304 2901 vacat
1315 2854 1368 2914 ham
1379 2863 1486 2906 eremus,

1105 2908 1161 2951 Fert
1171 2907 1288 2961 scopulos
1297 2907 1449 2970 aridumque
1459 2916 1552 2954 namus

1102 2962 1174 3057 (18888
1184 2961 1357 3021 supereminet
1368 2969 1462 3055 8818118,

1102 3012 1484 3127 Ni?fflri¹tievlril‡eltibgiegxigilus.

1104 3118 1261 3162 1188881188
1272 3117 1337 3172 eaptt
1348 3120 1487 3178 ecetesiam.

1103 3170 1536 3269 tttattsatattataaa

1099 3593 1215 3641 Nobilius
1225 3594 1300 3649 eaput
1309 3593 1435 3649 exposuit.

121 4051 170 4107 tuit
181 4067 252 4106 anno
267 4054 318 4106 810
333 4053 421 4106 Darne
444 4052 529 4106 abbas
549 4052 718 4117 undecimus,
735 4051 778 4106 oui
797 4067 917 4122 sequen·
966 4058 995 4104 ut
1010 4051 1103 4105 scribit
1126 4050 1170 4105 llil
1191 4050 1302 4106 elonsus
1324 4052 1352 4106 in
1366 4051 1414 4106 lib.
1430 4052 1465 4107 88
1480 4053 1669 4125 Scriptoribus
1682 4054 1757 4110 ecclc-

120 4129 162 4177 tes
176 4121 260 4177 libros
275 4121 398 4178 inscribit
412 4121 563 4177 himoinus.
579 4122 773 4177 hlonasterinm
787 4121 815 4176 in
830 4122 919 4178 eccle·
965 4120 1091 4188 siasticis,
1106 4136 1168 4192 cap.
1186 4125 1229 4176 l3.

736 4359 978 4444 Eetstoth
1015 4359 1207 4444 llttolltt

413 4512 466 4571 Ad
481 4513 635 4572 domnam
648 4513 824 4572 Bannonnn
839 4511 987 4572 abbatam
1001 4520 1194 4589 ceterosque
1208 4509 1265 4570 sab
1280 4527 1315 4570 eo
1329 4513 1466 4585 [ratres.

153 4708 251 4783 Dignis
273 4708 409 4767 memoria
431 4708 531 4764 sanctis
554 4708 686 4773 Patribus,
711 4708 812 4764 domno
826 4709 950 4772 abhatic
965 4710 1043 4765 libuit
1058 4707 1193 4764 sanctitati
1214 4715 1312 4762 vestrae
1335 4704 1402 4760 mihi
1415 4702 1525 4759 modico
1547 4710 1654 4761 tantum
1673 4704 1755 4773 imm-

120 4799 249 4864 8888οηὶ,
287 4797 446 4868 caetcrisqne
482 4796 532 4850 sub
562 4812 595 4852 eo
622 4796 758 4861 iratribus,
788 4796 815 4850 in
846 4812 918 4869 pago
968 4814 1035 4871 gere
1053 4797 1214 4870 negotium:
1232 4802 1365 4866 quatenus
1385 4792 1622 4848 adventumbeati
1641 4792 1757 4848 levitae

120 4885 243 4944 Albiensi
257 4893 284 4942 et
293 4884 459 4941 monasterio
471 4884 542 4939 beati
551 4885 699 4954 Benedicti,
711 4885 783 4955 quod
794 4884 918 4939 Castrum
967 4885 1095 4957 martyris
1116 4884 1215 4940 Christi
1240 4881 1373 4938 vincentii
1396 4881 1430 4935 ad
1446 4895 1507 4950 vos,
1525 4881 1702 4952 eiusdemque
1714 4878 1756 4933 ad·

119 4974 337 5048 cognominatur,
361 4973 412 5027 sub
435 4972 493 5041 ejus
518 4972 662 5045 regimine,
686 4972 804 5045 regulari
829 4973 919 5028 studio
969 4982 1064 5029 ventiis
1086 4988 1211 5042 supernae
1225 4968 1417 5026 admonitionis
1432 4983 1555 5036 causam,
1576 4968 1673 5024 litteris
1687 4981 1756 5022 man·

119 5065 178 5119 Deo
193 5061 441 5124 commilitantibus,
458 5059 608 5130 aimoynus
622 5068 757 5131 peccator,
775 5060 839 5114 almi
855 5060 920 5116 Ger·
969 5061 1059 5117 dando
1075 5058 1191 5130 posteris
1213 5057 1363 5130 futurisque
1378 5055 1486 5112 seculis
1502 5056 1646 5113 sciendum
1659 5055 1754 5127 prabe-

119 5151 192 5207 mani
207 5150 373 5207 Parisiorum
393 5147 517 5221 praesulis
532 5149 728 5204 monachorum
743 5148 917 5214 novissimus,
969 5164 1037 5202 rem.
1064 5148 1093 5200 ln
1105 5162 1160 5217 quo
1181 5145 1263 5201 etiam
1286 5145 1353 5200 illud
1375 5152 1564 5216 competenter
1586 5144 1701 5218 exigitur
1714 5160 1721 5196 :
1735 5146 1757 5195 ot

119 5247 283 5311 praesentem
306 5237 523 5309 prosperitatem,
548 5244 731 5308 aeternamque
752 5237 781 5291 in
811 5237 919 5292 Christo
968 5235 1084 5310 grandia
1105 5234 1199 5306 paucis
1222 5232 1366 5298 elucidem,
1387 5248 1434 5286 scu
1457 5249 1508 5304 pro
1532 5231 1645 5289 vitando
1659 5229 1754 5288 fastidio

121 5341 264 5383 coronam.
968 5324 1087 5396 spatiosa
1111 5322 1187 5379 oravi
1214 5336 1340 5378 sermone
1370 5320 1555 5376 contraham:
1572 5337 1627 5393 quo
1646 5318 1756 5376 omnibus

155 5414 298 5481 Vestrae
321 5413 501 5470 amantissimi
524 5415 627 5480 Patres,
655 5411 789 5484 prudenti.
812 5427 919 5468 necnon
967 5412 1122 5486 legentibus
1146 5412 1198 5466 hoc
1218 5425 1296 5481 opus,
1310 5407 1420 5464 Christo
1434 5405 1555 5475 maante,
1575 5408 1755 5479 probaturae·

120 5510 147 5560 et
161 5500 286 5558 imitabili
310 5502 483 5573 simplicitate
505 5508 655 5576 comperta,
681 5516 737 5556 non
750 5499 834 5555 miror
847 5500 919 5572 quod
968 5500 1084 5572 captiua.
1114 5499 1144 5553 ld
1170 5513 1280 5571 quoque
1308 5495 1541 5569 quemadmodum
1568 5495 1606 5551 de
1632 5491 1758 5550 nuituis

626 5597 635 5621 Ι
