3794 6104
583 208 759 267 EPISTOLAE
781 205 827 265 ET
852 206 1024 263 bacaatx.
1580 214 1632 271 762

101 338 137 395 ta
158 338 227 392 bene
249 336 359 408 quidem
374 335 401 389 in
420 335 499 389 nohis
521 333 739 397 delectabamini,
756 341 782 387 et
797 330 956 404 Aloquere,
973 339 999 386 et
1021 332 1164 386 exhortare
1188 333 1215 385 iu
1241 331 1349 388 Christo
1371 335 1445 399 lesu,
1470 343 1499 388 ut
1519 349 1569 406 pro
1583 349 1631 392 ac·

99 425 171 483 libus
194 425 337 498 gaudiiset
352 424 518 495 profectibus
539 423 717 483 fruebamini,
735 422 782 476 sed
833 428 911 490 cepto
927 428 953 474 et
976 419 1153 490 multiplicato
1177 419 1366 475 familiaritatis
1391 421 1492 476 talento
1520 422 1547 476 in
1562 438 1632 495 gau·

97 530 122 571 ts
146 513 206 585 quis
221 529 269 567 ros
283 513 317 568 de
333 522 433 568 caetero
449 513 603 582 deceperit;
622 508 682 582 quis
698 523 776 582 orgo·
833 506 908 561 dium
930 508 1036 562 Domini
1060 508 1145 562 nostri
1168 509 1427 564 merearisintrare.
1444 510 1502 564 Nos
1518 526 1593 575 xero,
1611 511 1634 565 si

97 612 162 658 ictus
184 602 295 668 diaboli,
319 603 363 672 qui
388 602 451 654 olim
468 618 517 670 per
532 609 685 670 serpentem
699 600 783 652 Eram
834 611 883 649 nos
913 595 1063 662 audieritis,
1093 596 1153 669 quia
1182 613 1230 652 ros
1258 605 1385 668 tanquam
1411 598 1509 653 fratres
1522 607 1547 653 et
1563 596 1633 654 filios

97 704 162 757 ,ros
178 706 194 744 a
210 701 285 744 recto
302 690 396 743 itinere
412 690 510 744 callida
525 689 651 742 suasione
668 697 784 741 retraxe-
834 700 940 738 summo
956 701 1049 738 amore
1063 685 1256 754 diligirnus,da
1270 686 1346 740 luero
1357 687 1438 740 vestri
1454 687 1634 757 gaudebimus

97 781 186 835 fenon
205 776 781 849 parumdolemusnecleriterauxiumur;
835 781 860 826 et
889 773 1185 842 superexsultabimus,
1209 774 1250 827 sin
1280 783 1380 840 autem,
1406 775 1529 830 dicemus
1560 776 1634 830 omui

97 877 178 934 eote,
195 867 313 921 rirorum
335 867 447 936 optimc,
472 868 655 929 cohortamur,
672 866 783 936 loquere
834 860 975 925 Ecclesiae,
992 868 1019 914 ct
1034 862 1101 915 sicut
1116 861 1248 916 Dominus
1277 864 1406 933 pracepit
1426 864 1526 933 (iturea
1543 865 1633 933 xixti),

97 972 123 1012 es
145 956 267 1025 ejusdcm
289 955 378 1009 dilecti
405 954 450 1007 filii
475 954 559 1008 nostri
585 955 672 1024 regis;
690 953 733 1007 cui
758 960 784 1006 et
835 964 884 1002 ros
913 957 1037 1021 tanquam
1061 949 1184 1004 etnichos
1213 959 1239 1003 et
1267 950 1427 1020 publicanos
1448 951 1634 1006 habebimus:

97 1060 117 1101 ta
141 1045 199 1114 ipse
223 1045 256 1097 ad
273 1060 351 1098 aures
376 1043 587 1113 praecordiorum
603 1043 737 1112 loquatur,
755 1049 783 1094 ut
836 1044 862 1091 ct
878 1043 940 1091 tunc
957 1050 1004 1090 ros
1027 1036 1157 1101 videritis,
1180 1053 1242 1091 curn
1260 1038 1287 1091 in
1302 1038 1393 1092 rarias
1413 1055 1535 1094 errorum
1551 1049 1636 1094 teota-

97 1152 102 1189 ι
125 1133 207 1187 fidem
234 1149 287 1186 non
311 1133 391 1186 faeiat
416 1132 528 1194 irritam,
547 1140 574 1185 ui
595 1139 656 1184 anie
672 1147 701 1184 se
716 1146 784 1202 gra·
837 1124 923 1178 tiones
945 1125 1105 1180 incideritis.
1125 1126 1206 1178 tlissa
1231 1142 1280 1196 per
1305 1127 1424 1192 Paulum,
1442 1136 1468 1181 et
1483 1129 1634 1197 Eugenium

97 1230 164 1277 retro
189 1236 361 1292 nequaquam
378 1221 514 1290 respiciat,
531 1219 602 1272 riam
618 1236 669 1289 qua
685 1219 783 1272 ambu-
837 1212 1083 1305 reverendissimos
1105 1222 1130 1267 et
1152 1222 1261 1268 sanctos
1283 1215 1436 1284 episcopos.
1460 1216 1528 1270 Data
1541 1232 1640 1271 meuse

97 1326 127 1366 on
151 1310 270 1375 deserat,
298 1309 483 1380 evangelicam
505 1308 577 1378 legat
592 1307 740 1374 historiam,
758 1316 784 1360 ct
837 1299 934 1370 Aprili,
950 1300 994 1355 die
1010 1314 1069 1366 xri,
1086 1301 1233 1355 indictione
1249 1302 1401 1357 undecima.

98 1398 126 1454 bi
140 1399 276 1469 praecipue
292 1399 341 1452 soli
358 1399 447 1462 Petro,
464 1397 523 1449 aliis
538 1397 590 1450 ista
605 1395 646 1450 rel
663 1396 709 1449 illa
722 1395 784 1464 opi-
1207 1407 1265 1462 cx,

98 1503 122 1554 S,
157 1486 291 1540 Christum
315 1486 364 1539 1)οι
389 1486 442 1539 Vll'l
463 1485 558 1539 Filium
584 1485 729 1538 revelatum
758 1490 784 1537 Ol
935 1507 973 1547 An
991 1508 1127 1556 Qfflfflust
1146 1510 1184 1549 Ex
1204 1511 1349 1551 pommus
1368 1511 1501 1552 mqffifflg
1514 1505 1537 1552 ⁸·

97 1574 161 1629 riter
174 1574 273 1629 dictum
292 1592 298 1627 :
314 1576 368 1643 Epo
389 1591 438 1645 pro
464 1577 490 1628 fe
512 1573 617 1643 rapum,
643 1575 735 1636 Petre,
752 1574 786 1626 af
1146 1594 1237 1660 (Anno
1257 1596 1331 1653 373¹)

97 1662 171 1719 5050?
184 1664 252 1730 fldt'f
269 1667 316 1717 ιιι
331 1665 407 1733 llll·
425 1672 507 1720 flul·
525 1663 598 1731 th'0
613 1659 644 1723 δῖ’
670 1659 727 1713 ldis
743 1659 785 1713 Vel
800 1678 971 1750 ssEjasdem
991 1683 1163 1751 arqamentr‘,
1194 1687 1314 1754 suntque
1343 1686 1403 1753 sere
1431 1684 1529 1739 eadem
1557 1685 1638 1740 vardo

97 1766 122 1807 ta
136 1752 302 1822 putantibus,
317 1752 396 1804 Petro
412 1750 511 1804 veritas
524 1749 657 1820 praecipue
669 1749 786 1803 revelata
1099 1768 1160 1823 qum
1174 1754 1206 1806 in
1220 1756 1373 1824 superiore.

110 1839 134 1894 si
156 1856 205 1909 pro
230 1838 282 1893 tide
305 1839 377 1893 Petri
395 1847 501 1893 oratum
525 1837 696 1909 singulariter
716 1844 788 1891 csta
874 1836 1105 1893 christianissimo
1129 1840 1187 1910 regi
1208 1840 1376 1910 apostolatus
1397 1842 1483 1896 nostri
1502 1842 1639 1897 mittentes

97 1944 103 1983 t
117 1925 256 1996 deficeret,
275 1928 429 1982 consideret
445 1927 552 1996 sapiens
568 1941 614 1979 rex
630 1942 709 1996 cluam
725 1925 786 1979 lau·
838 1924 991 1995 epistolam,
1006 1927 1118 1999 dignum
1133 1928 1260 1983 duximus
1275 1937 1340 1983 utet
1355 1939 1407 1984 tum
1423 1946 1531 2001 quoque
1542 1930 1638 2002 gloriae

97 2014 787 2086 rpir'rnumfeccritb'rbemquaerensadquamiste
838 2014 1031 2079 scriberemus,
1049 2023 1074 2068 ct
1103 2016 1221 2086 gemitus
1248 2032 1281 2072 ac
1308 2017 1419 2071 dolores
1447 2019 1637 2073 nostricordis

106 2111 196 2158 tantus
211 2104 351 2173 apostolus
367 2104 476 2157 renitet
489 2101 656 2173 predicavit,
672 2102 725 2165 cui,
742 2104 788 2155 Pa·
838 2102 1018 2172 aperiremus,
1048 2119 1117 2175 quos
1144 2090 1260 2159 assidue
1280 2105 1399 2176 patimur
1413 2106 1592 2175 suspirantes,
1610 2116 1637 2161 et

97 2191 190 2255 elante,
203 2192 303 2245 veritas
314 2192 372 2245 Filii
384 2191 515 2261 patefacta
526 2198 611 2255 est,ct
621 2189 698 2257 cnjus
708 2188 786 2255 tides,
838 2189 931 2245 tristes
951 2191 1060 2262 penitus
1082 2192 1240 2247 incedentes
1260 2202 1286 2248 et
1309 2202 1419 2264 stupore
1443 2195 1526 2249 nimio
1549 2194 1637 2249 admi-

97 2279 159 2334 ilius
182 2281 297 2351 rogarit,
327 2297 381 2334 non
404 2279 511 2334 defecit.
534 2279 574 2331 Ad
594 2279 664 2332 hane
688 2278 788 2348 quippe
839 2287 938 2345 rantes,
956 2281 1093 2351 quomodo
1118 2281 1176 2351 ipse
1192 2281 1408 2352 sapientissimus
1424 2299 1469 2337 rex
1482 2293 1508 2338 et
1524 2299 1573 2337 ros
1588 2282 1639 2353 ipsi

97 2383 140 2424 am
156 2369 252 2421 urbem
272 2377 333 2438 post
354 2368 511 2434 Antiochiae,
534 2382 612 2436 citiam
628 2365 654 2418 iu
674 2367 788 2421 transitu
838 2367 922 2421 ai'crti
945 2367 1096 2438 potueritis,
1123 2377 1149 2423 ct
1164 2385 1180 2423 a
1195 2379 1271 2425 recta
1295 2372 1390 2425 semita
1413 2371 1562 2435 declinare,
1585 2380 1640 2425 eta

97 2464 114 2515 t.
127 2455 264 2511 fundatam
276 2456 430 2523 ecelesiam,
444 2466 571 2525 tauquam
583 2454 721 2508 odmundi
736 2456 787 2509 do·
840 2453 905 2508 sede
922 2454 993 2508 beati
1018 2455 1089 2509 Petri
1113 2457 1301 2526 apostolorum
1322 2459 1451 2529 principis
1474 2459 1585 2514 omuino
1600 2476 1641 2514 re·

99 2545 274 2617 properarit;
292 2552 318 2598 et
332 2545 387 2600 illie
409 2555 607 2614 consequenter
630 2543 724 2598 filium
739 2545 788 2599 bei
839 2543 957 2609 cedere3
976 2543 1030 2609 cui,
1047 2543 1116 2598 sicut
1139 2546 1317 2617 Evangelium
1344 2546 1425 2601 refert
1440 2548 1550 2617 (dotati.
1568 2548 1639 2619 xri),

97 2648 150 2688 rem
164 2649 218 2687 non
240 2649 323 2688 carne
340 2633 382 2686 rel
399 2634 541 2705 sanguine,
559 2644 586 2689 ut
600 2636 786 2706 praediximus,
840 2645 893 2683 non
919 2646 981 2686 caro
1004 2639 1031 2685 et
1051 2633 1172 2704 sanguis,
1190 2634 1273 2689 idest
1294 2636 1413 2690 humana
1435 2635 1575 2706 sapientia,
1593 2635 1642 2691 sed

98 2721 248 2781 revelante,
266 2722 333 2776 sicut
350 2722 482 2776 ueraciter
501 2725 640 2795 cognorit,
657 2724 789 2779 veraciter
838 2717 961 2789 ipseper
985 2735 1015 2773 se
1041 2721 1119 2774 Pater
1135 2722 1230 2775 Filium
1256 2723 1396 2793 proprium
1420 2724 1562 2791 revelarit,
1579 2740 1641 2780 cum

97 2807 202 2865 licerit:
216 2826 298 2880 supcr
313 2826 392 2880 quam
408 2810 490 2863 ctiam
506 2812 619 2865 solidam
635 2811 787 2867 confessio·
840 2805 884 2858 alii
908 2807 980 2861 liuuc
1003 2807 1145 2872 loannem,
1171 2810 1216 2863 alii
1240 2811 1336 2878 Elium,
1362 2811 1408 2865 alii
1430 2812 1575 2867 terendam
1597 2823 1642 2867 aut

97 2913 151 2953 mm
176 2914 251 2950 snam
268 2898 398 2951 Dominus
420 2899 746 2963 Ecctacjan1sabrjcavii3
763 2907 789 2953 ei
840 2910 922 2947 unum
944 2911 976 2949 ex
1005 2898 1146 2966 prophetis
1175 2899 1369 2978 existimarent.
1394 2900 1545 2955 Scribimus
1574 2918 1641 2973 crgo

97 2985 254 3056 :petrailla
280 3003 360 3056 supra
373 3003 463 3058 qruuu,
480 2997 507 3041 nt
524 2989 651 3043 Satniirou
667 2991 714 3055 ait,
731 3005 788 3043 scr·
841 2990 971 3053 tanquam
997 2982 1074 3038 fratri
1103 2985 1161 3053 ejus
1190 2995 1215 3041 et
1245 2988 1404 3043 altarissimo
1440 2998 1543 3045 nostro.
1573 2991 1642 3044 Nam

97 3089 145 3129 ron
169 3073 304 3128 invenitur
327 3076 480 3145 restigium.
497 3077 548 3130 Pro
564 3079 615 3133 hac
630 3079 721 3149 itaque
736 3095 788 3147 pu·
840 3080 938 3126 euucta
962 3088 1022 3143 quae
1051 3073 1085 3126 ad
1110 3075 1223 3129 salutern
1243 3077 1333 3148 gentis
1347 3086 1443 3133 restra
1457 3093 1473 3132 a
1487 3078 1567 3134 uobis
1582 3088 1643 3134 acta

120 3160 174 3217 fide
199 3163 291 3216 heatus
312 3165 404 3217 Petrus
431 3165 521 3219 Roma)
545 3175 674 3231 numius,
698 3168 725 3220 jn
741 3168 790 3221 hac
841 3167 913 3224 suut,
932 3167 959 3213 et
982 3170 1046 3232 quot
1068 3170 1095 3215 et
1117 3173 1235 3232 quantos
1259 3165 1366 3219 labores
1391 3181 1439 3235 pro
1466 3167 1642 3223 instructione

97 3250 118 3305 it
141 3250 302 3312 Ecclesiam,
319 3261 345 3305 ct
360 3252 424 3305 sede
449 3254 597 3322 apostolica
621 3255 721 3308 diutius
736 3271 789 3325 gu.
842 3248 925 3300 restri
941 3264 991 3302 uos
1006 3250 1246 3319 assumpserimus,
1264 3253 1321 3322 ipse
1337 3252 1460 3323 profecto
1472 3270 1525 3308 non
1540 3257 1641 3311 nescis

97 3356 114 3407 t,
125 3354 176 3409 pro
189 3341 240 3394 truc
252 3339 304 3393 fide
316 3341 399 3394 decus
411 3341 506 3394 mor-ris
518 3344 664 3411 assumpsit
676 3361 683 3407 3
695 3344 789 3412 sicque
840 3335 875 3388 Et
891 3336 961 3390 bene
983 3337 1093 3407 quidem
1118 3339 1235 3409 primum
1251 3340 1277 3393 in
1293 3341 1371 3394 nobis
1394 3342 1602 3397 delectabamini
1616 3352 1643 3399 et

97 3444 110 3483 o
132 3428 280 3484 Romanam
306 3429 455 3483 Ecclesiam
472 3430 497 3482 in
514 3432 565 3485 hae
581 3429 633 3484 lide
650 3430 788 3484 fundatam
847 3423 1015 3492 spifilllibus
1040 3425 1148 3498 gaudie
1172 3437 1197 3481 ⁰1
1213 3428 1377 3497 PsOfsstlibUS
1399 3429 1578 3496 fluebafflissit
1594 3432 1643 3487 sed

97 3517 789 3590 isanguinecuml'aulo,quiabderusalemusque
840 3512 977 3597 nescimus
1009 3514 1070 3584 quis
1102 3531 1150 3570 ros
1174 3515 1208 3570 de
1243 3526 1341 3571 caetero
1371 3516 1552 3586 fascinaverit,
1581 3520 1642 3590 quis

97 3604 174 3661 icam
200 3606 789 3677 regionem,scilicetinquariunerostia-
841 3601 986 3671 deceperit,
1017 3602 1078 3672 quis
1108 3619 1240 3675 organum
1269 3603 1356 3660 faetus
1377 3606 1489 3670 diaboli,
1514 3609 1642 3679 quiolim

103 3694 255 3765 Evangelio
277 3694 399 3766 replerit.
418 3695 533 3748 [lomina
548 3696 605 3750 [leo
621 3696 790 3750 consecrarit
840 3705 890 3759 per
918 3699 1074 3761 serpentem
1104 3692 1189 3745 Eram
1213 3692 1329 3759 seduxit,
1353 3704 1523 3751 rosarecto
1547 3696 1643 3754 itinere

98 3782 197 3844 iussim
222 3799 275 3852 qna
304 3780 356 3836 tide
386 3790 457 3837 tantu
488 3784 557 3837 inira
586 3785 790 3854 tuererernpus
840 3777 936 3832 callida
960 3779 1086 3833 suasione
1112 3781 1261 3835 retraxerit.
1293 3782 1643 3854 Undeuonparumdole-

97 3871 105 3925 i
128 3880 272 3926 creverunt
288 3880 312 3925 et
325 3872 484 3936 floruerunt,
502 3881 529 3924 ut
554 3872 682 3941 praelatus
706 3889 790 3944 egre·
842 3882 901 3919 mus
926 3882 978 3922 nec
999 3867 1094 3921 tenter
1117 3869 1279 3923 anxiamur:
1296 3881 1322 3924 ct
1345 3871 1447 3927 idcirco
1469 3881 1505 3942 te,
1522 3874 1644 3929 virorum

97 3959 207 4014 rostolus
223 3976 284 4013 mox
301 3959 326 4013 in
343 3960 474 4029 principio
489 3960 666 4028 epistolarum
681 3977 790 4015 suarum
842 3955 953 4024 optime,
970 3957 1152 4024 cohortamur,
1179 3958 1292 4029 loquere
1306 3961 1342 4014 ad
1356 3977 1435 4016 aures
1457 3963 1580 4031 ejusdem
1603 3964 1645 4018 di-

102 4049 161 4102 Deo
185 4049 286 4118 gratias
311 4064 394 4118 agei-0
417 4056 443 4101 ct
469 4048 628 4102 <terruncium
654 4050 791 4118 praeconia
842 4043 904 4098 lecti
920 4041 966 4097 tilii
982 4046 1065 4098 nostri
1082 4046 1167 4117 regis,
1184 4047 1227 4100 cui
1243 4056 1270 4101 et
1284 4048 1416 4104 Dominus
1432 4049 1489 4121 ipse
1504 4052 1594 4123 potius
1610 4053 1645 4107 ad

101 4139 266 4195 riderem.
285 4137 359 4190 flauo
384 4137 472 4206 itaque
497 4136 576 4189 tidem
597 4135 692 4206 fugere
716 4153 790 4191 sem-
842 4147 924 4186 aures
938 4133 1151 4202 praecordiorum
1170 4134 1305 4206 loquetur,
1323 4147 1351 4192 ut
1365 4139 1479 4208 primam
1494 4138 1574 4195 fidem
1591 4157 1644 4196 non

97 4224 188 4288 suade,
209 4224 376 4285 charissime,
394 4224 437 4293 pio
455 4224 512 4293 regi
537 4225 610 4278 sitire
628 4242 633 4277 :
651 4227 722 4280 hunc
738 4241 792 4279 non
843 4219 922 4275 faciat
937 4220 1050 4285 irritam,
1067 4231 1094 4275 ut
1107 4233 1168 4276 ante
1184 4240 1213 4277 se
1229 4225 1367 4295 gradiens,
1384 4237 1458 4281 retro
1474 4245 1646 4299 nequaquam

97 4313 203 4381 'aeeipue
226 4329 349 4383 quaerere
365 4312 416 4364 nisi
434 4315 534 4371 ltoirue,
552 4313 596 4364 ubi
613 4313 732 4382 plantata
750 4321 791 4367 est
845 4309 984 4377 respiciat,
1008 4309 1078 4362 riam
1103 4325 1156 4380 qua
1179 4312 1335 4367 ambulabat
1354 4330 1409 4368 non
1423 4314 1539 4382 deserat,
1557 4332 1644 4369 eran-

97 4408 179 4455 {abab
197 4402 274 4454 beato
292 4403 379 4463 Petro,
397 4401 440 4470 qui
458 4402 534 4462 llam),
553 4410 580 4453 ut
596 4418 675 4470 supra
696 4410 790 4455 osten-
805 4386 960 4469 Dgelicam
989 4395 1062 4468 legal
1077 4397 1228 4462 historiam,
1247 4408 1271 4452 f'l
1287 4400 1377 4454 videat
1390 4400 1425 4454 ihi
1441 4403 1577 4472 pl'aeclplle
1592 4403 1644 4457 SOll

113 4488 182 4542 sicut
206 4489 340 4543 veraciter
354 4490 482 4560 cognorit
496 4489 630 4543 veraciter
646 4497 670 4542 ct
691 4489 786 4558 praedi·
842 4485 922 4538 Petro
943 4484 1080 4538 Christum
1102 4484 1151 4539 bei
1173 4486 1226 4539 riri
1242 4487 1340 4541 Filium
1360 4490 1520 4544 revelatum.
1536 4490 1578 4544 Ad
1594 4491 1642 4545 hu-

114 4578 241 4647 quoniam
267 4578 334 4630 sieut
359 4593 429 4648 aqua
453 4593 591 4647 uunquam
616 4584 704 4646 potest
728 4577 791 4630 alibi
837 4574 883 4642 jus
907 4588 973 4646 crgo
997 4573 1147 4628 beatissimi
1172 4576 1241 4631 Petri
1258 4575 1350 4631 sedem
1366 4576 1448 4632 alacri
1468 4587 1579 4647 pcctore
1593 4595 1641 4634 rex

97 4664 160 4719 indi
175 4667 217 4718 rel
234 4675 285 4718 tam
302 4666 410 4734 limpida
427 4667 541 4737 quemad
555 4667 656 4719 nodum
673 4666 699 4719 in
715 4664 788 4719 fonte
842 4661 1089 4716 christianissimus
1115 4663 1226 4727 redeat;
1244 4672 1270 4719 et
1286 4665 1354 4719 sicut
1378 4682 1484 4732 scrruS,
1500 4682 1562 4721 cum
1577 4667 1643 4737 quid

97 4752 218 4824 triginem
243 4754 381 4823 protrahit,
404 4754 528 4817 insertiri,
547 4752 790 4808 itretlirlesuuu-
842 4752 989 4821 sumpserit
1020 4752 1140 4817 noxium,
1170 4752 1307 4807 desiderat
1336 4754 1369 4807 ad
1394 4754 1483 4809 fontes
1511 4771 1642 4827 aquarum

97 4841 197 4895 amitino
220 4843 318 4911 putuit
343 4843 405 4895 alibi
421 4851 475 4895 turn
498 4860 565 4912 pura
582 4843 623 4897 rel
639 4852 692 4896 tam
706 4843 791 4895 nitida
842 4841 929 4902 (rsit
947 4848 1028 4903 xtra),
1051 4841 1086 4894 ita
1111 4841 1248 4895 desideret
1263 4850 1288 4895 et
1304 4841 1374 4895 sitiat
1393 4842 1484 4896 'anima
1509 4843 1594 4915 ipsius
1608 4846 1642 4900 ad

97 4931 105 4984 i
127 4929 196 4984 sicut
212 4932 238 4983 in
256 4930 386 4985 Ecclesiae
410 4941 509 4985 nostrae
534 4931 649 4993 vivario,
667 4931 712 4985 ubi
730 4947 790 4985 eam
842 4928 983 4984 salutifera
1006 4929 1064 4995 ejus
1084 4928 1214 4983 doctrinae
1238 4929 1347 4983 tluenta.
1365 4930 1393 4983 lu
1409 4947 1462 5001 quo
1485 4932 1530 5001 pio
1545 4942 1589 4987 tua
1603 4933 1643 4987 la-

97 5026 129 5073 tta
144 5019 331 5089 perstillantia,
344 5020 442 5089 quibus
457 5019 572 5089 litigiosa
587 5019 694 5083 mulier,
707 5020 733 5072 id
750 5028 791 5074 est
841 5017 915 5071 boret
941 5033 1023 5087 opere
1039 5016 1213 5086 praecunctis
1229 5017 1350 5083 solertia,
1368 5027 1464 5074 utnon
1483 5020 1571 5075 solum
1587 5021 1644 5075 fra·

97 5123 114 5161 a
144 5107 272 5176 pratitas,
303 5115 489 5176 comparatum
516 5109 564 5161 sed
592 5108 636 5161 ille
665 5109 788 5177 polorum
840 5114 909 5159 trent
934 5105 1124 5161 charissimum
1151 5104 1312 5170 lucrifacias,
1329 5106 1641 5164 sedetdesaluteom-

100 5212 114 5249 r
138 5196 253 5249 ubertim
270 5205 295 5249 ct
320 5197 465 5265 purissime
490 5196 677 5268 congregarit,
696 5196 789 5267 quiex
841 5194 914 5248 nium
931 5201 1051 5248 restrum
1073 5193 1131 5262 ipse
1147 5193 1305 5248 mercedum
1326 5195 1438 5264 praemia
1451 5198 1639 5268 consequaris.

97 5291 138 5339 ule
154 5284 217 5337 rixo
234 5285 302 5338 hanc
317 5285 422 5339 caelitus
434 5285 522 5338 hausit
533 5294 558 5338 et
572 5284 789 5353 limpidissimam
840 5282 911 5336 Nihil
936 5281 1007 5336 enim
1022 5281 1108 5351 placet
1133 5281 1190 5339 Deo
1214 5281 1274 5353 plus
1289 5282 1330 5336 his
1352 5284 1397 5355 qui
1412 5285 1446 5338 ab
1467 5300 1560 5341 errore
1574 5301 1641 5342 eoo·

97 5372 208 5428 rendam
224 5373 371 5426 mandarit.
391 5374 463 5433 thee.
485 5373 653 5438 ctmrissime,
670 5373 715 5442 pio
730 5372 789 5444 regi
839 5370 906 5426 verti
930 5368 1030 5424 faciunt
1044 5369 1177 5433 homines,
1195 5370 1238 5424 rel
1253 5370 1298 5441 qui
1322 5371 1500 5439 adjustitiam
1515 5374 1640 5431 erudiunt

97 5535 104 5574 a
118 5523 222 5587 epistola
233 5523 296 5587 apud
309 5525 384 5576 blansi
397 5535 526 5587 perperam
538 5523 656 5587 inscripta
669 5525 708 5574 eat
721 5541 727 5572 ε
742 5523 857 5574 litabant
868 5520 976 5584 pluriora
986 5521 1041 5582 rear·
1054 5520 1198 5583 Balearica,
1212 5525 1241 5571 at
1249 5533 1283 5573 aa
1293 5525 1408 5574 contexte
1416 5527 1493 5605 patet.
