3794 6104
122 253 172 303 889

658 240 835 296 EPlSTOlAE
863 240 906 292 at
935 239 1107 293 DECRETA.

1720 232 1771 287 890

118 373 240 440 abjicere
256 369 424 429 studueritis,
436 375 516 438 atque
532 368 600 419 bunc
617 380 697 436 quem
711 380 761 419 nos
775 377 921 418 consecra·
934 367 963 426 A
973 361 1099 417 deramus
1113 361 1265 431 perducere
1283 378 1289 413 :
1307 361 1328 414 si
1344 368 1433 414 tamen
1451 359 1528 414 bonis
1543 358 1672 429 operibus
1688 355 1771 411 dediti

120 460 209 514 rimus
224 458 315 523 vobis,
332 457 415 511 alacri
431 471 494 511 curn
509 455 647 509 voluntate
672 469 726 508 non
751 451 919 523 receperitis,

119 546 390 603 omniecclesiastica
409 560 458 599 vos
480 543 669 598 communione
691 539 856 612 privabimus
877 539 921 593 di·

118 651 229 708 gnoque
245 635 416 690 anathemate
432 632 570 687 ferienrus
589 633 654 686 Data
669 634 813 702 utsupra.

441 774 603 830 CCLXVlll.

217 881 253 919 an
272 880 420 919 morincurt
441 877 641 918 novarienses
660 875 825 916 ariscororr.

434 953 525 1022 (Anno
541 951 615 1018 879.)

124 1045 217 1098 ‚torret
232 1047 264 1097 ut
281 1057 325 1096 res
343 1039 732 1112 inpetierparrctituut;sin
755 1039 859 1100 minus,
877 1036 923 1090 dc·

157 1115 278 1168 nuntiat
309 1113 356 1167 illi
384 1111 727 1176 excommunicationem,
757 1109 815 1162 nisi
843 1109 922 1161 intra

156 1184 226 1238 duos
241 1198 351 1237 menses
365 1183 402 1236 ad
416 1181 587 1236 reddendam
601 1180 634 1236 dc
650 1181 693 1234 bis
710 1181 850 1234 rationem
874 1179 923 1232 llo-

159 1271 235 1308 nram
255 1255 359 1308 veniat.

157 1360 289 1414 Norrxco
304 1359 464 1414 Novariensi
480 1359 619 1429 episcope.

158 1447 319 1502 Audivimus
335 1456 360 1502 te
375 1463 419 1500 res
435 1446 563 1517 spiritalis
579 1445 640 1500 filiae
655 1453 753 1499 nostra
768 1443 922 1516 angelber-

119 1551 165 1608 gro
183 1538 312 1605 auguste
327 1536 426 1603 injuste
442 1544 544 1599 tencre,
570 1550 639 1605 quas
661 1533 796 1596 volumus,
812 1539 839 1586 et
854 1546 923 1602 apo-

121 1623 221 1679 stolica
237 1624 396 1678 auctoritate
418 1623 599 1693 praecipimus,
616 1630 645 1676 ut
659 1611 785 1676 continuo
808 1620 923 1675 reddere

972 457 1065 504 nostra
1081 449 1187 512 solatia,
1204 448 1381 516 voluntatem,
1404 447 1554 516 jussionem
1569 455 1597 501 et
1607 445 1773 500 admonitio·

971 553 1033 593 nem
1049 537 1207 592 studueritis
1223 535 1366 608 perfruere,
1383 545 1409 590 et
1424 536 1450 589 in
1465 535 1511 590 tali
1527 535 1627 606 placito
1646 532 1774 605 nequitiae

972 626 1192 696 contempseritis
1220 641 1340 679 manere.
1372 623 1504 694 Optamus
1531 639 1579 678 vos
1608 623 1636 677 in
1665 620 1773 676 Christo

972 712 1042 767 berre
1064 714 1164 768 valere.
1189 713 1238 767 Die
1265 715 1299 768 tt
1329 712 1432 767 mensis
1460 710 1597 773 Octobris,
1626 707 1773 764 indictione

973 815 1034 854 ιιιιι.

1312 873 1439 927 CCLXX.

1116 976 1151 1015 an
1167 976 1333 1016 statuerumt
1350 975 1502 1015 artacem
1518 972 1695 1014 cannenses.

1283 1052 1373 1114 (Anno
1388 1050 1462 1116 879.)

973 1136 1073 1207 Arpuit
1088 1138 1158 1208 quod
1174 1138 1209 1192 ad
1219 1137 1356 1208 synodum
1372 1154 1429 1192 non
1443 1137 1613 1202 accesserit,
1627 1134 1702 1190 ·'ubet
1718 1138 1774 1188 sta·

1010 1211 1073 1262 tuto
1088 1209 1132 1263 die
1143 1207 1178 1262 ad
1190 1225 1219 1262 sc
1235 1209 1338 1273 uenire,
1355 1213 1383 1263 et
1393 1210 1509 1263 interim
1525 1223 1604 1280 quem
1626 1222 1673 1261 am
1687 1204 1775 1261 absol·

1011 1294 1081 1341 uere,
1099 1294 1179 1349 quern
1195 1280 1302 1349 injuste
1317 1280 1621 1334 excommunicaverat.

1012 1365 1249 1420 Reverendissimo
1259 1375 1285 1421 et
1301 1367 1472 1421 sanctissimo
1483 1367 1631 1420 llaunomo
1646 1363 1775 1434 episcopo

974 1453 1116 1508 Penuensi.

1009 1542 1164 1596 Secundum
1186 1558 1281 1598 sacros
1303 1543 1498 1599 venerabilium
1523 1544 1631 1596 Petrum
1655 1555 1774 1595 canones

974 1629 1073 1699 Spiritu
1101 1631 1152 1684 Dei
1180 1631 1313 1695 conditos,
1344 1641 1370 1685 et
1394 1632 1474 1685 totius
1503 1631 1595 1685 mundi
1623 1628 1776 1684 reverentia

121 1712 234 1766 studeas
259 1721 308 1765 :et
333 1712 404 1783 quod
420 1711 466 1764 tibi
492 1712 609 1765 retinere
633 1710 735 1764 debere
759 1708 833 1762 nulla
863 1708 924 1777 lege
939 1721 1159 1784 Beonsecratos,
1176 1736 1226 1788 pro
1241 1720 1437 1775 ecclesiasticis
1452 1721 1581 1773 duntaxat
1605 1715 1777 1773 necessitati-

120 1800 290 1862 conceditur,
318 1799 368 1852 sub
389 1800 463 1853 omni
487 1799 625 1854 celeritate
649 1797 777 1861 dimittas,
793 1805 820 1850 ut
837 1795 861 1850 ei
883 1795 925 1850 cui

122 1888 262 1957 pertinere
287 1887 403 1952 videtur,
420 1887 462 1940 his
477 1886 579 1956 perfrui
595 1885 681 1941 modis
696 1884 821 1939 omnibus
835 1884 924 1939 liceat.

121 1975 195 2028 Nam
219 1976 241 2028 si
264 1975 392 2029 continuo
413 1975 540 2043 praelatas
554 1991 599 2028 res
614 1990 668 2027 non
687 1972 848 2038 reddideris
866 1987 927 2027 mo-

122 2079 233 2125 nemus,
251 2071 276 2117 et
292 2063 442 2133 apostolica
460 2063 617 2117 auctoritate
639 2061 822 2132 precipimus,
840 2071 867 2113 ut
884 2061 926 2114 in-

122 2160 165 2204 tra
181 2150 299 2220 spatium
314 2151 429 2205 duorum
444 2151 578 2204 mensium
590 2151 704 2205 Romam
714 2148 748 2203 ad
759 2148 927 2203 reddendam

123 2254 175 2308 pro
190 2239 233 2292 his
248 2239 380 2293 rationem
390 2254 528 2304 occurras,
541 2246 567 2292 et
577 2254 668 2293 eoram
683 2237 761 2292 nobis
776 2252 927 2307 congruam

121 2325 336 2380 satisfactionem
352 2327 481 2380 exhibeas
497 2345 503 2379 :
520 2327 641 2396 alioquin
656 2326 746 2380 tandiu
769 2341 927 2380 excommu-

122 2414 232 2469 nicatus
248 2415 350 2469 existas
375 2415 494 2485 quandiu
519 2416 579 2468 lirric
602 2423 702 2469 nostrae
724 2414 927 2470 commonitioni

122 2504 336 2571 obtemperans,
361 2503 417 2556 baec
439 2519 499 2573 quac
522 2502 661 2556 statuimus
688 2503 836 2573 adimplere
860 2518 927 2572 pro-

121 2606 213 2644 cures.
242 2591 309 2643 Data
335 2605 383 2646 xta
409 2590 544 2644 Kalendas
568 2590 747 2648 Novembris.
781 2590 928 2645 indictione

121 2692 186 2731 ιιιιι.
749 2663 752 2669 ’

458 2766 598 2821 cccxix.

370 2869 411 2907 ιιι
430 2867 680 2909 aaaarrraxos.

429 2945 519 3013 (Anno
552 2945 626 3005 879.)

125 3031 277 3101 Sionificat
292 3046 322 3084 se
337 3046 381 3084 eos
397 3032 659 3085 excommunicasse
673 3031 759 3084 donec
774 3045 803 3084 se
815 3047 832 3084 a
842 3045 929 3110 papa·

160 3102 208 3154 nis
228 3106 379 3170 separent,-
405 3102 534 3155 minatur
558 3102 616 3155 titis
640 3101 713 3155 alias
738 3116 843 3171 penus,
869 3116 928 3154 nist

158 3174 372 3243 quamprimum
390 3174 521 3241 pareant.

162 3275 401 3330 Reverendissimo
424 3285 451 3330 et
475 3275 646 3330 sanctissimo
670 3277 762 3329 Pereo
785 3277 928 3346 episcopo,

123 3381 173 3418 seu
204 3365 323 3417 Poscant
350 3362 539 3434 praefectorio,
568 3372 649 3435 atque
674 3364 803 3417 universo
828 3363 928 3434 populo

123 3451 299 3506 amalfitano.

160 3542 263 3594 Notum
278 3556 339 3593 esse
355 3539 480 3594 volumus
500 3539 637 3594 dilectioni
654 3548 680 3595 et
695 3539 864 3594 unanimitati
879 3555 928 3594 ve-

122 3639 186 3684 strae
203 3629 266 3700 quia
281 3637 375 3682 contra
389 3627 481 3682 divina
496 3635 605 3692 statuta,
628 3636 654 3682 ct
669 3637 762 3682 nostra
777 3627 929 3699 apostoliea

125 3718 239 3783 monita,
258 3716 355 3786 quibus
370 3732 419 3770 vos
439 3714 596 3786 frequenter
617 3716 780 3780 monuimus,
796 3725 823 3770 et
837 3732 870 3769 ex
882 3730 930 3769 au·

123 3805 253 3859 ctoritate
279 3805 327 3858 Dei
356 3814 382 3858 et
412 3814 565 3858 sanctorum
593 3805 779 3875 apostolorum
803 3806 874 3861 Petri
897 3824 928 3863 ae

125 3892 213 3957 Pauli,
237 3892 417 3961 precepimus
432 3901 461 3945 ut
475 3891 576 3945 nullum
592 3908 652 3947 curn
674 3893 756 3963 impia
779 3894 928 3950 Saraceno-

123 3997 183 4034 rum
200 3988 283 4051 goutc
301 3988 409 4049 pactum
424 3980 571 4045 haberetis,
584 3981 760 4051 habitumque
770 3983 928 4039 omnimodo

123 4068 298 4137 rumperetis,
314 4068 340 4120 in
362 4068 408 4120 tali
430 4069 542 4134 scelere,
559 4078 585 4123 et
600 4069 626 4123 in
642 4070 781 4124 consortio
803 4071 928 4127 inimico-

122 4173 184 4211 rum
202 4155 251 4209 Dei
267 4172 376 4210 manere
391 4172 446 4210 non
462 4155 610 4210 formidatis
627 4175 633 4210 :
651 4157 748 4212 virtute
764 4160 850 4214 saneti
864 4159 928 4230 Spi-

122 4246 204 4310 ritus,
221 4252 246 4298 et
260 4244 416 4298 auctoritate
439 4245 524 4298 sancti
548 4245 629 4308 Petri,
645 4246 688 4301 cai
715 4246 818 4317 ligandi
834 4257 860 4301 et
874 4248 928 4302 sol·

124 4332 207 4387 vendi
222 4332 250 4384 in
266 4331 335 4386 coelo
350 4340 376 4385 et
390 4333 416 4385 in
432 4341 504 4385 terra
520 4347 535 4385 a
550 4333 665 4388 Domino
680 4343 723 4388 est
737 4348 868 4388 concessa
883 4352 929 4406 po-

123 4429 209 4475 testas
223 4420 335 4486 (ltottlr.
352 4425 423 4489 xvi),
439 4421 512 4474 omni
527 4436 605 4475 sacra
620 4422 820 4485 communione,
836 4410 965 4479 sanctoD
979 4447 1057 4512 dms,

124 4509 254 4563 videlieet
276 4523 393 4578 corpore
415 4517 442 4562 et
465 4510 597 4580 sanguine
623 4509 731 4563 Domini
756 4511 841 4565 nostri
864 4512 929 4566 lesu

125 4596 236 4660 Christi,
256 4611 304 4649 vos
324 4612 377 4650 una
398 4614 459 4651 cum
484 4598 564 4651 totius
589 4597 744 4668 apostolicae
768 4599 841 4652 sedis
865 4615 929 4654 con-

125 4701 211 4739 sensn
226 4684 403 4753 privavimus,
419 4693 444 4738 et
460 4685 494 4739 ab
511 4686 640 4740 Ecclesiae
651 4687 700 4741 Dei
711 4687 840 4743 societate
851 4704 928 4760 sepa·

124 4773 258 4839 ravimus,
274 4780 303 4826 ut
317 4772 343 4825 in
363 4773 459 4827 eadem
483 4774 761 4830 excommunicatione
784 4777 927 4839 maneatis,

123 4861 215 4914 donec
230 4860 421 4929 resipiscentes
436 4861 470 4913 ab
490 4861 573 4931 impia
587 4879 636 4916 vos
656 4878 823 4933 paganorum
839 4865 930 4935 prada

124 4948 278 5018 separetis:
296 4957 320 5001 et
334 4948 387 5001 nisi
401 4965 470 5018 puro
487 4951 568 5004 eorde
582 4958 608 5004 et
621 4951 718 5005 devota
733 4951 872 5007 voluntate
888 4953 928 5006 ci-

123 5037 176 5090 tius
194 5034 301 5088 fueritis
316 5037 439 5090 conversi
454 5039 489 5091 ad
504 5039 636 5109 gremium
659 5048 758 5094 sanctae
773 5041 868 5094 matris
883 5058 929 5096 ve-

122 5134 188 5178 strae
203 5124 334 5178 ttornanae
346 5125 487 5188 Ecclesiae,
500 5127 611 5193 majoris
626 5128 807 5182 damnationis
822 5138 930 5183 senten-

120 5214 156 5265 tia
175 5228 227 5264 vos
243 5212 338 5281 procul
354 5213 436 5267 dubio
453 5214 591 5268 feriemus.
610 5216 731 5270 Vestram
747 5216 864 5287 denique
879 5234 930 5271 nos

123 5301 243 5354 salutem
268 5300 427 5369 quaerimus,
453 5310 559 5356 vestras
585 5304 707 5373 cupimus
732 5304 757 5357 in
783 5314 929 5375 conspectu

124 5388 235 5442 Domini
260 5387 367 5441 animas
391 5389 541 5459 apostolica
573 5391 742 5462 benignitate
766 5391 878 5457 salvare,
903 5400 929 5449 et

122 5477 204 5548 quasi
220 5492 289 5530 oves
305 5475 456 5531 dominicas
471 5478 506 5531 ad
521 5494 620 5548 pascua
632 5479 726 5533 salutis
741 5488 849 5536 aeterna
862 5481 930 5535 desi·

977 1806 1027 1860 bus
1042 1815 1122 1877 atque
1136 1808 1295 1861 utilitatibus
1306 1808 1340 1862 ad
1356 1824 1413 1876 eas,
1429 1822 1593 1878 quasuuper
1608 1806 1713 1861 statutis
1723 1806 1779 1860 die·

978 1894 1028 1948 bus
1043 1895 1253 1958 celebravimus,
1271 1895 1401 1967 synodos,
1417 1896 1508 1950 missis
1523 1911 1555 1950 ex
1571 1911 1645 1950 more
1661 1893 1777 1949 auctori-

977 1983 1038 2036 tatis
1054 1992 1153 2038 nostrae
1168 1984 1271 2048 litteris
1299 1984 1497 2038 fraternitatem
1512 1993 1583 2037 tuam
1608 1983 1711 2037 debere
1725 1996 1776 2036 oc·

977 2086 1088 2126 currere
1113 2072 1201 2126 modis
1215 2073 1341 2127 omnibus
1359 2073 1529 2128 decrevimus
1546 2090 1553 2126 ε
1570 2071 1619 2126 aad
1634 2069 1706 2140 quia,
1722 2084 1777 2125 cre·

978 2159 1042 2213 teris
1061 2159 1158 2214 devote
1182 2160 1261 2214 valde
1286 2161 1467 2229 venientibus,
1482 2170 1508 2215 te
1523 2160 1632 2214 minime
1657 2157 1774 2227 venisse,

978 2262 1066 2318 neque
1087 2248 1289 2303 excusationem
1311 2257 1384 2303 tuam
1399 2250 1427 2302 in
1443 2248 1570 2303 tractoria
1593 2246 1710 2320 regulari
1734 2254 1777 2301 te·
1844 2252 1852 2260 '

977 2351 1042 2390 nore
1057 2337 1237 2406 conscriptam
1254 2337 1332 2391 nobis
1347 2347 1372 2392 et
1388 2345 1489 2392 sanetae
1504 2336 1619 2408 synodo,
1635 2350 1720 2391 causa
1733 2335 1776 2389 vi-

977 2423 1075 2478 delicet
1094 2425 1252 2478 temeritatis
1266 2433 1292 2479 et
1311 2425 1510 2490 inobedientia,
1527 2433 1554 2479 ut
1565 2425 1645 2480 etiarn
1666 2423 1778 2478 eviden-

978 2520 1019 2566 ter
1033 2521 1156 2581 apparet,
1173 2528 1227 2566 nou
1243 2513 1374 2568 direxisse
1391 2513 1585 2584 comperimus,
1602 2528 1637 2567 ne
1652 2511 1777 2568 dilectio·

979 2616 1041 2653 nem
1057 2608 1130 2654 tuam
1142 2601 1176 2655 ile
1192 2601 1242 2655 boc
1257 2601 1436 2657 indiscussam
1447 2601 1610 2672 prateriisse
1625 2600 1776 2666 videamur,

978 2688 1029 2741 hoc
1045 2696 1138 2741 nostro
1159 2688 1324 2758 apostolatus
1349 2697 1447 2743 statuto
1468 2690 1605 2758 jubemus,
1631 2703 1692 2743 earn
1706 2686 1778 2742 infra

978 2784 1104 2830 octavum
1118 2775 1191 2830 diem
1209 2776 1369 2832 Decembris
1396 2777 1507 2844 mensis,
1525 2777 1583 2831 sine
1597 2775 1686 2848 aliqua
1701 2791 1777 2831 mora

978 2863 1021 2917 vel
1035 2863 1209 2933 ambiguitate
1224 2865 1259 2919 acl
1274 2880 1325 2920 nos
1348 2864 1448 2919 debere
1462 2864 1555 2919 venire
1580 2864 1734 2934 nostrisque
1747 2878 1778 2919 se

978 2951 1116 3005 obtutibus
1138 2961 1314 3022 praesentare.
1344 2953 1412 3006 Nam
1427 2961 1453 3008 et
1467 2952 1613 3009 Oteramus
1636 2951 1708 3006 filius
1732 2951 1779 3022 qui

938 3037 1009 3129 Cis.
1027 3039 1175 3112 quondam]
1191 3039 1301 3095 Corvini
1315 3057 1377 3095 cum
1392 3040 1454 3095 aliis
1469 3041 1525 3095 suis
1540 3041 1709 3105 concivibus,
1725 3054 1778 3094 no-

979 3127 1042 3181 stris
1057 3128 1223 3198 apostolicis,
1236 3123 1328 3183 coram
1342 3129 1491 3184 venerabili
1501 3129 1692 3200 episcoporum
1707 3136 1779 3182 coetu

979 3231 1063 3286 super
1078 3224 1103 3270 te
1116 3225 1228 3286 questus
1252 3225 1302 3281 est,
1327 3217 1449 3283 auribus,
1475 3217 1547 3286 quod
1569 3217 1633 3270 dum
1649 3232 1664 3270 a
1678 3224 1705 3269 te
1720 3216 1779 3286 ipse

979 3303 1115 3372 impetitus
1139 3304 1324 3359 ecclesiastice
1339 3304 1373 3358 de
1390 3305 1601 3374 contemptione,
1624 3310 1685 3374 post
1705 3318 1779 3373 pree-

979 3391 1041 3445 stito
1065 3401 1245 3459 sacramento,
1262 3408 1293 3446 se
1305 3407 1367 3446 cum
1383 3392 1439 3446 suis
1462 3391 1685 3447 sacramentariis
1708 3407 1777 3461 pur·-

979 3488 1080 3550 gasser,
1111 3488 1157 3534 tua
1187 3496 1248 3534 eum
1277 3480 1438 3548 fraternitas,
1467 3480 1537 3535 sicut
1565 3478 1704 3551 protessus
1724 3488 1776 3542 est,

979 3567 1057 3637 quasi
1072 3568 1208 3637 perjurum
1227 3568 1518 3632 excommunicaverit;
1536 3568 1632 3639 regula
1645 3568 1778 3624 canoniea

978 3656 1151 3726 praecipiente
1166 3657 1238 3728 quod
1260 3657 1331 3712 hanc
1354 3657 1498 3727 episcopus
1522 3656 1573 3710 sibi
1595 3656 1780 3729 cognitionem

978 3742 1053 3797 nullo
1068 3744 1148 3798 modo
1163 3744 1262 3799 debeat
1276 3745 1422 3810 vindicare,
1439 3744 1609 3815 Dominoque
1624 3744 1731 3799 dicente
1745 3744 1780 3799 ad

980 3833 1101 3902 lloysen,
1114 3833 1146 3885 ad
1163 3833 1242 3886 unius
1258 3833 1439 3887 testimonium
1450 3833 1586 3888 neminem
1603 3832 1780 3888 condemnari

980 3927 1116 3989 oportere.
1133 3918 1211 3989 Quod
1228 3921 1249 3975 si
1263 3922 1298 3975 ita
1312 3931 1363 3986 est,
1381 3921 1446 3997 quia
1460 3930 1562 3976 temere
1577 3920 1653 3974 illurn
1669 3936 1779 3976 excom·

980 4008 1122 4063 manicare
1137 4025 1191 4063 non
1206 4009 1333 4073 debuisti,
1349 4009 1522 4080 praecipimus
1535 4017 1564 4063 ut
1579 4025 1642 4064 eum
1655 4009 1689 4063 dc
1704 4024 1779 4079 prae-

980 4096 1049 4150 senti
1064 4096 1191 4151 absolvas
1216 4106 1322 4170 tuaeque
1337 4099 1520 4154 communioni
1537 4099 1661 4152 restituas
1677 4115 1683 4151 :
1699 4113 1780 4152 nam·

980 4185 1002 4237 si
1018 4200 1085 4238 ausu
1100 4185 1224 4256 improbo
1240 4186 1317 4240 aliter
1333 4186 1440 4250 leceris,
1457 4202 1510 4241 non
1525 4187 1635 4256 qrridcm
1650 4201 1713 4239 eum
1727 4202 1779 4240 au-

979 4273 1104 4326 ctoritate
1126 4273 1273 4342 apostoliea
1301 4274 1397 4342 procul
1423 4274 1506 4327 dubio
1534 4273 1690 4327 absolutum
1718 4289 1779 4327 esse

976 4360 1112 4427 jubemus.
1140 4360 1173 4412 Et
1188 4361 1211 4412 si
1230 4361 1299 4415 hane
1317 4361 1466 4428 jussionem
1490 4369 1611 4414 nostram
1634 4360 1778 4430 parvipen-

1074 4448 1220 4501 temerario
1235 4463 1300 4502 ausu
1313 4447 1463 4517 praesentire
1484 4455 1583 4502 nostrae
1597 4447 1695 4501 adesse
1710 4462 1779 4503 con·

980 4535 1134 4605 tempseris,
1151 4536 1338 4591 ecclesiastica
1353 4545 1379 4590 te
1393 4535 1584 4592 communione
1598 4535 1670 4589 velut
1685 4535 1779 4590 inobe-

978 4623 1097 4677 dientem
1113 4640 1173 4678 esse
1188 4625 1297 4679 noveris
1316 4624 1485 4696 privandum,
1503 4639 1644 4696 qrrousque
1660 4638 1709 4693 pro
1725 4623 1778 4678 tuis

980 4711 1154 4784 negligentiis
1181 4713 1291 4785 dignam
1322 4714 1432 4768 veniens
1461 4713 1539 4767 nobis
1567 4709 1779 4767 satisfactionem

979 4801 1115 4855 humiliter
1130 4801 1239 4857 feceris.
1257 4804 1323 4857 Data
1339 4818 1386 4856 xrn
1403 4801 1538 4857 Kalendas
1553 4799 1723 4855 Decembris.

1307 4891 1447 4945 CCLXXl.

1160 4994 1194 5031 an
1215 4994 1322 5033 rasura
1342 4994 1505 5035 evisceras.

1289 5069 1378 5133 (dono
1399 5070 1473 5127 aran

979 5156 1059 5236 tabet
1084 5155 1232 5209 ecclesiam
1247 5157 1276 5208 in
1300 5156 1367 5210 uitta
1394 5158 1523 5240 Carpona
1546 5160 1632 5212 sitam
1651 5159 1775 5224 restitut,

1015 5225 1106 5296 abraae
1122 5226 1295 5280 sacerdotem
1318 5230 1464 5290 constitut,
1482 5233 1510 5283 et
1524 5244 1639 5283 sucrum
1653 5228 1779 5283 abruma

1014 5297 1166 5349 annuatim
1182 5298 1212 5350 in
1228 5297 1355 5353 eamdem
1372 5301 1458 5353 mitti.

1015 5383 1257 5439 Reverendissimo
1276 5394 1301 5438 et
1327 5387 1499 5440 sanctissimo
1530 5389 1621 5441 Panno
1649 5387 1779 5457 episcopo

979 5479 1077 5525 sancta
1093 5471 1223 5526 Ecclesiae
1237 5473 1390 5543 Regiensis.
