3794 6104
53 254 108 308 109
773 242 960 303 EPiSTOLAE.
1038 324 1042 337 Ι
1657 253 1708 306 ii0

52 375 218 440 boneictiiia,
230 375 388 440 ebrietates,
404 372 620 430 comessationes
634 377 663 428 ct
678 371 720 428 his
735 372 854 437 similia,
869 368 988 431 Actum.
1017 370 1093 441 Quas
1115 384 1230 428 necesse
1248 378 1290 429 est
1308 370 1474 429 inconvulsae
1495 371 1593 428 mentis
1619 372 1710 428 inten-

52 461 775 535 qaoeproedicocoiis,sicatproedixi‚qaooiamqai
789 461 862 516 talia
910 459 983 516 tione
999 474 1111 516 servare
1134 458 1271 528 fidelibus,
1294 469 1321 517 ει
1344 468 1373 517 ut
1396 461 1557 518 intemerate
1580 460 1712 518 custodiri

53 556 156 624 agant,
175 568 296 624 reprom
311 553 361 608 llct'
375 568 433 608 ooo
449 555 657 624 consequeretur
671 549 777 622 (Galat.
794 547 860 620 mi:
911 548 1027 619 possint,
1043 548 1116 605 illins
1138 565 1248 622 semper
1271 550 1437 621 adjutorium
1460 551 1612 624 requirere,
1634 552 1712 622 eujm
1755 576 1760 585 ·

54 640 106 695 nisi
122 656 174 711 ρετ
188 640 296 696 debitos
308 640 475 711 peanitentiae
484 640 749 710 tructus,antequam
763 646 862 695 exeant
911 637 1003 710 gratia
1016 636 1044 694 in
1059 638 1221 711 baptismate
1236 647 1299 694 sunt
1313 640 1410 695 renati.

54 731 89 785 de
105 744 235 800 corpore,
251 745 284 785 ea
299 727 463 800 cooperiant,
476 736 503 784 et
519 728 625 784 devotis
636 727 773 800 precibus,
790 727 863 783 elee-
1177 734 1349 793 EPISTOLA
1367 737 1443 793 xlx,

55 817 318 889 mosynis,jejuliiis,
328 818 491 889 fletibusque
503 825 529 873 ei
539 817 635 873 hOSliae
646 816 773 872 Salutaris
784 815 862 872 obla-
1015 839 1052 880 Αρ
1070 840 1228 881 ρυρορωρῃ
1243 840 1273 880 111
1288 840 1393 892 mm,
1410 838 1489 882 amq
1503 840 1607 882 qemun,

56 907 189 974 tionibus,
214 907 326 962 abluere
349 906 397 961 illa
412 905 574 962 curaverint.
596 905 776 962 obrenuntiat
791 904 863 961 enim
933 914 965 972 tt
989 914 1106 971 literam
1128 914 1249 986 episcopi
1269 915 1436 971 electionem
1457 916 1489 970 in
1509 916 1699 974 Bctloocccosi

56 995 241 1067 baptizandus
255 994 381 1050 omnibus
405 994 507 1051 diaboli
532 994 650 1067 pompis,
675 994 703 1049 id
725 1003 765 1050 est
780 993 863 1065 spiri·
1121 986 1246 1042 Ecclesia
1260 986 1324 1054 fieri
1336 987 1497 1057 permittat.
1561 991 1565 998 ’

57 1084 178 1140 tualibus
202 1083 285 1151 vitiis,
310 1091 339 1139 ut
364 1091 427 1138 sunt
449 1083 570 1152 ambitio,
595 1083 763 1156 arrogantia,
793 1097 864 1138 vane
1172 1073 1264 1144 (Apud
1279 1073 1429 1144 Sirmoud.)

57 1174 155 1247 gloria,
173 1173 321 1228 ostentatio
344 1179 371 1228 ει
393 1179 492 1228 oaetera
515 1172 682 1241 hujusmodi,
703 1188 763 1243 quae
775 1171 809 1227 de
823 1187 866 1225 su·
948 1169 1066 1226 Domino
1090 1171 1231 1226 Lnoovrco
1246 1171 1307 1243 regi
1321 1170 1444 1243 glorioso
1463 1172 1626 1229 llracxtnus
1641 1173 1714 1245 epis·

56 1261 159 1333 perbiae
172 1261 248 1316 fonte
263 1260 425 1332 procedunt.
443 1261 544 1332 Pompa
560 1260 660 1332 quippe
670 1261 781 1333 proprie
797 1260 864 1316 dici·
914 1274 1000 1330 copus
1016 1275 1048 1315 ac
1062 1259 1151 1330 plebis
1164 1260 1216 1315 Dei
1230 1259 1358 1314 famulus.

59 1360 102 1405 tur
111 1351 227 1421 publiea
241 1350 387 1406 ostentatio
401 1365 463 1405 eum
473 1349 558 1405 multa
572 1349 729 1405 ambitione.
745 1349 864 1404 Ambitio
950 1348 1015 1403 cir.
1032 1349 1053 1402 l.
1069 1347 1198 1419 Episcopi
1213 1348 1260 1420 qui
1273 1348 1344 1419 apud
1360 1348 1521 1421 martyrium
1540 1357 1641 1406 sanctae
1656 1351 1713 1408 Ma·

59 1440 159 1510 quippe
175 1439 320 1510 phantasia
336 1438 435 1494 dicitur
454 1437 549 1494 Groece
567 1454 573 1493 ε
589 1454 644 1510 quo
663 1438 772 1494 nomine
787 1437 863 1492 desi·
914 1453 969 1493 orae
983 1437 1134 1492 innomine
1149 1437 1249 1493 Christi
1264 1438 1455 1507 convenimus,
1467 1454 1523 1494 oon
1536 1454 1588 1511 pro
1602 1439 1659 1495 ulla
1672 1440 1715 1497 in·

59 1536 160 1600 gnatur
175 1527 317 1598 multiplex
332 1536 480 1598 apparatus
494 1534 521 1582 et
540 1542 641 1598 pompe
655 1526 756 1598 regalis
770 1525 861 1582 officii.
914 1526 1007 1581 debita
1020 1526 1170 1592 voluntate,
1188 1528 1237 1582 sed
1252 1543 1302 1598 pro
1317 1536 1418 1585 sanctae
1432 1527 1564 1584 Ecclesiae
1580 1543 1612 1585 ac
1622 1537 1715 1586 vestro

59 1618 92 1671 Et
105 1617 157 1671 hac
183 1616 339 1672 conditione
361 1622 422 1686 post
444 1615 719 1682 abrenuntiationem,
745 1621 775 1668 ut
788 1630 863 1686 prae-
878 1663 880 1676 ,
916 1621 943 1669 ει
957 1614 1037 1687 regni
1052 1614 1130 1670 vobis
1145 1615 1283 1670 commissi
1293 1616 1398 1672 honore
1412 1631 1446 1672 ac
1460 1616 1637 1683 salvamento,
1647 1615 1717 1675 sicut

60 1700 193 1766 mamus,
210 1700 273 1755 oleo
288 1707 383 1756 sancto
398 1698 501 1754 linitur.
877 1703 1020 1786 Bseripta
1033 1703 1231 1772 demonstrant,
1257 1720 1319 1775 quae
1340 1704 1417 1761 vobis
1439 1721 1490 1777 ρετ
1503 1705 1718 1762 consacerdotes

93 1789 141 1844 tx.
169 1790 203 1844 Et
228 1789 268 1845 sic
291 1787 364 1844 iente
388 1787 480 1842 verbis
499 1787 666 1842 solemnibus
688 1794 858 1843 consecrato.
913 1799 1024 1848 nostros
1038 1792 1250 1860 transmisimus,
1275 1792 1376 1849 relecta
1400 1793 1612 1866 presumptione
1648 1792 1716 1850 cleri

61 1879 184 1933 adstante
208 1877 370 1947 baptizando
390 1877 468 1946 juxta
490 1875 603 1941 iontem,
626 1876 795 1946 obsequente
811 1891 860 1946 pa·
914 1887 940 1936 et
955 1879 1043 1950 plebis
1059 1880 1191 1937 Ecclesiae
1207 1881 1391 1949 Belvacensis,
1409 1882 1455 1953 qui
1466 1898 1613 1953 personam
1629 1899 1712 1956 regu·

60 1976 135 2022 trono
158 1967 312 2038 interrogat
341 1981 403 2021 eum
432 1966 577 2030 sacerdos,
594 1964 617 2018 si
631 1965 717 2019 eredit
732 1965 759 2018 in
777 1964 864 2019 Deum
913 1969 948 2023 lis
962 1969 1049 2025 sacris
1064 1968 1254 2042 incongruam,
1270 1985 1332 2026 cum
1347 1970 1458 2026 decreto
1472 1970 1646 2044 singulorum
1661 1986 1718 2028 ma·

62 2057 166 2112 Patrem
181 2055 405 2125 omnipotentem,
423 2054 567 2125 etreliqua
580 2053 728 2108 secundum
743 2069 860 2109 morem.
914 2057 996 2111 nibus
1017 2057 1155 2125 roborato,
1177 2057 1256 2112 nobis
1278 2065 1515 2128 praesentaverunt
1542 2059 1570 2113 in
1595 2059 1712 2129 synodo,

62 2144 291 2215 Etrespondente
316 2143 362 2199 illo
385 2144 534 2198 secundum
558 2142 773 2198 ecclesiasticam
795 2158 863 2198 con·
913 2144 997 2200 veluti
1009 2146 1068 2214 jam
1082 2145 1243 2212 luitactum,
1256 2145 1551 2218 quandoFromoldum
1565 2145 1714 2218 quemdam

63 2233 249 2300 suetudinem3
277 2240 340 2303 post
366 2231 551 2302 supradictam
578 2231 677 2285 trinam
705 2230 805 2285 diaboli
837 2237 864 2284 et
913 2233 1066 2306 elegerunt,
1085 2242 1111 2289 et
1127 2235 1228 2304 rejecto
1243 2235 1289 2291 illo
1304 2242 1416 2306 propter
1424 2234 1608 2307 insipientiam
1622 2244 1649 2291 et
1663 2234 1715 2291 im·

64 2338 235 2394 pomparum,
261 2336 295 2377 ac
314 2336 427 2392 operum
450 2320 724 2388 abrenuntiationem,
745 2328 862 2390 postque
913 2322 1086 2393 probitatem,
1103 2321 1164 2378 Odo
1178 2340 1211 2378 ex
1226 2323 1312 2378 vicina
1326 2322 1458 2395 parochia
1470 2323 1572 2378 ibidem
1587 2338 1649 2379 cum
1663 2325 1716 2380 de-

64 2412 157 2466 trinam
186 2427 261 2466 verae
285 2408 350 2464 fidei
371 2408 582 2474 confessionem,
609 2409 672 2480 quia
695 2424 750 2463 non
773 2415 863 2479 potest
914 2418 989 2467 creto
1004 2411 1137 2467 canonico
1153 2410 1202 2465 tuit
1216 2412 1329 2478 electus,
1355 2411 1464 2468 reiectis
1478 2426 1572 2468 coram
1586 2412 1714 2468 omnihus

65 2501 174 2573 quisque
199 2498 253 2554 nisi
278 2497 346 2552 trina
369 2497 602 2552 abrenuntiatione
617 2504 644 2552 et
659 2497 730 2551 trina
752 2496 864 2552 confes·
913 2499 959 2571 qui
974 2498 1119 2554 adfuerunt
1139 2499 1225 2555 sacris
1249 2499 1408 2567 canonibus,
1433 2501 1585 2557 secundum
1604 2501 1717 2558 easdem

66 2591 135 2645 mone
150 2588 285 2661 purgari;
302 2586 373 2641 trina
394 2587 531 2641 mersione
546 2586 697 2656 baptizatur
712 2585 740 2640 in
754 2585 864 2641 nomine
914 2603 1008 2643 sacras
1022 2588 1099 2660 leges
1114 2588 1303 2645 constituimus
1317 2589 1475 2659 designatos
1485 2588 1638 2645 exnomine
1648 2589 1718 2647 dile·

65 2678 158 2743 Patris,
175 2686 202 2732 ει
218 2676 291 2743 Filii,
316 2684 342 2729 ει
358 2675 474 2746 Spiritus
490 2675 577 2730 sancti
595 2691 600 2729 :
618 2683 647 2729 ut
662 2675 729 2729 sicut
751 2674 866 2729 interior
913 2685 972 2732 ctos
987 2675 1084 2731 iratres
1102 2685 1128 2731 et
1143 2676 1312 2732 venerabiles
1328 2676 1505 2748 coepiscopos
1521 2685 1641 2745 nostros,
1664 2691 1716 2750 per

64 2767 149 2835 homo,
167 2766 215 2838 qui
231 2766 266 2820 ad
283 2765 432 2836 imaginem
455 2773 556 2820 sanetae
580 2764 718 2819 Trinitatis
739 2763 865 2819 conditus
913 2781 981 2837 quos
995 2774 1095 2820 restrae
1108 2764 1287 2820 dominationi
1308 2765 1413 2820 litteras
1428 2765 1586 2835 direximus,
1604 2766 1633 2821 in
1652 2766 1716 2838 qui·

65 2866 107 2922 est,
124 2873 176 2927 per
191 2854 394 2910 invocationem
418 2863 517 2908 sanotae
540 2852 677 2907 Trinitatis
691 2852 725 2906 ad
740 2852 865 2907 eamdem
915 2853 966 2908 bus
982 2853 1053 2909 inter
1068 2861 1166 2909 catera
1180 2855 1239 2909 hmo
1254 2853 1445 2909 continentur:
1464 2874 1475 2904 r
1493 2855 1528 2911 Ut
1543 2854 1613 2911 sicut
1628 2869 1716 2913 sacrae

65 2952 207 3001 revocatur
222 2941 389 3015 imaginem,
405 2949 431 2997 et
447 2941 493 3013 qui
508 2941 587 2997 tertio
603 2941 691 3013 gradu
706 2941 821 3012 peccati,
838 2940 865 2994 id
913 2942 991 3014 loges
1008 2951 1034 2998 et
1049 2942 1153 3015 regulae
1162 2942 1331 3013 praecipiunt,
1344 2942 1559 3014 archiepiscopis
1570 2951 1596 2999 et
1611 2943 1717 3015 episco-

65 3043 109 3100 est,
128 3032 311 3106 cogitatione,
337 3031 473 3087 locutione
498 3039 524 3086 et
549 3031 708 3101 operatione
726 3029 823 3084 cecidit
837 3029 865 3083 in
914 3031 956 3101 pis
967 3030 1214 3086 collimitanearum
1224 3031 1381 3087 dioeceseon
1391 3031 1552 3089 electionem
1563 3033 1717 3090 concedere

65 3132 185 3189 mortem,
198 3122 279 3177 tertio
300 3120 421 3176 elevatus
436 3120 470 3174 de
487 3119 560 3174 fonte
575 3136 625 3190 ρετ
639 3119 755 3191 gratiam
771 3135 866 3173 resur-
917 3119 1078 3192 dignemini,
1095 3129 1124 3175 ut
1139 3120 1328 3191 undecunque,
1342 3120 1493 3177 seeundum
1505 3120 1621 3176 sormam
1636 3138 1717 3195 regu-

67 3222 107 3286 gat
122 3213 159 3267 ad
176 3211 271 3266 vitam.
296 3212 331 3264 Et
345 3210 414 3265 sieut
428 3209 542 3264 interior
556 3211 639 3263 homo
654 3209 681 3263 in
697 3208 750 3262 fide
766 3216 867 3262 sanctae
918 3208 1004 3264 larem
1018 3207 1169 3278 electionis,
1187 3209 1307 3280 episcopi
1321 3210 1403 3264 talem
1417 3209 1530 3282 eligant,
1547 3210 1594 3282 qui
1608 3219 1635 3266 ει
1650 3227 1717 3266 san-

66 3302 200 3358 lrinitatis
216 3301 252 3355 ad
267 3299 417 3371 imaginem
440 3298 482 3352 sui
502 3297 651 3353 conditoris
674 3296 868 3351 reformandus
918 3306 968 3354 etae
983 3297 1114 3353 Ecclesiae
1128 3297 1210 3364 utilis,
1223 3307 1249 3352 et
1264 3314 1350 3370 reguo
1361 3296 1510 3369 proficuus,
1523 3306 1549 3353 et
1559 3298 1636 3354 vobis
1651 3297 1719 3355 iide-

65 3400 109 3459 est,
132 3392 170 3446 ita
195 3398 225 3445 et
248 3388 368 3444 exterior
384 3388 454 3441 trina
478 3387 612 3443 mersione
633 3385 785 3440 abluendus
802 3393 843 3439 εει
860 3401 867 3440 :
916 3386 950 3440 lis
965 3402 995 3440 ac
1010 3386 1125 3442 devotus
1138 3394 1300 3456 cooperator
1310 3386 1406 3440 existat
1421 3403 1428 3440 τ
1443 3393 1470 3442 ει
1484 3386 1717 3442 consentientibus

66 3489 91 3536 ut
103 3481 179 3553 quod
195 3476 371 3534 invisibiliter
386 3476 503 3546 Spiritus
515 3485 646 3547 operatur
657 3475 684 3529 in
699 3475 799 3543 anima,
815 3475 868 3531 hoc
919 3473 992 3530 ciero
1007 3481 1033 3529 et
1056 3474 1136 3545 plebe
1157 3491 1220 3528 eum
1244 3475 1320 3530 vobis
1345 3474 1489 3540 adducant,
1515 3482 1544 3528 ut
1565 3476 1717 3534 secundum

65 3570 204 3625 visibiliter
219 3568 352 3623 sacerdos
368 3566 488 3620 imitetur
503 3566 530 3618 in
547 3580 630 3636 aqua.
648 3566 719 3619 Nam
733 3562 867 3635 originale
917 3562 1096 3617 ministerium
1120 3571 1241 3619 vestrum
1264 3579 1309 3617 res
1339 3571 1365 3619 et
1392 3561 1535 3618 facultates
1562 3563 1715 3632 Ecclesiae,

67 3667 206 3730 peecatum
222 3657 311 3711 tribus
325 3655 414 3710 niudis
429 3662 519 3710 actum
534 3661 585 3719 est,
602 3652 793 3721 delectatione,
806 3666 868 3708 eon·
918 3667 985 3723 quas
1007 3652 1040 3706 ad
1064 3650 1266 3707 defendendum
1285 3659 1312 3706 ει
1330 3651 1460 3706 tuendum
1484 3651 1562 3707 vobis
1582 3653 1716 3709 Dominus

66 3765 140 3806 sensu
155 3757 184 3804 et
198 3762 305 3818 opere;
332 3744 370 3799 ita
390 3752 416 3799 et
431 3759 511 3799 omne
529 3751 681 3814 moratum,
704 3750 750 3796 aut
765 3741 868 3814 cogita·
918 3741 1129 3807 commendavit,
1146 3758 1202 3796 suae
1225 3739 1397 3811 dispositioni
1411 3740 1593 3810 committatis,
1615 3749 1719 3798 etcum

66 3839 141 3905 done,
159 3845 207 3892 eut
223 3834 370 3900 locutione,
395 3842 441 3888 aut
465 3832 623 3904 operatione
648 3830 783 3899 efficitur;
805 3831 868 3885 ideo
918 3845 1053 3886 consensu
1066 3846 1099 3886 ac
1118 3829 1215 3885 litteris
1237 3829 1335 3885 vestris
1350 3846 1411 3885 enm
1426 3829 1459 3884 ad
1479 3830 1718 3902 metropolitanum

65 3926 156 3998 triphci
171 3924 272 3999 generi
288 3931 464 3994 peccatorum
475 3923 547 3976 trina
559 3921 667 3976 videtur
682 3920 787 3974 ablutio
802 3935 868 3975 con·
917 3918 1074 3990 episcopum
1089 3935 1122 3974 ac
1132 3918 1311 3990 coepiscopos
1321 3917 1405 3989 ipsius
1420 3917 1582 3987 dioeeeseos,
1599 3919 1645 3991 qui
1656 3936 1719 3976 eum

67 4018 173 4082 εεείτες
189 4013 235 4070 vel
250 4020 366 4084 propter
379 4011 514 4083 originale
530 4017 683 4081 peceatum,
701 4009 773 4080 quod
787 4008 815 4062 in
830 4008 869 4065 in.
917 4008 1047 4064 ordinare
1060 4008 1177 4075 debent,
1202 4007 1401 4074 transmittatis,
1418 4014 1445 4063 et
1459 4007 1498 4063 sic
1514 4007 1573 4064 sine
1596 4008 1721 4065 scandali

67 4105 178 4160 lantibus
192 4103 267 4159 valet
282 4102 317 4155 ad
340 4101 531 4172 perditionem,
559 4099 602 4155 vel
617 4106 729 4170 propter
748 4097 794 4151 illa
809 4113 869 4168 quae
916 4096 1024 4153 macula
1037 4096 1073 4152 ad
1096 4105 1220 4153 sanetum
1244 4095 1426 4152 sacerdotium
1449 4098 1632 4168 provehatur.
1653 4098 1718 4157 »Et

67 4191 284 4267 inprovectioris
299 4190 386 4247 aetatis
411 4188 587 4254 hominibus,
608 4188 758 4254 voluntate,
782 4185 867 4242 verbo
916 4185 1021 4256 reliqua
1036 4202 1097 4257 quae
1112 4186 1176 4241 inde
1189 4185 1227 4240 ibi
1240 4193 1405 4256 sequuntur.

67 4284 101 4338 vel
125 4283 199 4339 tacto
229 4281 377 4335 adduntur.
408 4280 443 4333 Et
472 4278 535 4350 quia
564 4277 715 4333 seeundum
743 4282 866 4330 sanctam
950 4274 1016 4330 Can.
1033 4274 1066 4329 ll.
1084 4274 1114 4330 ln
1128 4274 1226 4346 quibus
1241 4273 1334 4328 verbis
1348 4272 1424 4328 nulla
1437 4273 1557 4329 indebita
1572 4274 1718 4344 cujuscun-

69 4371 229 4443 Scripturam
244 4384 314 4424 unus
330 4369 412 4434 Deus,
438 4383 493 4423 una
508 4366 587 4432 fides,
614 4380 697 4420 unum
712 4363 864 4435 baptisma,
925 4379 978 4434 que
992 4362 1125 4432 voluntas,
1142 4362 1209 4418 nihil
1224 4368 1319 4419 contra
1339 4362 1448 4418 Domini
1461 4362 1636 4431 voluntatem,
1653 4359 1722 4421 nihil

68 4465 101 4516 ter
112 4459 296 4532 baptizandus
313 4457 449 4530 mergitur
464 4456 493 4511 in
509 4455 618 4511 nomine
641 4453 738 4520 Patris,
756 4461 783 4508 et
797 4451 867 4519 Filii,
883 4443 1011 4507 Deontra
1027 4458 1149 4519 vestrum
1170 4452 1326 4517 honorem,
1351 4450 1419 4506 nihil
1434 4460 1529 4506 contra
1543 4451 1622 4522 regni
1637 4450 1716 4507 vobis

67 4556 88 4603 et
99 4549 215 4622 Spiritus
229 4547 329 4613 saneti,
347 4555 376 4602 ut
391 4545 508 4602 Trinitas
524 4560 608 4600 unum
622 4550 755 4614 appareat
769 4557 863 4597 saera·
909 4540 1050 4597 commissi
1065 4547 1175 4596 resonat
1190 4541 1391 4597 salvamentum
1408 4558 1415 4594 ε
1432 4540 1481 4595 sed
1503 4538 1608 4594 ordinis
1623 4537 1715 4609 pleni-

69 4647 196 4705 nentum;
213 4645 241 4692 et
265 4652 320 4693 non
342 4634 494 4706 baptizetur
514 4634 543 4689 in
559 4631 713 4689 nominibus
734 4630 822 4686 Patris
836 4637 863 4686 et
912 4631 996 4696 tudo,
1026 4629 1143 4702 qualiter
1169 4630 1273 4687 electos
1301 4628 1363 4686 vilae
1391 4626 1489 4683 merito
1516 4633 1544 4682 et
1572 4625 1713 4697 sapientiae

70 4726 118 4784 lili
131 4736 158 4785 et
184 4726 304 4798 Spiritus
327 4724 424 4791 sancti,
450 4725 499 4779 sed
522 4723 551 4778 in
566 4739 620 4777 tino
642 4720 761 4787 nomine,
788 4719 862 4791 quod
911 4718 1036 4775 doctrina
1056 4735 1071 4774 a
1093 4719 1301 4790 metropolitano
1322 4725 1348 4773 et
1370 4714 1518 4787 provincie
1540 4714 1711 4788 coepiscopis

70 4814 223 4891 deligitur
237 4817 322 4882 Deus,
345 4814 421 4883 juxta
443 4811 614 4882 Apostolum.
637 4810 722 4882 igitur
735 4825 805 4863 unus
820 4815 862 4863 est
910 4808 1009 4864 debeat
1025 4809 1102 4877 juxta
1116 4807 1257 4865 Nioaenum
1279 4813 1403 4861 sanctum
1422 4811 1449 4859 et
1467 4820 1600 4877 magnum
1615 4804 1710 4862 conoi-

69 4903 142 4975 liens,
166 4920 224 4961 nna
248 4902 327 4968 fides,
355 4918 437 4957 unum
460 4901 618 4972 baptisma:
640 4899 689 4955 sed
709 4899 771 4954 duee
799 4904 861 4952 sunt
908 4896 974 4952 lium
1002 4897 1168 4970 regulariter
1189 4893 1321 4960 ordinari,
1345 4892 1392 4950 ubi
1410 4891 1482 4965 inter
1500 4892 1551 4949 alia
1575 4893 1708 4966 scriptum

68 4996 278 5066 pactionesque
301 4992 330 5046 in
343 4991 505 5061 baptismate
521 4989 706 5060 paciscuntur,
727 5002 796 5058 quas
809 5002 860 5056 pa·
909 4992 950 5040 est
962 4985 1041 5058 (cao.
1062 4986 1106 5055 6);
1125 5006 1136 5036 ι
1153 4984 1232 5053 illud,
1249 4982 1344 5054 inquit,
1361 4981 1528 5053 generaliter
1544 4981 1650 5039 ciarum
1664 4990 1708 5038 est

68 5084 129 5139 troni
143 5084 201 5138 suis
225 5080 370 5152 susceptis,
394 5095 456 5136 oum
481 5079 516 5133 ad
539 5076 738 5149 intelligibilem
752 5081 860 5130 aetatem
909 5075 982 5145 quod
995 5074 1019 5128 si
1032 5073 1093 5145 quis
1113 5080 1213 5143 practer
1227 5069 1389 5126 sententiam
1407 5071 1610 5142 metropolitani
1624 5069 1708 5125 inerit

67 5173 242 5242 pemenerint,
258 5170 397 5226 insinuare
412 5166 528 5224 sollicito
551 5173 579 5222 ει
595 5165 733 5222 inculcare
748 5164 858 5219 debent.
908 5161 997 5219 iactus
1020 5161 1175 5232 episcopus,
1206 5161 1278 5214 hunc
1298 5173 1401 5232 magna
1436 5159 1557 5230 synodus
1585 5155 1710 5214 diffinivit

66 5259 181 5330 Quarum
196 5260 355 5332 pactionum
368 5274 422 5314 una
436 5266 478 5313 est
492 5272 547 5329 qua
561 5254 669 5309 diabolo
685 5252 860 5308 abrenuntia·
909 5251 1067 5323 episcopum
1083 5265 1144 5304 esse
1166 5263 1222 5302 non
1244 5262 1326 5317 posse
1342 5264 1349 5302 :
1365 5245 1479 5303 firmitas
1501 5254 1592 5302 autem
1611 5259 1708 5302 eorum

66 5356 113 5418 tur,
127 5360 154 5407 et
168 5350 297 5408 omnibus
320 5348 448 5420 operibus
473 5346 542 5415 ejus,
566 5352 592 5400 et
607 5342 733 5400 omnibus
753 5340 860 5413 pompis
910 5357 970 5412 quae
983 5345 1117 5411 geruntur
1131 5353 1181 5408 per
1192 5351 1412 5408 unamquamque
1424 5334 1594 5407 provinciam
1608 5341 1709 5392 metro·

65 5440 117 5508 eius
133 5457 140 5496 t
157 5440 284 5497 etaltera
299 5453 354 5511 qua
368 5436 483 5510 quisque
494 5433 644 5506 baptizatus
657 5432 796 5504 professus
810 5429 860 5486 luit
908 5428 1029 5500 politano
1052 5426 1187 5482 tribuatur
1210 5426 1353 5498 episcopo.
1374 5446 1386 5477 s
1411 5424 1446 5480 Et
1467 5425 1502 5479 de
1524 5424 1577 5481 hac
1591 5423 1708 5496 mystica

65 5544 91 5585 se
104 5531 214 5588 medem
227 5529 257 5586 in
275 5530 395 5596 Parem,
420 5533 448 5582 et
473 5523 580 5591 Filium,
600 5530 628 5579 et
649 5520 777 5594 Spiritum
792 5534 858 5578 san·
908 5517 1020 5575 Nicaena
1038 5515 1145 5589 synodo
1167 5515 1248 5573 sedes
1268 5514 1418 5589 apostolica
1440 5520 1608 5572 contestatur
1621 5513 1709 5586 (Leo,
