3794 6104
68 240 124 294 ool
431 230 554 290 OPUSC.
582 229 628 287 ΕΤ
653 230 763 288 arist.
793 230 830 287 IN
857 228 971 287 elusa
993 229 1164 290 mettani
1187 233 1340 293 LAUDUN.
1664 241 1716 298 6⁰2

70 358 221 416 manifeste
235 356 343 430 praebes
366 355 493 412 indicium
510 372 517 411 τ
534 356 607 428 quod
631 371 712 427 quam
737 354 780 420 sit,
803 370 874 425 prae·
887 352 1012 415 Auectis
1027 356 1142 423 venerit,
1157 357 1229 412 habe
1243 358 1312 414 tales
1328 358 1454 415 homines
1476 368 1602 418 strenuos
1624 375 1658 418 ac
1670 377 1722 434 pe·

73 448 171 503 sertim
198 447 227 501 in
249 444 409 508 sacerdote,
435 442 584 514 culpabile,
610 442 708 499 divinae
732 442 875 499 clementia
925 442 1001 508 ritus,
1019 443 1087 500 sicut
1101 459 1174 515 opus
1188 454 1230 500 cst
1249 447 1284 502 ad
1305 446 1388 503 talem
1412 448 1528 504 bestiam
1552 449 1722 521 capiendam.

72 533 234 591 monitionis
249 532 385 605 eloquitur
400 531 459 603 pt,
484 531 583 586 divium
604 531 795 587 admonitionis
816 528 874 587 cla·
924 531 958 585 Et
972 531 1007 586 ad
1023 531 1148 587 Odonem
1163 532 1326 605 complicem
1339 542 1472 603 vestrum,
1488 537 1540 604 sic,
1565 544 1593 592 ut
1614 538 1723 610 mando

74 630 152 678 mant
165 620 294 693 eloquial.
316 621 461 689 Propterea
483 621 636 684 hortamur,
660 625 689 673 ut
710 619 808 674 mentis
829 624 875 672 tu·

75 725 153 766 more
168 708 302 779 deposito,
320 706 456 763 antedicto
471 705 547 761 fratri
563 714 589 761 et
602 706 765 777 coepiscopo
780 712 875 760 nostro

77 797 208 853 humilem
222 804 249 851 te
264 795 402 860 exhibeas,
425 802 452 849 et
471 809 570 864 parere
586 808 640 849 non
656 793 764 848 desinas
780 810 787 848 ε
805 807 875 865 qua-

76 891 156 940 tenus
171 891 199 940 et
213 884 287 939 Deus
300 882 417 955 gaudeat
431 881 460 935 in
483 880 660 938 fraternitatis
684 888 782 938 vestrae
807 895 875 936 con-

77 973 180 1037 cordia,
211 979 238 1026 et
261 969 306 1026 alii
329 971 365 1026 de
388 977 414 1024 te
436 977 543 1024 sumant
564 969 691 1024 bonitatis
709 968 874 1039 exemplum.

76 1061 144 1116 Nam
161 1060 196 1125 si,
212 1059 285 1130 quod
300 1073 355 1114 nou
370 1058 517 1122 credimus,
543 1063 569 1111 te
582 1056 610 1111 in
624 1056 751 1127 superbia
765 1072 875 1126 perma-

76 1163 143 1204 nere
157 1146 314 1219 contigerit,
329 1145 478 1200 districtam
493 1144 706 1215 canonicamque
726 1143 877 1214 disciplinae

76 1236 277 1292 correctionem
293 1233 470 1290 contumacia
484 1240 535 1287 tuae
551 1233 619 1288 scito
641 1247 736 1287 sacros
757 1246 877 1287 canones

76 1324 245 1380 ulciscenter
258 1320 399 1393 imponere
410 1320 470 1393 [cl.,
482 1336 533 1375 nos
543 1320 611 1376 scito
620 1319 877 1389 ulciscenterimpo·

925 617 959 672 ad
988 618 1122 688 synodum
1146 620 1314 689 venerimus,
1340 623 1414 678 Deus
1434 624 1533 693 poterit
1554 625 1622 680 dare
1644 624 1724 681 nobis

925 705 990 776 quid
1005 704 1148 778 loquamur
1164 726 1170 761 :
1187 709 1341 781 usquedum
1356 711 1390 766 de
1406 711 1458 766 isto
1473 711 1632 767 indomabili
1661 713 1725 769 uni·

925 792 1019 848 cornio
1034 803 1060 847 et
1075 794 1195 866 inquieto
1209 797 1320 851 animali
1335 813 1386 852 uos
1400 798 1537 854 liberabit.
1554 800 1619 856 iiaec
1633 807 1724 856 autem

924 879 1057 950 perficere
1071 881 1199 938 laborare
1215 900 1269 939 non
1283 885 1423 952 cessastis,
1440 892 1590 958 atempore
1605 903 1660 959 quo
1675 904 1718 959 sy-

925 967 1028 1023 nodum
1042 969 1069 1022 in
1084 969 1255 1026 Suessionica
1270 972 1376 1028 civitate
1401 988 1450 1044 pro
1472 974 1643 1046 depositione
1666 975 1724 1030 lio·

925 1055 1010 1109 thaidi
1025 1054 1158 1111 habuistis
1176 1076 1182 1111 z
1199 1073 1232 1113 eo
1249 1060 1321 1130 quod
1336 1059 1476 1116 renitebar
1490 1062 1614 1116 substitui
1627 1068 1724 1118 contra

926 1158 1018 1198 sacras
1035 1143 1146 1216 regulas
1167 1145 1196 1200 in
1220 1146 1278 1214 ejus
1301 1146 1362 1202 loco
1384 1148 1553 1219 episcopum,
1577 1156 1725 1222 antequam

925 1231 1087 1286 universalis
1101 1248 1172 1304 papa
1186 1249 1235 1303 pro
1256 1240 1332 1289 tanto
1353 1235 1552 1307 consuleretur,
1577 1245 1607 1292 ut
1626 1244 1722 1294 aucto-

926 1318 991 1373 ritas
1007 1319 1141 1388 sehabet,
1158 1321 1278 1391 negotio.
1296 1320 1375 1391 Quod
1388 1323 1453 1376 dum
1468 1330 1531 1378 ante
1546 1323 1652 1381 efficere
1668 1341 1724 1382 non

73 1411 165 1483 nerel.
183 1412 256 1465 Bene
271 1425 338 1482 ergo
353 1408 420 1465 iacis
434 1408 516 1462 talem
530 1416 556 1462 te
572 1415 668 1478 sponte
685 1406 785 1461 salubri
808 1422 876 1462 con·
925 1405 1058 1472 valuistis,
1075 1407 1140 1479 quia
1153 1409 1275 1463 nondum
1288 1417 1398 1466 venerat
1413 1410 1480 1466 bora
1493 1427 1564 1478 mea,
1578 1411 1607 1467 in
1618 1412 1725 1471 Silvaco

71 1499 244 1555 siderationc
259 1496 392 1569 praebere,
417 1496 505 1567 qualis
531 1510 593 1551 esse
614 1495 745 1551 canonica
769 1493 876 1551 coerci·
925 1501 1051 1565 compote
1065 1495 1130 1549 estis
1145 1496 1222 1567 potiti
1236 1504 1309 1552 voto.
1325 1498 1360 1552 Et
1374 1498 1427 1554 hoc
1442 1513 1492 1554 vos
1515 1499 1605 1572 egisse
1628 1500 1726 1557 Rhemi

69 1587 150 1642 tione
165 1585 228 1658 [at.,
245 1585 397 1641 coerctione
410 1582 547 1656 exigente]
557 1581 737 1653 compelleris.
749 1583 876 1638 Namnec
925 1581 992 1636 mihi
1004 1582 1143 1653 negastis;
1162 1585 1234 1656 quod
1248 1592 1338 1640 tamen
1352 1592 1417 1642 tunc
1430 1586 1508 1642 vobis
1521 1593 1615 1659 aperta
1633 1587 1726 1646 dicere

67 1675 120 1730 tibi
137 1674 232 1729 denuo
246 1680 308 1744 post
323 1673 393 1728 bano
407 1679 526 1725 nostram
549 1670 761 1726 admonitionem
784 1669 876 1726 licebit
889 1668 1009 1758 Bnolui.
1029 1691 1040 1720 a

65 1762 105 1817 ad
123 1769 183 1816 tuae
197 1759 341 1816 voluntatis
359 1758 508 1827 arbitrium,
534 1767 631 1814 contra
651 1772 767 1826 morem,
790 1758 876 1826 majo·
962 1758 1002 1812 De
1016 1757 1114 1829 quibus
1130 1758 1229 1814 scribo.
1246 1760 1300 1815 Lex
1324 1760 1467 1816 iustiniani
1491 1761 1565 1829 dicit,
1591 1769 1620 1818 ut
1637 1780 1648 1814 a
1664 1777 1726 1819 me·

64 1851 152 1905 ribus
178 1849 231 1903 tuis
254 1847 455 1902 inobedientem
479 1846 594 1903 existere
620 1864 626 1900 :
651 1861 703 1901 nec
724 1860 774 1900 nos
797 1852 877 1900 tanta
927 1845 1106 1916 tropolitanus
1120 1847 1163 1901 vel
1178 1846 1279 1919 primas
1300 1848 1458 1919 provinciae,
1480 1849 1516 1905 de
1540 1849 1727 1908 ecclesiastica

63 1935 321 2007 indisciplinationi
336 1933 550 1991 ecclesiasticam
572 1948 723 2005 cognoscas
747 1933 877 1988 dissimu·
924 1933 993 2002 jure,
1011 1933 1054 1989 vel
1069 1933 1103 1988 de
1118 1933 1178 1988 eliis
1193 1933 1310 2007 negotiis
1325 1936 1397 1990 inter
1411 1937 1602 2008 conquirentes
1613 1938 1725 1993 audiat:

63 2026 134 2080 lare
148 2024 197 2079 vel
211 2021 321 2078 differre
336 2022 490 2078 vindictam.
512 2043 523 2070 r
546 2022 623 2077 Unde
647 2021 818 2080 attendentes
830 2021 877 2089 ju·
927 2029 954 2075 et
969 2020 1041 2092 quod
1056 2021 1249 2079 ecclesiasticis
1273 2023 1423 2079 canonibus
1447 2032 1474 2079 et
1495 2024 1603 2097 legibus
1626 2025 1727 2081 nostris

64 2113 140 2170 dicii
159 2111 398 2168 comminationem
412 2109 482 2164 beati
508 2109 644 2181 Gregorii,
667 2117 760 2165 contra
784 2109 879 2164 inobe-
927 2115 1139 2164 consentaneum
1155 2109 1198 2178 sit,
1215 2111 1267 2166 hoc
1281 2109 1402 2176 diffiniat,
1416 2118 1443 2165 et
1457 2110 1531 2166 nulla
1552 2127 1615 2182 pars
1638 2112 1727 2168 valeat

65 2200 211 2258 dientiam
226 2198 433 2269 archiepiscopo
444 2213 504 2267 suo,
518 2214 570 2269 qua
579 2197 644 2253 dicit
660 2215 666 2250 :
686 2217 697 2247 ι
714 2198 809 2252 Denuo
816 2205 879 2267 post
928 2196 1034 2252 calculo
1044 2198 1103 2265 eius
1113 2197 1332 2253 contradicere.»
1350 2198 1456 2254 Ethinc
1466 2199 1563 2254 beatus
1573 2199 1726 2272 Gregorius

66 2291 149 2345 hanc
165 2294 289 2342 nostram
304 2286 514 2341 admonitionem
531 2301 582 2341 nec
597 2285 644 2339 tibi
659 2284 750 2340 licebit
773 2284 807 2340 ad
826 2290 879 2341 tuae
928 2300 1001 2355 saepe
1014 2300 1127 2340 numero
1142 2284 1170 2338 in
1184 2285 1240 2339 suis
1255 2301 1288 2340 ax
1307 2286 1426 2358 Regesto
1450 2285 1568 2341 decretis
1592 2287 1725 2358 praecipit,
1744 2307 1750 2320 ·

64 2376 226 2434 voluntatis
241 2374 390 2439 arbitrium,
406 2382 500 2428 contra
514 2388 629 2437 morem,
652 2372 802 2441 majoribus
825 2373 878 2427 tuis
927 2379 956 2426 ut
973 2395 984 2419 «ι
1003 2372 1153 2427 secundum
1167 2373 1244 2446 leges
1258 2373 1287 2428 et⁴
1299 2388 1417 2429 canones
1432 2373 1727 2444 ecclesiastioajudicia

63 2463 282 2520 inobedientem
297 2461 414 2517 existere
432 2479 438 2515 :
455 2476 506 2516 nec
521 2475 571 2516 nos
585 2468 666 2516 tantae
688 2459 878 2530 indisciplina·
927 2460 1115 2515 terminentur.
1135 2481 1146 2511 ι
1162 2461 1197 2515 Et
1211 2476 1290 2517 sacra
1305 2460 1392 2532 leges,
1407 2477 1476 2533 quas
1490 2462 1616 2518 Ecclesia
1629 2464 1726 2519 catho-

65 2553 144 2608 tioni
159 2550 375 2607 ecclesiasticam
390 2563 544 2622 cognoscas
559 2548 741 2615 dissimulare,
765 2548 808 2604 vel
823 2547 878 2602 dil·
927 2547 981 2602 lica
994 2547 1100 2618 recipit,
1117 2548 1210 2603 dicunt
1227 2566 1233 2602 :
1252 2569 1264 2598 ι
1282 2549 1416 2617 Quoniam
1430 2549 1554 2605 confiteri
1569 2551 1684 2622 quisque
1698 2550 1726 2606 iu

67 2643 152 2696 serre
167 2639 325 2695 vindictam.
344 2658 355 2688 a
373 2637 524 2692 Discemite
541 2645 627 2691 utrum
651 2637 723 2707 quod
747 2637 775 2691 in
799 2636 878 2690 terris
925 2634 1037 2703 judicio,
1064 2651 1119 2690 non
1140 2643 1243 2691 tantum
1269 2651 1319 2690 sua
1341 2651 1420 2702 voce,
1447 2637 1495 2692 sed
1517 2645 1543 2692 ct
1566 2638 1673 2705 litteris,
1699 2644 1727 2694 et

68 2724 245 2788 consistens,
261 2729 287 2776 et
301 2721 509 2777 conversatione
524 2720 552 2774 in
565 2720 642 2776 coelis
657 2719 879 2774 habitansinteu·
928 2737 1089 2793 quocunque
1103 2723 1185 2778 modo
1204 2731 1294 2793 potest
1311 2741 1317 2777 :
1335 2724 1460 2780 convinci
1483 2733 1574 2780 autem
1594 2740 1649 2780 non
1673 2726 1727 2781 nisi

69 2813 163 2877 tavit3
187 2818 214 2866 et
238 2809 326 2864 adbuc
349 2809 491 2863 nobiscum
512 2807 540 2861 in
564 2808 620 2861 suis
644 2807 879 2862 constitutionibus
928 2810 1070 2882 Scriptura
1083 2819 1129 2865 aut
1145 2811 1259 2866 testibus
1282 2819 1412 2884 potest.»
1440 2815 1474 2867 Et
1496 2813 1531 2867 de
1555 2812 1672 2880 clericis,
1698 2813 1727 2868 in

68 2901 186 2963 vivens,
212 2898 246 2952 de
270 2897 340 2953 calo
363 2896 390 2950 in
414 2894 569 2965 hujusmodi
593 2895 713 2950 creditur
734 2894 876 2963 intentare,
927 2898 1071 2970 posteriori
1087 2899 1149 2971 lege
1164 2899 1304 2967 Maioriani
1314 2899 1477 2972 abrogatum
1487 2900 1683 2966 demonstrant,
1697 2908 1728 2957 ut

68 2994 140 3059 post
164 2994 204 3041 tot
226 2984 467 3051 commonitiones,
490 2983 637 3038 vindictam
661 2989 740 3037 tantae
763 2983 877 3038 indisci·
928 2987 1028 3043 clerici
1038 3003 1091 3059 par
1105 2989 1300 3059 compromissi
1314 2988 1728 3062 vinculumnonadccctcpia·

68 3074 221 3148 plinationi
234 3072 312 3128 istius
323 3073 477 3143 regularum
488 3071 684 3141 contemptoris
693 3071 875 3135 dissimulare,
892 3040 1024 3148 Ccopule
1036 3075 1177 3144 judicium.
1189 3075 1224 3129 Et
1234 3075 1298 3129 item
1306 3075 1383 3148 leges
1394 3091 1479 3132 sacrae
1491 3076 1592 3142 dicunt,
1602 3084 1630 3131 ut
1640 3076 1667 3131 in
1677 3077 1728 3132 cri-

68 3164 118 3220 vel
135 3160 248 3217 differre
260 3160 362 3215 diutius
377 3160 535 3225 debeamus,
553 3174 603 3214 uos
618 3158 665 3231 qui
677 3174 728 3230 per
746 3159 795 3214 liei
810 3172 877 3231 gra-

69 3253 145 3310 tiam
160 3250 197 3305 ad
212 3248 333 3306 coelestia
347 3248 525 3319 suspiramus.

364 3355 476 3409 CAPUT
495 3352 596 3408 xxiii.

927 3162 1072 3217 minalibus
1089 3163 1179 3219 causis
1193 3179 1244 3218 nec
1268 3173 1418 3230 accusator,
1442 3179 1493 3219 nec
1516 3171 1661 3221 accusatus
1677 3180 1728 3236 per

927 3259 1140 3322 procuratorem,
1158 3257 1204 3305 aut
1219 3251 1299 3304 aliem
1313 3265 1461 3320 personam
1472 3250 1617 3307 defensare
1628 3268 1657 3308 se
1667 3268 1728 3322 per·

927 3339 1075 3406 mittantur,
1092 3338 1144 3392 nisi
1159 3338 1294 3408 ingratum
1310 3337 1437 3392 libertum
1455 3346 1583 3408 patronus
1605 3346 1725 3396 accuset.

73 3446 157 3515 Quod
172 3446 324 3500 Hincmcro
335 3444 425 3499 eidem
437 3442 585 3497 libameasi
596 3440 758 3496 traditionis
768 3440 877 3495 amman

284 3530 336 3586 per
349 3514 527 3569 calumniam
541 3513 672 3584 imponit.

112 3606 182 3658 Post
196 3609 284 3657 tantas
298 3600 427 3672 denique,
444 3608 470 3655 et
484 3599 549 3654 alias
565 3597 669 3669 plures,
686 3613 754 3669 quas
768 3596 878 3653 vitando

72 3691 264 3764 prolixitatem
279 3696 423 3761 praetereo,
439 3687 664 3743 commonitiones
678 3694 704 3741 et
720 3699 815 3741 sacras
830 3701 879 3740 au·

72 3779 221 3838 ctoritates
237 3793 253 3832 a
267 3792 310 3832 me
325 3777 370 3831 illi'
381 3775 518 3848 prolatas;
534 3775 603 3830 sicut
622 3774 753 3830 Dominus
776 3774 809 3828 de
833 3789 878 3828 re-

71 3868 200 3924 bellante
209 3866 353 3921 adversum
360 3880 389 3920 se
399 3864 499 3935 populo
510 3863 646 3934 queritur:
656 3863 783 3918 Curavim
788 3879 821 3918 us
831 3864 879 3917 Bc·

74 3958 220 4029 byloncm,
231 3957 322 4010 ctcoa
330 3956 490 4009 eatsaaatc.
498 3953 530 4006 Et
542 3969 549 4005 :
562 3954 642 4007 Versa
651 3952 772 4007 eatmibi
781 3951 879 4006 domus

76 4045 171 4102 lsrael
185 4045 218 4098 in
233 4043 353 4098 scortum
368 4041 481 4110 (larem.
497 4040 552 4109 ur),
569 4039 668 4095 accidit
692 4039 758 4093 mihi
772 4039 806 4092 ab
820 4037 877 4106 illo,

927 3426 961 3480 Et
975 3425 1003 3480 in
1018 3440 1100 3481 causa
1116 3424 1221 3495 capitali
1236 3440 1318 3479 nemo
1339 3424 1492 3489 damnatur,
1517 3441 1607 3496 neque
1626 3426 1727 3482 absens

927 3529 978 3585 per
992 3512 1075 3568 alium
1090 3526 1221 3569 accusare
1235 3521 1281 3567 aut
1300 3514 1424 3568 accusari
1446 3520 1556 3584 potest;
1581 3513 1634 3568 nisi
1657 3513 1727 3571 lorte

928 3609 1070 3657 accusatus
1085 3600 1208 3673 legaliter
1222 3616 1254 3656 ac
1269 3599 1432 3672 regulariter
1447 3607 1577 3656 evocatus
1591 3601 1675 3673 (quia,
1699 3609 1728 3657 ut

928 3689 1023 3746 scribit
1033 3688 1159 3744 Gelasiua
1175 3706 1182 3742 ε
1201 3712 1212 3736 ιι
1224 3688 1646 3758 ltavocaturadJudiciumcerta
1657 3705 1728 3761 quae·

929 3792 1035 3847 cunque
1051 3791 1177 3847 persona,
1193 3784 1223 3831 ut
1236 3783 1282 3831 aut
1297 3775 1415 3831 fateatur
1429 3776 1543 3845 objecta,
1559 3782 1605 3831 aut
1619 3776 1728 3833 convin-

928 3872 1007 3921 catur
1017 3864 1130 3934 objectis
1140 3865 1165 3935 a)
1177 3864 1212 3919 ad
1220 3863 1394 3935 purgandum
1404 3877 1444 3931 ae,
1457 3870 1550 3920 contra
1561 3863 1727 3921 evocationis

929 3952 1055 4026 regulam
1070 3953 1164 4008 venire
1179 3952 1324 4019 distulerit,
1341 3959 1369 4008 ut
1384 3951 1535 4008 secundum
1548 3952 1636 4024 leges,
1647 3960 1674 4008 et
1684 3951 1729 4009 de·

930 4049 1004 4098 creta
1019 4040 1155 4112 Gregorii,
1171 4040 1199 4095 in
1215 4056 1288 4110 curn,
1304 4040 1381 4113 quasi
1404 4040 1433 4095 in
1455 4042 1643 4097 contumacem
1665 4056 1729 4111 pro·

77 4129 880 4206 quodSalomondicitzrlcctumincitroeiquiccntatcar-
929 4129 1032 4184 teratur
1047 4129 1190 4184 sententia.
1206 4130 1241 4184 Et
1253 4128 1404 4184 secundum
1417 4127 1495 4200 leges
1509 4136 1536 4183 et
1550 4143 1681 4199 canones,
1700 4136 1730 4185 ut

77 4224 162 4277 mina
177 4220 259 4277 corde
267 4219 486 4291 pessimoffrov.
500 4219 539 4288 v).
553 4239 564 4263 «ι
578 4217 702 4283 Acetum,
717 4214 880 4286 iuquitGre·
930 4216 995 4272 dicit
1009 4216 1092 4280 Felix,
1111 4239 1122 4263 «ι
1141 4216 1308 4285 respondere
1331 4213 1466 4280 diffidens,
1491 4215 1600 4283 objecta
1624 4214 1728 4272 contir-

78 4310 186 4384 gorius,
203 4308 226 4364 si
241 4307 363 4362 mittatur
376 4307 404 4360 in
419 4306 529 4373 nitmm,
556 4303 681 4359 fervescit
699 4303 799 4357 uitmm
813 4317 880 4374 pro·
931 4310 986 4358 mat
1002 4321 1008 4356 :
1028 4327 1038 4351 i
1056 4311 1190 4373 quatenus
1205 4310 1234 4356 ut
1247 4301 1398 4356 bonifacius
1408 4315 1480 4371 papa
1490 4301 1622 4369 decrevit,
1637 4325 1648 4351 α
1662 4303 1729 4358 dila·

77 4400 163 4464 tinus,
190 4405 217 4453 et
240 4395 334 4450 ebullit
357 4412 363 4448 :
388 4401 415 4448 et
437 4408 567 4464 perversa
589 4408 667 4447 meus
695 4391 802 4462 quando
830 4405 880 4460 per
894 4387 1033 4447 Dtionem
1047 4390 1188 4444 sententiae
1204 4389 1239 4443 de
1260 4387 1384 4442 absentis
1407 4402 1461 4441 non
1484 4387 1614 4445 lucretur.
1633 4409 1645 4440 a
1671 4390 1728 4445 Cu·

78 4485 296 4556 increpationem
313 4481 467 4553 corripitur,
483 4496 534 4536 nec
548 4496 599 4551 per
609 4478 808 4550 predicationis
820 4477 881 4533 dul·
928 4477 1047 4547 jnsmodi
1059 4475 1161 4544 judicio
1171 4482 1197 4529 et
1207 4482 1352 4531 accusator
1361 4474 1513 4530 secundum
1522 4474 1598 4547 leges
1609 4482 1635 4532 et
1645 4489 1728 4532 cauo·

80 4573 255 4631 cedinemad
270 4573 342 4626 bona
357 4569 494 4634 suadetur,
511 4576 538 4624 et
553 4568 726 4638 correptione
749 4565 778 4619 lit
802 4566 881 4621 dete·
929 4581 979 4620 nes
995 4563 1155 4633 subjacebit,
1176 4562 1199 4617 si
1221 4563 1423 4619 accusationem
1446 4577 1522 4618 auam
1543 4562 1670 4634 legalem,
1694 4578 1728 4620 ac

83 4662 147 4728 rior,
164 4669 192 4716 et
206 4661 271 4716 iude
286 4660 312 4714 in
334 4657 554 4714 murmurationis
578 4656 745 4727 iniquitatem
764 4669 881 4710 succen·
931 4652 1086 4726 regularem
1100 4659 1261 4722 prosecutus
1275 4666 1330 4707 non
1343 4649 1440 4717 luerit3
1456 4658 1485 4706 ut
1497 4658 1543 4706 aut
1566 4666 1627 4722 qua
1647 4651 1726 4720 obje-

83 4750 167 4817 ditur,
183 4749 256 4804 unde
271 4748 365 4803 debuit
380 4745 413 4800 ab
438 4744 579 4816 iniquitate
598 4743 746 4814 compesci.
765 4762 776 4792 a
803 4742 881 4799 Unde
930 4741 975 4805 cit,
991 4741 1117 4813 legaliter
1130 4756 1162 4797 ao
1176 4739 1339 4813 regulariter
1352 4738 1520 4811 comprobet,
1537 4746 1581 4794 aut
1603 4738 1728 4796 salsitatis

85 4838 259 4909 subsequitur
271 4837 300 4890 in
314 4835 400 4890 rotula
416 4849 502 4904 nuper
517 4848 543 4887 iv
557 4830 618 4887 Kal.
635 4831 719 4887 iulias
739 4830 881 4904 praesentis
930 4846 993 4885 reus
1007 4829 1108 4898 iudicio
1122 4828 1203 4901 legali
1227 4843 1260 4884 ao
1284 4827 1402 4900 regulari
1427 4827 1576 4894 subjaceat.
1603 4827 1678 4884 Sicut
1699 4827 1729 4883 in

87 4927 240 4984 indictionis
255 4927 271 4979 l
285 4924 350 4979 mihi
366 4924 480 4979 directa.
931 4917 1001 4991 legis
1016 4917 1214 4973 Theodosiana
1227 4915 1274 4970 lib.
1291 4929 1332 4984 ix,
1348 4929 1373 4970 c.
1387 4917 1421 4970 26
1436 4921 1462 4969 et
1476 4916 1521 4981 at,
1537 4914 1565 4970 in
1582 4915 1728 4987 Cartbagi-

124 5038 133 5067 ι
146 5015 237 5079 Nulla,
248 5013 383 5085 inquiens,
393 5010 638 5083 consanguinitatis
646 5010 744 5081 pietate
753 5008 879 5077 restricti,
930 5005 1024 5062 nensis
1039 5004 1146 5061 concilii
1162 5019 1187 5061 c.
1205 5006 1248 5068 ta,
1266 5010 1292 5057 et
1306 5001 1426 5058 Africani
1440 5003 1549 5059 concilii
1574 5019 1599 5060 c.
1614 5006 1659 5069 aa,
1671 5003 1728 5058 evi·

90 5104 134 5158 sed
147 5118 238 5175 neque
252 5103 344 5174 aliqua
367 5099 656 5170 archiepiscopalitatis
679 5097 882 5169 praestabilitatc
931 5095 1027 5150 denter
1042 5091 1202 5148 ostenditur.
1225 5090 1278 5145 Sed
1299 5097 1325 5145 et
1346 5090 1507 5161 conspirans
1533 5106 1594 5146 cum
1617 5088 1728 5161 propria

89 5201 130 5246 aut
141 5192 286 5263 probitate,
301 5191 335 5244 ab
350 5189 425 5263 orgis
440 5189 473 5259 (s.
491 5190 567 5270 ὀργῆ)
589 5187 718 5255 justitiam
737 5201 791 5242 non
813 5201 879 5256 ope·
931 5183 1021 5254 plebe,
1038 5188 1066 5236 et
1080 5193 1273 5249 nonnunquam
1287 5185 1400 5234 vocatus
1416 5178 1451 5233 ad
1469 5177 1612 5234 concilium
1635 5176 1727 5233 venire

90 5294 162 5340 rante
177 5283 286 5354 retenti,
306 5283 462 5348 suadentes,
488 5296 521 5339 ac
544 5282 598 5337 imo
622 5279 816 5350 compellentes
837 5295 882 5335 me
930 5271 1096 5337 detritifflss,
1112 5275 1210 5339 putans
1224 5266 1332 5322 sibimel
1346 5266 1452 5337 plebem
1468 5281 1545 5321 suam
1560 5279 1642 5337 Ρθῦδθ
1656 5263 1729 5320 tuffi-

90 5374 229 5439 tradend0‚
244 5379 273 5426 ut
288 5388 303 5427 a
319 5372 395 5445 regia
409 5377 542 5442 potestate
556 5369 728 5439 manciparer
740 5368 880 5434 custodiae,
931 5373 1004 5424 cere,
1033 5356 1153 5412 fraterna
1180 5354 1324 5411 dilectione
1347 5361 1524 5425 contemptu
1546 5368 1602 5409 non
1620 5360 1727 5409 tantum

93 5461 237 5518 scabentes
252 5460 349 5517 litteris
363 5459 461 5516 vestris
474 5459 507 5513 ad
522 5474 586 5515 eum
601 5459 636 5513 ita
653 5457 782 5514 :Etcum
798 5455 883 5512 Silva·
930 5452 1070 5513 dioecesim
1086 5451 1221 5518 amittere,
1238 5465 1334 5509 verum
1348 5456 1375 5506 et
1389 5448 1549 5509 auctoritate
1568 5448 1678 5528 publica
1691 5448 1727 5508 ab
