3794 6104
114 199 188 255 tota

616 195 664 254 bit
678 195 865 255 llllillCULlS
884 197 912 252 S.
929 196 1099 256 naamani.
1116 231 1151 242 -
1165 201 1228 257 LIB.
1243 202 1277 258 ll.

116 321 238 396 quadam
252 320 386 394 Sequanae
398 319 485 376 insula
500 318 661 385 residentes,
682 320 803 376 Parisios
828 338 917 393 sape·
929 328 957 390 A
970 331 1072 378 teretur
1086 322 1158 379 faeta
1170 324 1332 390 dedicimus,
1351 324 1398 379 sed
1413 339 1468 378 non
1483 324 1517 379 ad
1525 333 1623 381 cuncta
1630 331 1770 381 vertamus

116 412 184 467 dum
193 425 307 482 prorsus
316 410 451 481 placebat,
464 410 553 465 navali
564 425 680 465 excursu
691 410 846 465 veniebant.
867 411 922 467 lie·

118 498 295 556 dimebantur
310 514 378 572 argo
388 498 479 556 omnia
487 497 634 554 incircuitu
646 498 734 554 vicina
748 499 920 568 monasteria,

119 604 154 644 ne
162 587 274 644 illorum
282 586 524 657 saevitiaimpositis
532 587 641 658 ignibus
651 594 840 642 cremarentur
851 606 858 653 ;
871 595 923 642 stu·

120 677 277 749 dabantque
292 684 425 747 praeterea
438 675 560 731 vicissim
575 676 662 748 equis,
675 685 809 748 quatenns
817 675 923 748 aliquos

120 764 253 821 nobilium
262 763 710 836 gratiapecuniaecaperepossent.
718 764 883 821 Undeveluti
891 781 923 822 ex

121 853 258 908 mitissimi
266 852 317 907 viri
325 852 417 908 domni
426 852 587 907 Ludunici⁸
604 853 707 907 abbatis
725 853 921 924 redemptione,

120 958 177 998 non
203 941 342 998 modicum
366 949 392 997 et
418 941 632 1013 incomparabile
656 942 834 1014 acquirebant
854 942 922 998 lucri

116 1031 272 1103 negotium.
289 1032 322 1086 Et
337 1031 551 1103 quotiescunque
578 1030 631 1086 tale
660 1031 726 1103 quid
752 1047 835 1105 agere
864 1031 922 1087 dis-

120 1120 286 1192 posuissent,
311 1119 520 1175 dissimulabant
548 1135 577 1174 se
608 1119 700 1174 multis
727 1119 824 1175 diebus
847 1128 919 1189 ante,

973 427 1137 468 sermonem.
1152 413 1222 467 Nam
1246 414 1269 467 si
1294 429 1386 469 camus
1410 430 1460 484 per
1482 413 1600 484 singula,
1620 413 1770 469 exuberans

972 500 1021 556 erit
1035 502 1132 555 modus
1146 502 1172 558 in
1187 503 1296 575 pagina.
1313 502 1472 574 Contigerat
1487 517 1553 573 ergo
1568 511 1672 557 terrore
1686 518 1770 576 paga·

972 606 1069 645 norum
1085 589 1152 644 ultra
1167 591 1285 647 Parisins
1297 592 1352 660 jam
1363 599 1389 645 et
1400 590 1502 646 castelli
1513 589 1649 646 llilidonis
1657 589 1771 664 [Melan]

973 678 1104 733 terminos
1128 680 1340 745 excurrentium,
1364 679 1575 744 sanctissimum,
1601 694 1701 750 corpus
1735 678 1770 734 ab

974 769 1105 822 acmanto
1120 767 1259 841 [demant]
1273 784 1327 840 quo
1341 784 1428 839 nuper
1442 768 1562 823 delatum
1577 766 1691 832 abierat,
1708 765 1773 824 illuc

974 855 1124 911 transferri.
1142 858 1228 912 llomo
1243 857 1326 929 igitur
1341 873 1374 912 ex
1389 857 1486 912 eadem
1501 856 1564 911 villa
1579 855 1624 911 illa
1647 853 1774 912 infirmus

973 960 1023 1015 per
1038 960 1123 1000 annos
1138 953 1165 1000 nt
1180 947 1223 1000 vix
1247 946 1375 1002 incedere
1394 953 1496 1017 posset,
1523 952 1633 1016 totoque
1655 959 1773 1015 corpora

974 1033 1048 1088 nulla
1062 1034 1113 1088 sibi
1128 1035 1303 1091 subveniente
1325 1035 1460 1091 medicina
1482 1033 1665 1089 debilitatibus
1689 1034 1770 1089 adve-

973 1122 1063 1177 niens·
1077 1123 1219 1178 candelam
1235 1139 1326 1179 secum
1344 1123 1448 1189 detulit,
1466 1138 1565 1177 munus
1575 1121 1649 1188 fidei,
1658 1120 1774 1192 pretium

1700 202 1771 261 roas
1872 172 1875 177 ⁴

120 1209 276 1264 nullatenus
308 1224 446 1281 quoquam
468 1208 519 1276 ire,
543 1224 577 1263 ne
601 1208 643 1264 cui
666 1208 774 1264 illorum
809 1208 922 1264 furtivus
974 1211 1105 1266 sanitatis.
1133 1213 1187 1267 Sed
1210 1219 1353 1284 antequam
1377 1212 1450 1266 illam
1476 1211 1627 1267 accendere
1660 1217 1773 1266 conatus

121 1297 307 1356 innotesceret
321 1298 464 1354 adventus.
489 1297 608 1352 Proinde
627 1297 805 1354 decreverant
830 1307 922 1352 mutua
974 1299 1048 1373 quod
1062 1309 1183 1371 emperat
1197 1301 1360 1373 peregisset,
1376 1300 1529 1372 quaesitum,
1546 1297 1700 1354 videntibus
1727 1297 1774 1371 qui

121 1387 268 1459 silentique
287 1386 504 1442 consideratione
519 1385 636 1444 Parisios
661 1386 718 1442 sive
742 1387 775 1441 ad
799 1395 921 1441 nostrum
973 1390 1086 1444 aderant
1101 1389 1247 1453 universis,
1264 1405 1279 1444 e
1295 1389 1363 1444 coelo
1378 1396 1517 1457 respectus
1525 1388 1625 1442 donum
1636 1387 1770 1459 percepit.

119 1474 269 1546 aliquando
287 1490 419 1545 percurre
436 1474 545 1539 locum;
571 1491 721 1547 omnesque
745 1474 845 1529 ibidem
872 1475 922 1530 sub
972 1477 1048 1550 Ergo
1062 1478 1085 1532 si
1101 1477 1179 1548 regni
1194 1477 1326 1533 coelorum
1342 1476 1539 1533 inaestimabilis
1553 1476 1711 1549 magnitudo
1724 1492 1774 1533 cu·

120 1561 248 1619 maletida
263 1563 406 1619 securitate
422 1570 622 1618 commorantes
638 1563 774 1634 insperate
785 1563 920 1634 decipere.
970 1565 1080 1634 jnslibet
1099 1565 1246 1637 quantitate
1268 1566 1348 1637 pretii
1370 1565 1423 1621 emi
1443 1572 1544 1636 potest,
1573 1565 1657 1619 multo
1687 1565 1775 1639 magis

119 1651 284 1710 destiterant
294 1651 427 1723 siquidem
441 1651 469 1706 in
479 1653 575 1708 eodem
587 1651 751 1707 monasterio
770 1651 816 1724 qui
833 1652 921 1722 ipsum
974 1671 1037 1710 vera
1053 1654 1106 1710 lide
1122 1655 1220 1711 sanitas
1235 1655 1369 1725 corporis.
1386 1655 1500 1709 Tantum
1516 1653 1587 1709 enim
1607 1653 1776 1709 Christianus

121 1740 292 1797 custodirent
305 1743 405 1797 fratres
425 1741 482 1797 fore
503 1741 608 1814 viginti.
635 1738 739 1808 Quibus
762 1740 921 1797 matutinale
974 1745 1081 1815 accipit,
1094 1752 1222 1815 quantum
1247 1744 1343 1800 credit.
1370 1742 1520 1799 Confestim
1535 1742 1671 1814 siquidem
1685 1741 1775 1797 oblato

120 1840 183 1887 orto
195 1831 252 1900 jam
265 1830 424 1900 crepusculo
441 1829 580 1885 Paschalis
595 1838 779 1886 sacrosanctae
794 1829 923 1885 festivita·
974 1849 1086 1888 munere
1102 1842 1221 1901 sanatur,
1242 1840 1324 1904 atque
1339 1832 1436 1888 domus
1459 1848 1515 1888 snae
1536 1830 1631 1886 limina
1651 1830 1776 1902 gaudens

121 1920 158 1974 tis
181 1917 300 1975 officium
323 1918 531 1983 celebrantibus,
557 1918 656 1972 adsunt
680 1918 851 1988 Nortmanni,
878 1918 924 1991 qui
974 1921 1079 1980 revisit.

121 2009 276 2065 Parasceve
296 2007 339 2062 die
359 2007 437 2079 equis
460 2006 582 2063 ascensis
606 2007 657 2062 iter
679 2006 849 2079 arripuerant
875 2023 924 2063 ve·
1277 2045 1390 2101 CAPUT
1408 2046 1461 2099 ql,

120 2095 226 2153 niendi.
252 2094 327 2167 Quos
346 2095 457 2167 quidam
481 2103 636 2151 nostrorum
663 2095 768 2168 equites
788 2095 926 2167 paulisper
1409 2086 1419 2100 ⁴
1464 2086 1470 2100 ⁸

122 2184 327 2257 pervenientes,
355 2200 448 2241 eorum
473 2185 512 2239 eis
536 2185 659 2257 quamvis
686 2200 748 2240 sero
776 2186 924 2256 malignum
1011 2173 1076 2226 Erat
1091 2170 1191 2225 ibidem
1207 2186 1271 2225 sane
1287 2185 1434 2225 concursus
1448 2167 1620 2224 infirmorum
1633 2167 1698 2225 binc
1712 2167 1776 2223 inde

121 2274 315 2330 nuntiaverunt
330 2274 486 2329 adventum.
505 2273 559 2328 lllis
572 2281 661 2328 autem
676 2275 923 2341 concredentibus,
975 2260 1169 2316 00¹¹¹¹¹¹i¹¹i¹¹¹¹¹i
1185 2259 1318 2329 li¹¹¹i¹¹¹¹¹IS
1335 2277 1341 2313 ²
1358 2274 1473 2331 ¹l¹¹0¹¹¹¹¹¹
1490 2273 1588 2313 ⁰¹¹¹S¹¹⁸
1602 2264 1631 2312 ¹¹¹
1654 2257 1693 2313 ⁵¹⁰
1717 2256 1776 2313 ¹³¹¹

122 2364 174 2420 sed
189 2363 277 2435 magis
290 2362 416 2418 laudibus
430 2362 528 2416 divinis
543 2362 737 2432 insistentibus,
754 2362 852 2436 pagani
867 2363 925 2419 sine
974 2348 1043 2403 ¹¹¹¹³¹
1057 2348 1193 2420 0⁰¹¹¹8i¹¹¹¹2
1209 2348 1275 2403 ¹ae⁰¹
1289 2347 1441 2420 diffidebam
1457 2347 1589 2411 Vidssssieit
1605 2346 1696 2402 claudi
1714 2361 1776 2400 am-

121 2468 202 2508 mora
217 2452 392 2523 insequentes
407 2459 547 2520 venerunt,
563 2459 729 2522 cunctosque
744 2459 771 2505 ut
793 2460 869 2507 crant
898 2452 925 2506 jn
975 2437 1110 2502 balantes,
1128 2438 1215 2493 curati
1231 2437 1331 2492 diversi
1347 2435 1541 2501 febricitantes,
1563 2443 1644 2508 atque
1668 2432 1776 2506 plurimi

123 2540 243 2599 ccclesia
258 2539 472 2595 circumcinxere
487 2539 645 2610 psallentes·
661 2541 746 2605 Tunc,
773 2539 846 2612 quod
869 2556 926 2594 ma.
976 2527 1059 2580 variis
1073 2540 1219 2596 corporum
1241 2526 1374 2598 COllfflgllS
1397 2525 1503 2579 liberali
1526 2524 1630 2597 glallds
1656 2522 1774 2596 flssebflsst

123 2646 210 2702 gnum
229 2627 279 2683 ruti
303 2627 456 2684 declinandi
476 2628 635 2696 suminam,
656 2628 758 2683 clausis
781 2628 808 2682 tn
831 2643 926 2683 eorum
975 2614 1120 2670 iuturus:
1148 2614 1317 2687 singulisque
1346 2612 1515 2683 largiebatur
1540 2612 1651 2668 remedii
1666 2611 1775 2683 surii.

122 2717 211 2774 oculis
226 2717 349 2773 ecclesiae
364 2717 460 2787 portis,
477 2732 573 2772 omnes
589 2733 650 2772 sese
674 2717 701 2771 in
726 2732 840 2789 quaeque
864 2716 926 2770 lavi.
975 2711 1057 2774 prout
1072 2702 1148 2773 digni
1163 2703 1369 2757 inveniebantur
1383 2701 1541 2756 medicantis
1556 2700 1709 2757 clementia.
1736 2700 1777 2756 lta

122 2807 186 2861 bula
201 2806 244 2861 vel
253 2813 350 2876 puteos
360 2805 555 2878 immergentes
567 2805 769 2861 absconderunt
782 2823 789 2870 ;
802 2821 855 2877 qno
871 2821 926 2859 nort
976 2807 1084 2863 ¹l¹¹⁰¹l¹¹e
1099 2792 1236 2845 ¹¹¹¹¹¹¹¹¹¹¹¹¹¹¹
1251 2798 1279 2845 ¹¹¹
1294 2791 1338 2861 ¹l¹¹¹
1363 2806 1478 2860 ¹¹0⁸l¹¹ii¹i
1501 2789 1598 2845 deb¹¹¹⁸
1622 2788 1774 2859 fldV⁰¹¹¹¹¹i¹r

123 2911 156 2951 ex
172 2894 299 2950 omnibus
312 2893 363 2947 nisi
378 2910 461 2948 unum
477 2909 547 2966 equo
562 2892 701 2962 fidentem,
719 2894 785 2948 tanti
800 2893 926 2964 praesulis
976 2895 1056 2934 mane
1073 2879 1143 2935 sfl⁰¹0
1159 2879 1308 2950 8¹¹'l¹¹⁵⁸¹¹¹¹¹¹
1324 2878 1578 2935 ¹⁰00¹¹¹¹¹¹¹⁵¹i¹¹¹¹0¹
1609 2878 1684 2933 ¹¹¹¹&
1708 2893 1776 2948 ¹l¹¹0⁸

124 2982 339 3057 suffragantibus
349 2983 451 3037 meritis
459 2980 653 3038 interficerent.
670 2984 762 3055 ltaque
780 2982 925 3055 fugientes,
977 2970 1107 3040 l¹¹¹¹i¹¹¹¹¹S
1130 2970 1164 3023 ¹¹¹³
1188 2985 1259 3041 l¹¹¹C⁰
1284 2967 1438 3038 S¹¹¹¹¹¹l¹¹³¹¹⁵¹
1460 2966 1642 3039 [d’Etompea]
1663 2966 1777 3023 ¹⁰⁵¹¹¹¹¹⁸

121 3081 185 3128 ante
199 3081 374 3143 conspectum
387 3072 508 3141 ipsorum
525 3071 607 3126 ibam¹
631 3072 688 3127 Nec
712 3072 791 3126 aliter
813 3049 925 3143 inquam
940 3046 1117 3113 Cdel'ortur:
1155 3057 1272 3111 habebat
1306 3056 1379 3112 enim
1407 3056 1592 3111 conlldCllone
1632 3070 1777 3112 nervorum

125 3162 279 3230 verissime,
294 3161 346 3215 nisi
371 3167 399 3215 ut
428 3160 539 3232 qnidam
568 3160 674 3214 illorum
705 3168 768 3215 ante
791 3160 923 3214 enudatos

123 3252 207 3306 etiam
231 3249 347 3322 gladios,
371 3265 431 3305 cum
454 3257 526 3304 esset
549 3249 618 3314 dies,
645 3249 723 3304 illaest
748 3249 922 3303 transierunt.

124 3339 231 3408 Quibus
246 3338 282 3392 ita
297 3337 421 3410 angelica
442 3337 675 3393 administratione
697 3337 815 3403 salvatis,
840 3337 923 3391 intor-

123 3428 203 3485 lectis
218 3426 379 3498 praenuntiis
393 3435 474 3498 atque
489 3426 549 3481 aliis
564 3427 592 3480 in
607 3427 721 3482 circuitu
739 3435 765 3481 et
786 3427 813 3481 in
835 3425 925 3481 medio

123 3516 286 3572 monasterii
300 3531 332 3570 ex
347 3513 460 3570 famillia
475 3516 608 3586 plurimis,
625 3516 716 3570 omnia
740 3515 820 3571 veluti
843 3531 924 3586 spur-

122 3605 230 3662 nissimi
244 3605 384 3661 invasores
399 3621 514 3678 quaeque
528 3604 555 3658 in
571 3604 687 3659 ecclesia
699 3605 741 3660 vel
757 3614 835 3659 extra
850 3605 925 3659 inve·

123 3701 222 3750 nerant
249 3693 425 3765 diripientes3
455 3709 517 3747 eum
544 3701 694 3764 proventus
736 3692 922 3748 exsultatione.

120 3782 234 3841 cellario
249 3781 361 3837 fratrum
376 3782 439 3852 igne
456 3782 606 3852 supposito,
624 3781 727 3837 reversi
752 3790 823 3836 sunt.
850 3782 925 3838 Tunc

120 3870 244 3928 universi
265 3870 299 3926 de
324 3869 555 3942 qualibuscunque
588 3871 685 3941 quibus
709 3887 738 3925 se
768 3870 925 3926 abdiderant

122 3959 232 4032 egressi
246 3958 369 4025 latebris,
385 3967 564 4015 concurrente
579 3958 660 4014 etiam
675 3959 736 4014 hine
750 3959 813 4015 inde
825 3960 925 4031 populo

123 4047 253 4112 civitatis,
270 4048 461 4102 subverterunt
474 4055 577 4102 tantum
596 4048 709 4119 Spiritus
732 4049 818 4104 sancti
839 4049 927 4122 gratia

122 4136 198 4208 ignis
214 4136 349 4202 ardorem,
363 4137 418 4206 jam
444 4138 478 4191 ad
501 4145 597 4192 cuncta
618 4138 813 4203 consumenda,
840 4138 927 4209 spatia

123 4225 224 4280 altiora
237 4232 385 4296 petentem.
406 4227 510 4297 Neque,
534 4226 607 4298 quod
629 4235 724 4297 postea
749 4227 848 4281 nostris
873 4226 926 4280 ite-

123 4322 185 4370 rato
199 4315 315 4386 contigit
329 4314 444 4380 delictis,
471 4314 546 4370 locus
570 4323 633 4372 tunc
657 4315 763 4386 penitus
787 4322 926 4371 crematus

123 4398 261 4470 disperiit.

436 4568 549 4624 CAPUT
566 4568 613 4623 Xl.

161 4729 297 4784 Caeterum
312 4735 339 4781 ut
354 4727 388 4782 sit
404 4727 536 4782 memoria
555 4727 623 4782 lusti
646 4742 707 4783 oum
731 4725 865 4792 laudibus,
891 4726 926 4781 ad

121 4834 155 4873 ea
171 4832 232 4889 quae
246 4816 272 4870 in
287 4816 441 4887 Novigento
456 4809 468 4847 ¹¹
482 4816 545 4870 villa
562 4824 653 4870 nostra
669 4831 751 4886 super
777 4817 926 4870 blaternam

123 4905 236 4962 fluvium
253 4904 302 4959 sita
317 4905 382 4959 dum
398 4904 434 4958 ibi
450 4913 615 4971 moraretur,
632 4905 750 4976 dumque
765 4904 828 4960 inde
838 4921 927 4960 rever·

123 5069 280 5122 clamationis
303 5069 418 5120 adversus
442 5069 596 5120 wenilonem
627 5069 758 5119 Senonum
792 5069 927 5131 arentepis-

123 5149 223 5199 copum.
238 5136 332 5186 Deinde
344 5143 429 5188 contro
448 5150 569 5201 paganos,
592 5136 681 5199 inquit,
701 5136 734 5187 cd
751 5136 858 5187 insutum
879 5136 925 5185 loct

123 5205 169 5268 qui
184 5205 297 5255 Oscettua
310 5206 401 5255 dicitur
417 5206 529 5267 perrexi.

158 5289 288 5351 ostridam
300 5290 428 5353 imperitus
441 5290 464 5338 in
477 5288 599 5339 codicibus
614 5299 676 5338 mss.
693 5288 740 5337 hoc
752 5287 805 5337 loco
818 5289 927 5348 reposuit

122 5357 254 5419 Hitduint,
264 5357 396 5408 advertens
408 5356 499 5407 nullum
507 5355 531 5406 iti
542 5355 645 5407 anaticis
655 5355 802 5405 ludovicum
813 5353 927 5405 abbatem

122 5437 153 5475 eo
165 5427 278 5487 ternpore
287 5423 402 5474 cenobio
413 5424 440 5474 S.
450 5424 565 5473 Germani
578 5421 712 5483 praefuisse.
732 5423 763 5472 nt
774 5421 927 5472 retinendum

122 5503 214 5544 nomen
233 5491 357 5545 luduwici
369 5490 538 5552 seniudoviqi
560 5489 656 5542 abbatis
675 5488 817 5541 noumterii
836 5488 927 5554 bincy-

975 3147 1097 3202 membra
1111 3146 1246 3200 damnata.
1262 3143 1314 3213 Qui
1338 3160 1354 3199 a
1378 3153 1462 3198 matre
1486 3144 1651 3214 deportatus,
1678 3144 1778 3213 depre-

975 3244 1051 3290 catur
1065 3234 1123 3305 ipsa
1138 3234 1247 3298 obnixe,
1260 3242 1289 3286 nt
1299 3249 1328 3287 se
1339 3248 1400 3288 cum
1409 3247 1495 3302 puero
1506 3247 1539 3285 ea
1550 3231 1663 3286 noctein
1680 3230 1778 3286 eadem

975 3322 1095 3388 basilica,
1114 3322 1141 3375 in
1157 3337 1209 3392 qua
1224 3321 1310 3376 sancti
1325 3320 1450 3391 praesulis
1464 3334 1562 3390 corpus
1583 3317 1775 3386 venerabatur,

975 3427 1102 3465 emanere
1116 3411 1220 3465 liceret.
1238 3409 1343 3464 Deinde
1360 3410 1425 3464 liora
1448 3408 1571 3477 ejusdem
1586 3407 1675 3463 noctis
1690 3406 1773 3462 adve-

974 3499 1076 3567 niente,
1106 3508 1133 3553 nt
1162 3499 1316 3569 putabatur,
1344 3498 1401 3566 jam
1440 3496 1538 3560 media,
1573 3512 1649 3566 puer,
1689 3501 1777 3552 matre

975 3588 1124 3657 nesciente,
1142 3588 1215 3642 solus
1231 3589 1395 3660 adsurgens,
1412 3603 1462 3658 per
1485 3586 1608 3640 eamdem
1631 3583 1776 3640 ecclesiam

975 3677 1075 3748 pedum
1089 3677 1241 3732 cohaesione
1256 3684 1391 3748 utcunque
1411 3675 1499 3730 soluta
1519 3673 1661 3729 ambulare
1685 3680 1775 3728 tenta·

975 3765 1030 3819 bat.
1047 3765 1165 3837 Evigilat
1180 3765 1287 3834 mulier,
1304 3764 1459 3837 gaudetque
1473 3763 1507 3818 de
1522 3762 1576 3818 nati
1590 3762 1647 3818 visa
1661 3761 1751 3817 salute
1766 3779 1774 3817 ε

976 3856 1068 3926 sicque
1098 3854 1156 3924 ipsa
1184 3863 1265 3926 atque
1292 3854 1416 3925 sequenti
1441 3861 1520 3909 noete
1543 3852 1639 3907 eodem
1663 3851 1690 3905 in
1714 3851 1775 3906 loco

975 3950 1120 4009 transacta,
1138 3951 1209 3999 totus
1224 3951 1285 4014 post
1301 3943 1413 3998 biduum
1429 3959 1525 4015 sospes
1540 3941 1664 4010 affectus,
1688 3939 1770 4014 geni·

975 4033 1043 4090 trice
1060 4033 1180 4102 jocunda
1205 4033 1328 4088 recessit.

1274 4194 1386 4249 CAPUT
1400 4193 1475 4247 Xlll.

1011 4318 1042 4370 lu
1057 4317 1152 4371 eadem
1168 4316 1285 4387 denique
1300 4315 1454 4386 Novigento
1470 4313 1534 4368 villa
1551 4329 1611 4383 quae
1626 4319 1652 4367 et
1672 4317 1774 4383 quanta

939 4405 1076 4473 Diuerint
1091 4406 1131 4476 (ut
1151 4404 1233 4474 poulo
1253 4419 1337 4474 snpra
1361 4402 1513 4470 retulimus)
1537 4401 1681 4455 sanitatum
1705 4400 1774 4456 cha-

976 4495 1086 4548 rismata
1110 4494 1168 4562 ejus
1192 4493 1319 4546 bonitatis
1341 4508 1453 4546 munere
1465 4489 1671 4545 advenientibus
1696 4487 1775 4543 exiti-

977 4578 1040 4643 bita,
1073 4577 1132 4631 sine
1162 4576 1272 4632 crimine
1298 4576 1411 4630 latemur
1439 4591 1489 4630 nos
1518 4575 1654 4646 ignorare.
1685 4571 1774 4640 Quam

976 4681 1042 4721 vero
1064 4665 1162 4720 fuerint
1191 4666 1340 4730 innumera,
1368 4664 1414 4718 ille
1441 4663 1486 4733 qui
1515 4663 1588 4717 dedit
1615 4668 1776 4731 cooperator

976 4755 1124 4826 piissimus,
1142 4755 1216 4809 solus
1231 4755 1303 4809 novit
1318 4756 1407 4808 lesus.
1424 4752 1488 4807 ldeo
1504 4752 1539 4806 ad
1554 4751 1581 4805 id
1597 4751 1670 4822 quod
1694 4748 1772 4803 ardet

977 4845 1083 4901 animus
1098 4853 1280 4908 transeuntes,
1299 4844 1357 4912 ejus
1372 4842 1558 4897 reversionem
1582 4847 1671 4894 mente
1695 4837 1775 4892 hilari

977 4950 1114 5004 exponere
1128 4933 1296 4989 festinemus.
1314 4934 1424 4988 Fratres
1438 4931 1521 5002 igitur
1531 4929 1577 5001 qui
1588 4928 1642 4984 illic
1659 4927 1775 4982 aderant

975 5079 1048 5141 sinai,
1061 5079 1101 5140 qui
1114 5078 1308 5129 abliortmannis
1331 5081 1416 5140 eaptus
1437 5089 1465 5126 ac
1484 5075 1563 5140 pretlo
1582 5074 1638 5124 dato
1657 5071 1775 5122 liberatus

977 5149 1026 5195 est.
1043 5147 1107 5206 aege
1120 5145 1200 5195 Vitam
1213 5147 1239 5195 S.
1253 5146 1354 5196 Faronis
1374 5145 1399 5194 in
1411 5142 1499 5194 saeculo
1511 5157 1537 5192 tt.

1010 5222 1022 5258 ¹³
1036 5230 1194 5292 novigentum
1206 5230 1298 5281 artaldi
1310 5229 1445 5291 appellant,
1458 5227 1587 5278 vernacule
1599 5225 1693 5286 Noaent
1710 5222 1776 5274 l'lr·

976 5316 1050 5377 trad,
1062 5315 1086 5364 in
1100 5327 1160 5378 pago
1173 5315 1267 5376 briegio
1279 5314 1309 5364 ad
1322 5316 1453 5364 llatemam
1466 5325 1507 5362 seu
1517 5311 1758 5363 ilatronamtluvittm
1771 5320 1779 5372 3

977 5403 1082 5454 babetur
1101 5399 1126 5449 in
1147 5400 1229 5450 codice
1251 5398 1391 5459 lrmlnonis,
1417 5409 1495 5460 nuper
1518 5396 1600 5461 predo
1619 5397 1690 5460 vulgo
1709 5397 1775 5450 dioto

976 5484 1375 5543 Amtmmviltervcomtnutatum.
