3794 6104
120 258 175 312 tat
712 254 890 312 EPISTOLAE
918 255 964 312 ET
990 256 1164 314 DECllE'l'h.

1718 266 1771 323 tto
1828 351 1837 358 ⁸

126 395 176 435 vos
190 379 268 450 prius
289 378 479 452 colligationes
502 378 647 449 impietatis
660 386 687 434 et
701 377 790 434 foedus
812 378 926 450 impium
940 382 1030 441 Auen
1052 380 1178 453 expedit3
1201 382 1339 454 precipue
1363 382 1425 455 quia
1446 391 1493 439 tua
1518 383 1672 440 fraternitas
1696 385 1772 458 ipsos

127 467 200 539 quod
224 483 288 523 cum
312 466 428 522 inimicis
451 466 551 522 Christi
565 466 669 522 habetis
694 467 882 538 compositum,
899 475 926 522 et
975 465 1125 520 invisibiles
1148 481 1283 521 moerores
1306 475 1424 536 nostros,
1451 468 1520 524 sicut
1543 469 1571 524 in
1600 469 1696 525 litteris
1720 472 1772 527 tuis

125 570 176 610 nos
191 554 263 610 illico
287 554 513 624 misericordiam,
530 571 611 627 quam
626 555 700 610 Deus
721 563 814 610 noster
826 554 925 610 Eccfe-
975 554 1167 624 conspicimus,
1184 570 1238 609 non
1252 555 1370 625 ignorat,
1388 571 1439 626 per
1453 556 1528 611 illum
1540 557 1586 629 qui
1600 566 1626 614 te
1642 560 1770 616 sacerdo-

127 644 176 698 siae
190 659 246 698 suae
259 642 288 696 in
303 638 405 713 Spiritu
420 649 512 698 sancto
532 642 606 697 dedit
621 642 711 699 facere
725 659 816 714 posse,
834 643 924 698 nulla·
975 649 1030 696 tem
1052 657 1128 696 suum
1152 642 1299 709 constituit,
1319 651 1392 697 taam
1407 645 1588 700 reverentiam
1603 647 1770 716 adjuramus,

126 739 207 786 tenus
222 731 299 787 vobis
311 731 369 800 jam
383 730 524 786 conversis
540 731 657 786 tribuere
675 731 841 786 omittemus.
856 733 925 786 Nam
976 729 1175 802 suadentesque
1190 731 1279 785 modis
1293 731 1419 787 omnibus
1434 733 1623 805 deprecamur,
1639 743 1666 791 et
1680 742 1772 792 aucto·

125 819 195 876 sicut
218 835 281 875 vere
306 818 498 874 satisfactionis
526 817 729 875 confessoribus
757 821 925 891 parcendum
975 817 1054 872 ritate
1069 818 1222 889 principum
1243 819 1437 889 apostolurum,
1454 821 1576 877 fraterno
1591 821 1651 879 freti
1666 840 1769 896 amore,
1867 886 1871 895 ,

125 915 176 974 est,
201 908 309 963 dicente
334 908 450 962 Domino
466 924 473 963 :
492 908 560 963 Cum
581 923 730 964 conuersas
751 909 924 980 ingemueris
974 905 1148 976 precipimus
1163 915 1191 962 ut
1205 907 1332 963 omnibus
1356 908 1460 964 viribus
1480 909 1532 964 tuis
1547 912 1675 984 omnique
1688 928 1771 985 posse

125 996 425 1062 salvaberis,ctadfiuc
438 1000 463 1051 tc
473 996 613 1068 loquente,
625 996 733 1051 dicem:
747 998 816 1052 Ecce
824 997 924 1052 adsum
975 1001 1020 1048 tuo
1035 993 1152 1062 labores,
1167 1002 1223 1049 tam
1245 996 1348 1052 scilicet
1372 1013 1433 1053 curn
1447 1014 1577 1071 germano
1592 999 1674 1056 fratre
1690 1017 1771 1074 quarn

125 1084 237 1156 (11111.
253 1090 368 1152 11111111);
385 1083 423 1137 ita
445 1099 510 1138 vero
526 1083 669 1138 inscelere
685 1083 767 1154 impio
787 1084 924 1139 manenti·
974 1097 1035 1137 cum
1050 1081 1111 1137 aliis
1124 1083 1292 1139 Christicolis
1307 1084 1334 1138 in
1352 1086 1403 1141 hoc
1418 1102 1498 1157 opem
1523 1087 1593 1142 ferre
1608 1088 1770 1158 valentibus,

124 1171 176 1225 bus
198 1171 384 1226 miserendum
405 1180 529 1240 nonest,
557 1171 684 1242 quoniam
707 1171 925 1227 misericordiam
974 1177 1002 1224 ut
1017 1169 1101 1241 impia
1124 1173 1310 1242 agarenorum
1334 1171 1447 1241 foedera,
1464 1191 1524 1246 quae
1539 1175 1708 1247 Neapolitani
1728 1178 1773 1234 vel

124 1259 245 1330 aliquam
261 1259 403 1314 vobiscum
426 1267 488 1313 ante
504 1258 620 1314 fructum
633 1260 745 1330 dignum
761 1260 926 1330 peanitentiae
976 1257 1016 1311 sui
1039 1258 1161 1313 consocii
1186 1275 1246 1314 cum
1262 1259 1377 1316 inimicis
1401 1261 1498 1317 Christi
1513 1264 1629 1319 nominis
1643 1264 1769 1330 inierant,

125 1346 218 1403 facere
234 1347 344 1403 omnino
358 1347 511 1418 nequimus,
528 1363 560 1402 11
576 1348 647 1418 quod
662 1347 850 1403 misericordia
866 1347 924 1403 sine
975 1345 1083 1401 Christo
1105 1346 1252 1402 miserante
1274 1349 1436 1420 quantocius
1455 1350 1642 1420 destruantur;
1664 1361 1691 1408 et
1719 1369 1773 1424 pax

123 1435 313 1490 controversia
342 1435 426 1507 quaeri
454 1435 544 1500 debet,
571 1443 600 1490 ut
624 1436 695 1490 salus
710 1435 745 1490 sit
760 1435 922 1507 disciplinae.
974 1440 1052 1504 atque
1068 1436 1214 1490 concordia
1229 1434 1414 1508 fideliumper
1429 1439 1555 1494 eumdem
1570 1440 1704 1497 Christum
1718 1442 1773 1498 Do·

122 1523 922 1596 111111111111111111(1111111011111111111111111.
974 1521 1078 1576 minum
1113 1522 1285 1590 reformetur,
1311 1533 1444 1597 quatenus
1477 1543 1576 1598 corpus
1600 1537 1701 1584 sanetae
1723 1530 1774 1586 Del

125 1612 171 1682 te)
188 1629 195 1665 ε
212 1611 290 1683 Saepe
304 1611 391 1682 pietas
414 1628 462 1682 per
484 1611 691 1667 immoderatam
710 1612 923 1668 misericordiam
973 1609 1114 1681 Ecclesia,
1131 1627 1180 1682 pro
1195 1627 1249 1683 qua
1263 1613 1376 1684 sanguis
1400 1613 1477 1670 fusus
1491 1622 1533 1672 est
1547 1615 1656 1684 Christi,
1674 1617 1773 1673 insuia

120 1714 220 1754 errare
244 1698 323 1766 solet,
340 1699 363 1753 si
376 1697 491 1754 fortasse
506 1701 630 1770 pepercit
644 1717 705 1772 quae
718 1701 854 1771 parcenda
869 1715 925 1755 noa
940 1698 1104 1790 Bmembris
1118 1715 1173 1754 non
1187 1699 1332 1767 laceretur,
1350 1709 1376 1756 et
1391 1718 1451 1774 qua
1465 1703 1501 1758 sit
1510 1719 1576 1759 vera
1585 1704 1682 1778 religio
1693 1713 1776 1777 atque

124 1794 197 1843 sunt.
207 1788 323 1842 Peccata
339 1788 411 1842 enim
427 1804 487 1859 quae
502 1786 573 1842 feriri
589 1788 723 1860 gehenna
738 1789 848 1859 ignibus
860 1804 925 1859 pos·
976 1786 1092 1858 perfecta
1117 1787 1235 1843 charitas
1259 1798 1450 1860 agnoscatur:
1472 1792 1536 1863 quia
1559 1792 1622 1849 licet
1646 1809 1705 1861 vos,
1730 1794 1775 1850 vel

124 1883 198 1944 sunt,
216 1875 366 1946 disciplina
385 1882 446 1930 sunt
461 1875 577 1930 verbere
591 1875 762 1949 corrigenda.
779 1876 833 1931 Sed
848 1877 924 1931 inor·
975 1873 1063 1928 omnis
1078 1871 1145 1928 forte
1160 1874 1277 1928 mundus
1291 1874 1364 1930 mala
1379 1891 1440 1945 quae
1454 1876 1595 1933 imminent
1604 1878 1707 1951 lugeat,
1723 1894 1774 1934 nos

123 1963 217 2018 dinata
237 1962 325 2034 pietas
347 1978 409 2018 curn
425 1962 611 2034 temporaliter
631 1965 729 2035 parcit,
745 1964 780 2019 ad
793 1973 924 2020 aeternum
975 1968 1066 2015 tomen
1090 1968 1192 2016 tautum
1216 1978 1272 2033 prae
1285 1963 1411 2017 omnibus
1426 1962 1569 2036 affligimur
1582 1982 1613 2021 ac
1637 1967 1773 2032 dolemus.

123 2051 287 2123 supplicium
303 2051 445 2122 pertrahit.
461 2052 540 2107 Unde
555 2051 633 2107 vobis
655 2052 875 2124 resipiscentibus
890 2070 924 2109 ne
976 2058 1105 2120 quantum
1129 2067 1187 2120 prae
1209 2050 1336 2106 omnibus
1359 2050 1568 2108 sollicitudinem
1581 2063 1663 2126 atque
1678 2069 1773 2112 curam

123 2140 151 2194 in
165 2137 258 2195 futuro
273 2139 400 2210 pereatis,
417 2155 530 2210 parcere
544 2149 680 2210 optamus.
695 2141 830 2197 Praeterea
841 2141 864 2196 si
874 2140 924 2196 fra-

121 2235 165 2282 ter
188 2234 261 2293 tuus,
286 2227 525 2298 Neapolitanorum
546 2228 672 2284 videlicet
696 2228 760 2293 dux,
784 2246 835 2300 per
859 2245 923 2284 suos

121 2316 238 2372 idoneos
260 2316 366 2388 legatos
387 2315 466 2371 nobis
481 2323 574 2387 optata
588 2324 614 2371 et
629 2331 663 2372 ea
678 2333 738 2388 quae
753 2324 861 2388 oportet
876 2334 923 2372 ve-

122 2405 179 2459 raci
194 2403 281 2459 relatu
297 2402 462 2474 perficienda
471 2404 609 2474 direxerit,
625 2419 673 2459 eos
687 2404 843 2477 gratissime
858 2405 925 2460 reci·

120 2492 239 2563 pientes,
252 2491 383 2563 quidquid
399 2491 505 2546 ratione
519 2491 612 2564 sagaci
622 2493 775 2558 retulerint,
788 2490 922 2562 perficere

123 2596 175 2651 pro
188 2579 321 2636 Ecclesia
344 2580 394 2635 Dei
407 2579 521 2635 utilitate
536 2587 615 2651 atque
630 2580 716 2636 salute
729 2581 824 2652 procul
839 2581 921 2636 dubio

121 2668 209 2739 parati
226 2668 337 2723 erimus.
349 2669 408 2740 Age
422 2668 512 2741 igitur,
526 2677 552 2723 et
565 2668 701 2723 desudare
720 2685 771 2739 pro
786 2669 922 2725 communi

123 2756 316 2827 prosperitate,
338 2756 393 2811 imo
416 2771 467 2827 pro
487 2755 573 2810 salute
597 2764 642 2810 111
657 2765 683 2811 11
698 2757 798 2812 civium
813 2765 922 2813 tuorum

124 2860 180 2899 non
194 2844 323 2911 desistas,
336 2859 465 2917 arguens,
482 2844 632 2899 obsecrans
649 2852 681 2904 ‚et
701 2844 846 2916 increpans
860 2862 921 2901 cum

122 2933 197 2988 omni
220 2933 345 3004 imperio,
361 2941 390 2987 ut
404 2933 482 2987 labor
503 2941 563 2987 tuus
579 2931 696 2987 fructum
710 2932 921 2988 desiderabilem

975 2138 1159 2208 regendarum
1174 2137 1273 2193 Christi
1287 2139 1380 2193 ovium
1396 2154 1446 2194 nos
1461 2140 1616 2211 suscepisse
1630 2142 1773 2214 perpendi·

974 2241 1045 2280 mus.
1062 2226 1181 2298 Ideoque
1197 2227 1261 2297 quia
1274 2226 1336 2298 plus
1349 2228 1475 2282 omnibus
1496 2228 1664 2298 laboramus,
1680 2238 1710 2285 ut
1723 2247 1773 2302 per

974 2329 1024 2368 vos
1038 2312 1118 2369 labor
1140 2324 1233 2371 noster
1246 2332 1332 2388 usque
1354 2316 1389 2371 ad
1408 2315 1533 2373 effectum
1556 2317 1690 2388 proficiat,
1708 2335 1774 2391 spe·

974 2402 1080 2457 cialiter
1097 2403 1284 2473 deprecamur.
1314 2405 1388 2460 Inter
1401 2406 1460 2462 haec
1476 2414 1567 2462 autem
1584 2407 1773 2464 charissimum

973 2489 1087 2546 fratrem
1103 2507 1259 2562 quaesumus
1274 2494 1427 2561 exhortare,
1444 2503 1473 2549 ut
1488 2495 1630 2566 epistolam
1649 2504 1772 2553 nostram

973 2578 1009 2633 ad
1024 2579 1140 2649 primum
1157 2581 1315 2637 Graecorum
1329 2582 1394 2639 illuc
1413 2583 1580 2638 venientium
1604 2584 1657 2639 cito
1680 2592 1771 2640 trans-

973 2666 1068 2734 mittat,
1095 2675 1121 2721 ct
1145 2669 1201 2722 suis
1225 2685 1285 2723 cum
1312 2670 1556 2740 ,deprecationibus
1589 2679 1700 2728 moneat
1730 2681 1770 2739 ut,

973 2754 1046 2809 omni
1062 2763 1151 2809 amota
1166 2757 1309 2811 occasione
1335 2757 1378 2812 vel
1388 2759 1484 2814 decem
1495 2759 1642 2814 dromones
1656 2761 1684 2814 in
1699 2761 1774 2829 adju·

973 2842 1071 2897 terium
1097 2851 1220 2898 nostrum
1246 2844 1334 2898 statim
1355 2845 1475 2919 dirigere
1490 2863 1628 2919 nunquam
1643 2849 1772 2905 omittat:

973 2931 1034 3002 quia
1051 2947 1111 3000 nos,
1136 2942 1301 3003 cooperante
1321 2935 1409 3006 gratia
1433 2935 1542 3006 Christi,
1559 2944 1614 2990 tarn
1630 2938 1772 2993 111111113-

121 3020 150 3074 in
165 3020 247 3075 domo
263 3020 370 3075 Domini
384 3037 432 3092 pro
448 3037 502 3092 quo
517 3021 600 3094 digne
615 3021 799 3076 remunereris
814 3020 919 3077 afferat.
972 3019 1080 3075 rissimo
1096 3019 1152 3076 filio
1167 3029 1259 3075 nostro
1275 3022 1418 3078 lamberto
1434 3022 1555 3096 glorioso
1570 3024 1649 3090 duce,
1666 3024 1711 3097 qui
1725 3041 1773 3081 no·

121 3109 192 3164 Data
207 3114 239 3165 ttt
254 3127 350 3183 supra.

465 3180 574 3234 LXXII.

226 3282 262 3323 Al)
282 3282 390 3323 tJottntt
408 3282 817 3409 ΕἶῗΟΟΡΗέΙῊΙΙΙζΝΕὙΕΜΑΝΠΜ.

465 3353 519 3393 nno
594 3382 599 3392 .

120 3428 235 3510 Laudat
257 3430 318 3498 ejus
345 3431 506 3554 promsstum
521 3427 557 3482 od
572 3427 703 3483 Ecclesia
726 3428 919 3498 defensionem

156 3499 284 3554 studium
301 3515 307 3554 :
325 3502 386 3554 tom
441 3503 554 3555 ortatur
577 3502 610 3554 ut
641 3502 742 3553 contra
765 3498 919 3554 Saracenos

176 3571 335 3695 ucyqrtcfzqqqtt,
351 3573 379 3624 ct
393 3570 483 3641 fredus
498 3586 563 3625 cum
579 3570 639 3624 illis
654 3570 788 3625 ictumdir
807 3569 918 3624 soluen-

155 3738 285 3791 Jonmvss
300 3736 444 3807 episcopus
456 3739 542 3791 11111
564 3737 693 3808 episcopo
715 3736 916 3792 beneventano.

156 3825 313 3896 Perspectis
336 3824 459 3895 apicibus
483 3825 632 3881 sanctitatis
657 3833 718 3891 tuac,
744 3825 917 3897 quantumin

117 3924 145 3973 te
159 3914 245 3971 divini
260 3914 361 3970 amoris
370 3913 452 3968 ardor
466 3912 665 3969 efferveatluce
677 3914 776 3969 clarius
786 3930 918 3987 recogno-

119 4005 220 4069 vimus,
236 4011 262 4058 et
277 4010 405 4074 quantum
429 4018 493 4074 erga
517 4009 638 4057 sanctam
653 4003 803 4058 Romanam
818 4003 916 4059 Eccle-

118 4093 189 4148 siam
203 4092 318 4147 devotus
341 4089 439 4145 existas
467 4089 642 4144 nihilominus
666 4091 849 4157 advertentes,
865 4107 916 4162 pro

117 4187 193 4236 tanta
207 4178 256 4233 tibi
270 4178 437 4251 benignitate
460 4177 622 4247 multiplices
636 4179 739 4249 gratias
754 4178 871 4249 agimus,
889 4187 915 4233 et

119 4267 325 4325 sanctimoniam
339 4274 413 4320 tuam
427 4266 461 4321 ad
476 4265 562 4320 nostri
585 4265 736 4337 profectum
760 4267 915 4322 certaminis

119 4356 212 4429 dignis
225 4355 328 4426 pollere
336 4354 509 4410 successibus
519 4354 553 4409 ab
562 4354 760 4425 Omnipotentis
770 4354 915 4410 clementia

932 3080 1015 3161 Cbis
1030 3107 1059 3161 in
1083 3109 1209 3163 omnibus
1230 3109 1325 3175 haeret,
1351 3127 1432 3182 quam
1457 3127 1519 3167 cum
1544 3112 1603 3167 aliis
1626 3111 1772 3169 Dominum
1817 3127 1822 3137 ·

972 3195 1129 3251 timentibus
1150 3197 1355 3263 desudabimus,
1382 3208 1410 3253 ut
1425 3207 1451 3253 et
1466 3199 1577 3270 impium
1602 3198 1691 3255 foedus
1710 3217 1773 3256 curn

971 3285 1107 3353 Agoranis
1131 3285 1253 3338 habiturn
1272 3285 1444 3352 dissolvatur,
1471 3295 1497 3341 et
1521 3286 1631 3342 libertas
1655 3288 1700 3344 vel
1720 3288 1773 3343 ali-

971 3378 1073 3442 quanta
1094 3373 1228 3428 securitas
1250 3373 1396 3428 Christiani
1411 3374 1505 3445 populi
1530 3383 1697 3432 renascatur.
1714 3377 1769 3431 Po-

970 3467 1072 3514 stremo
1088 3461 1160 3532 quia,
1174 3462 1242 3517 sicut
1257 3461 1383 3532 diximus,
1395 3462 1457 3533 plus
1473 3463 1600 3517 omnibus
1614 3465 1771 3520 necessario

968 3547 1134 3614 laboramus,
1151 3549 1253 3604 nullum
1277 3550 1397 3605 laborem
1420 3550 1576 3622 nullamque
1599 3551 1770 3607 tolerabilem

968 3636 1119 3691 molestiam
1143 3638 1267 3709 corporis
1287 3639 1484 3705 recusabimus,
1510 3655 1564 3711 quo
1589 3639 1679 3694 minus
1694 3640 1770 3709 adju·

968 3731 1048 3779 vante
1074 3726 1190 3781 Domino
1214 3727 1366 3798 protentis
1390 3727 1597 3783 necessitatibus
1619 3744 1670 3799 pro
1692 3727 1770 3783 vobis

968 3827 1030 3868 cum
1044 3815 1228 3884 praeveniente
1252 3816 1361 3872 Christo
1383 3816 1504 3871 laborem
1519 3824 1642 3872 nostrum
1656 3815 1771 3872 viriliter

967 3900 1124 3957 insistamus
1141 3920 1147 3957 :
1165 3903 1257 3958 forsan
1281 3904 1451 3975 omnipotens
1470 3905 1551 3969 Deus,
1573 3904 1701 3960 adhibitis
1715 3903 1769 3959 tuis

966 3987 1114 4058 laboribus,
1132 3998 1268 4047 tantorum
1293 3993 1464 4064 pereuntium
1479 3992 1661 4058 miserebitur,
1679 3999 1706 4048 et
1720 3992 1769 4047 do·

965 4076 1039 4133 11111
1052 4087 1161 4134 1111111
1176 4079 1314 4146 11111111,
1331 4080 1436 4136 foedera
1459 4097 1520 4137 cum
1535 4081 1634 4153 iniquis
1648 4084 1765 4154 paganis

965 4169 1160 4223 avestratibus
1182 4168 1251 4225 facta
1274 4170 1422 4234 dissolvet;
1439 4170 1485 4224 ubi
1511 4186 1640 4241 rogamus
1663 4169 1767 4225 cunctis

966 4256 1107 4310 conatibus
1133 4256 1225 4323 sudes,
1247 4256 1292 4328 qui
1308 4265 1380 4312 13111
1396 4257 1430 4312 de
1445 4257 1569 4326 profectu
1585 4257 1622 4311 tui
1636 4257 1766 4312 certami-

965 4343 1007 4397 nis
1022 4343 1108 4398 laetari
1133 4359 1285 4413 speramus,
1302 4352 1400 4415 quanto
1414 4353 1440 4398 te
1455 4345 1482 4398 1’1
1496 4345 1548 4399 hoc
1563 4359 1647 4413 opere
1661 4359 1765 4413 coope-

117 4443 296 4517 pogrulafflus,
322 4444 393 4497 vere
415 4441 524 4507 etenim,
541 4441 626 4496 frater
640 4441 807 4508 charissime,
825 4442 915 4497 laudi.
929 4432 1086 4491 Dratorem
1102 4439 1223 4485 nostrum
1238 4431 1340 4485 habero
1351 4428 1521 4486 confidimus.
1534 4430 1644 4486 luterim
1654 4446 1766 4503 magno

119 4532 171 4588 bus
186 4547 217 4587 es
241 4530 421 4598 extollendus,
447 4530 493 4602 qui
508 4529 692 4585 tribulationes
715 4537 832 4595 nostras,
847 4547 914 4601 quas
964 4535 1029 4591 pere
1052 4519 1222 4589 positilfflssus
1234 4527 1263 4573 ut
1287 4518 1419 4590 quidquid
1447 4518 1504 4575 Sive
1528 4517 1562 4573 di
1584 4518 1763 4573 (1101110111)ῡὸ

118 4634 168 4692 ppo
184 4619 285 4691 populo
300 4618 379 4673 nobis
394 4618 541 4673 commisso
556 4618 683 4690 patimur,
700 4617 776 4689 quasi
791 4633 913 4689 praesen-
964 4606 1126 4681 dirigendis,
1143 4607 1200 4663 Sive
1211 4608 1245 4663 de
1255 4607 1345 4680 impiis
1354 4607 1473 4678 peccatis
1484 4605 1622 4662 solvendis
1630 4621 1679 4678 pet·
1688 4614 1763 4661 tuem
1835 4686 1838 4690 Δ

119 4716 159 4763 tes
174 4708 296 4773 intuens,
312 4706 454 4762 nobiscum
468 4723 582 4779 gemens
597 4714 623 4761 01
633 4707 738 4773 dolens,
755 4706 790 4761 gd
804 4707 854 4760 hag
869 4722 916 4761 au.
966 4697 1113 4762 solerllam,
1139 4696 1182 4751 VCl
1205 4713 1256 4768 pssl'
1281 4696 1370 4752 llall'lS
1393 4696 1428 4751 lui
1449 4695 1632 4751 obedientiam
1653 4692 1761 4750 effectui

119 4795 245 4853 ferendas
268 4795 412 4867 providum
434 4795 646 4851 commilitonem
669 4804 695 4850 et
711 4801 916 4866 cooperatorem
964 4785 1045 4841 fuerit
1066 4786 1165 4854 datum,
1186 4786 1316 4841 citissime
1340 4784 1420 4840 nobis
1435 4792 1527 4839 sancta
1542 4791 1588 4838 tua
1607 4780 1761 4838 fraternitas

118 4892 241 4941 nostrum
256 4899 311 4938 nou
326 4883 445 4938 indebite
461 4891 486 4938 te
501 4883 571 4941 velle
587 4899 647 4939 esse
662 4883 690 4938 in
704 4883 830 4938 omnibus
840 4898 915 4938 asse·
965 4874 1073 4945 scriPiis
1088 4872 1245 4947 Significas&
1260 4881 1397 4944 11001191·
1408 4874 1477 4928 Dal&
1487 4887 1526 4927 KV
1537 4871 1676 4928 Kalend&
1686 4869 1759 4940 Maiis

119 4989 209 5029 veras.
233 4973 292 5028 Nec
305 4971 377 5026 aliud
392 4971 483 5043 itaque
497 4972 532 5028 de
547 4981 590 5028 tua
610 4971 751 5027 sanctitate
767 4972 913 5039 credimus,
965 4961 1111 5019 indictione
1126 4962 1241 5018 decimo·

116 5077 166 5118 nec
180 5060 256 5116 aliud
271 5060 453 5131 suspicamur,
469 5060 522 5116 nisi
538 5069 566 5116 ut
582 5060 705 5132 quamvis
730 5076 847 5131 corpore
863 5061 914 5115 ab·

117 5165 180 5206 aeus
192 5150 240 5216 sis,
252 5149 373 5221 spiritua
383 5149 481 5204 nostris
492 5149 654 5220 singultibus
669 5165 806 5220 nunquam
820 5147 894 5203 desis
906 5168 913 5214 3

117 5245 144 5295 et
157 5253 242 5310 quam
265 5238 414 5293 dolendum
437 5236 471 5291 sit
485 5238 558 5309 quod
574 5235 669 5291 fideles
683 5254 744 5291 curn
760 5234 915 5291 infidelibus

116 5334 172 5382 tarn
186 5326 338 5397 perniciose
360 5327 519 5396 junguntur,
541 5325 668 5397 liquidius
682 5333 707 5380 et
722 5325 780 5396 ipse
794 5341 914 5396 perpen-

116 5415 183 5482 das,
199 5415 278 5483 hujus
302 5414 343 5469 rei
358 5414 455 5484 gratia,
472 5414 534 5485 quia
556 5413 648 5468 multis
663 5414 772 5468 studere
787 5412 913 5484 loquelis,

115 5518 149 5560 ne
158 5502 249 5577 magis
258 5502 438 5574 multiplicare
448 5504 533 5561 verba
540 5517 623 5573 quom
633 5501 752 5575 gemitus
763 5501 912 5571 videamur,

1302 5090 1423 5145 txxsst.

1053 5212 1088 5251 nn
1108 5210 1271 5252 1111111111
1292 5210 1463 5252 1111111111
1481 5210 1667 5251 1111111111.

1269 5303 1359 5372 (duno
1380 5303 1454 5373 ott.)

965 5412 1133 5467 Grrrtutotur
1148 5412 1346 5482 imperatorem
1356 5413 1456 5464 contra
1470 5409 1624 5473 Saracenos
1637 5409 1758 5467 classem

1000 5500 1036 5558 od
1050 5499 1382 5570 Ecclesioedcfenrt'enem
1390 5499 1500 5555 misisse
1510 5517 1520 5567 ,·
1531 5513 1649 5571 comque
1659 5498 1759 5557 docem
