3826 6098
146 208 198 264 539
608 206 779 266 mentem
802 203 1004 264 anahaitam
1037 206 1315 267 aacfflarlscoel.
1746 212 1799 268 bit)

146 346 245 388 meone
260 330 399 404 episcopo,
411 339 438 389 et
447 332 612 389 reclamante
622 331 682 404 ipso
690 331 852 387 llaimerado
874 330 947 403 apud
961 330 1112 391 Asitiones
1131 339 1158 387 et
1176 332 1362 402 diffinitiones,
1392 349 1455 391 cam
1478 333 1556 409 leges
1574 334 1691 406 publicae
1717 340 1798 407 atque

145 435 190 478 me
205 427 231 477 et
244 427 306 477 ante
320 428 346 476 te
362 422 425 494 quia
440 422 498 493 ipsa
512 420 638 478 Ecclesia
653 421 775 491 subjecta
792 436 855 476 esse
866 419 951 475 debe·
1003 419 1196 478 ecclesiastica
1210 423 1369 490 decernant,
1385 431 1414 480 ut
1428 441 1489 496 quae
1502 423 1628 498 legaliter
1642 439 1674 480 ac
1688 423 1799 496 regula-

145 517 187 567 ret
200 508 334 567 Ecclesiae
348 509 382 566 de
398 510 552 577 Codiciaco,
568 527 630 567 cum
644 525 707 565 meo
731 524 868 566 consensu
896 509 952 563 mi·
1002 507 1068 564 riter
1081 509 1208 566 distincta
1222 520 1284 567 sunt
1298 513 1511 570 nonevellantur
1527 528 1615 585 neque
1633 527 1800 568 removean-

146 597 207 655 sisti
227 598 345 656 vicarios
369 608 431 655 tuos
455 600 575 667 lvonem,
613 597 764 654 Laidonem
778 598 953 655 archidiaco·
1002 605 1066 654 tur:
1081 598 1130 654 sed
1145 599 1376 672 etlegespublicae
1387 609 1467 674 atque
1478 600 1672 657 ecclesiasticae
1680 601 1801 656 decreta

146 703 221 754 num,
239 687 431 756 lledenulfum,
447 688 650 760 angelrannum
669 687 805 744 decanum
834 687 952 759 presby·
1002 693 1065 741 sunt
1078 686 1112 742 de
1127 687 1170 742 his
1184 688 1231 761 qui
1245 688 1358 745 diffinita
1372 705 1456 746 causa
1469 705 1612 747 removere
1621 698 1799 761 praesumunt.

148 783 247 846 terum,
264 776 310 849 qui
331 776 512 849 inquisierunt
534 777 598 832 inde
617 777 658 832 rei
684 776 831 842 veritatem,
851 775 952 848 quique
1003 776 1099 831 Postea
1114 792 1180 832 vero
1195 794 1277 849 quam
1292 778 1353 851 ipsa
1367 779 1484 835 ecclesia
1498 779 1587 835 eidem
1600 779 1713 846 clerico,
1730 779 1801 834 sicut

147 865 196 922 tibi
216 865 437 922 renuntiavemut
459 866 532 938 quod
556 865 605 920 tibi
629 865 699 920 bene
731 873 773 921 est
796 872 900 934 notum,
926 872 951 919 et
1001 863 1113 936 quidem
1127 865 1262 934 dixerunt,
1279 867 1337 923 sine
1352 874 1399 923 tua
1414 866 1801 924 commendationeinterdicta

146 953 215 1011 sient
227 954 255 1010 in
269 954 370 1011 uostris
384 955 470 1029 gestis
491 954 624 1010 habemus
651 953 796 1009 veracibus
824 952 948 1019 testibus,
1001 960 1051 1019 est,
1067 954 1152 1011 missa
1166 955 1269 1011 ibidem
1284 956 1422 1013 celebrata
1435 972 1492 1012 non
1505 955 1564 1022 fuit,
1581 971 1633 1012 nec
1649 955 1751 1028 aliquis
1764 956 1799 1012 de

147 1051 175 1100 et
192 1043 364 1100 evidentibus
391 1042 562 1100 documentis
592 1043 754 1097 invenerunt
786 1042 858 1114 quod
890 1041 951 1112 ipsa
999 1041 1061 1113 ipsa
1075 1042 1139 1099 villa
1153 1044 1181 1098 in
1196 1043 1380 1112 confessione,
1409 1045 1453 1102 vcl
1477 1045 1505 1101 in
1529 1045 1730 1112 communione,
1756 1045 1800 1101 vel

147 1131 272 1189 Ecclesia
287 1132 321 1190 de
336 1132 540 1203 Follanaebrayo
555 1146 693 1203 nunquam
707 1129 839 1187 Ecclesiae
855 1131 883 1184 in
898 1130 950 1185 Co-
999 1130 1027 1185 in
1055 1131 1237 1202 baptizatione
1265 1133 1435 1190 sacerdotale
1463 1134 1625 1206 obsequium
1643 1132 1748 1200 habuit,
1771 1140 1798 1187 et

147 1219 253 1278 dicineo
269 1219 350 1276 fuerit
363 1220 494 1290 subjecta,
513 1219 563 1275 sed
577 1219 768 1291 presbyterum
783 1232 892 1290 semper
904 1219 950 1272 ha·
999 1219 1051 1276 hae
1079 1221 1224 1277 occasione
1243 1221 1297 1277 duo
1317 1222 1419 1279 ibidem
1445 1222 1571 1278 hemines
1589 1222 1660 1279 sicut
1687 1222 1723 1278 ad
1754 1237 1800 1277 me

145 1309 243 1367 buerit.
260 1309 327 1365 Inde
337 1309 406 1365 sicut
416 1308 467 1380 ipsi
476 1308 600 1364 homines
611 1307 703 1364 dicunt
715 1323 765 1379 per
784 1316 859 1362 tuum
880 1322 949 1363 con·
997 1309 1122 1380 parvenit
1136 1310 1194 1366 sine
1210 1309 1380 1367 confessione
1404 1319 1431 1368 et
1450 1311 1647 1368 communionis
1670 1310 1800 1368 reconci-

146 1413 259 1456 aensum
274 1396 424 1454 bertfridus
438 1383 585 1470 presbyter
599 1397 627 1452 in
654 1397 750 1453 eadem
772 1395 898 1466 ecclesia,
922 1403 949 1451 et
997 1397 1108 1454 liatione
1120 1398 1228 1455 fuerunt
1243 1400 1353 1467 mortui,
1370 1417 1486 1473 querum
1501 1416 1570 1456 unus
1594 1400 1756 1466 Erleberus,
1774 1406 1800 1455 et

146 1487 175 1543 in
189 1485 305 1544 ecclesia
323 1494 368 1541 tua
384 1487 456 1557 apud
471 1488 586 1541 Breeras
601 1485 784 1558 perqninqne
797 1501 849 1557 per
862 1500 947 1540 annos
997 1487 1066 1542 alter
1084 1486 1260 1544 Gislehardus
1289 1489 1475 1557 vocabantur3
1504 1505 1568 1544 nam
1592 1488 1652 1561 ipsa
1680 1487 1800 1545 ecclesia

145 1575 271 1643 cantavit,
281 1575 326 1647 qui
337 1575 486 1630 bertfridus
503 1575 575 1646 apud
590 1583 616 1630 te
631 1591 661 1630 se
683 1574 843 1631 reclamavit
873 1573 946 1646 qued
997 1575 1079 1632 habet
1092 1577 1164 1633 uude
1179 1579 1249 1635 bene
1263 1595 1313 1649 per
1327 1595 1357 1634 se
1371 1578 1615 1650 petestconsistere
1631 1584 1678 1645 ;et
1688 1577 1742 1633 hoc
1755 1576 1798 1631 in·

146 1663 326 1720 Haimeradus
337 1664 425 1735 ipsam
438 1664 569 1736 capellam
582 1664 746 1720 destructam
760 1663 893 1729 haberet3
920 1670 946 1718 et
959 1671 1036 1753 Bter
1049 1672 1147 1722 caetera
1162 1667 1276 1723 habetur
1289 1666 1429 1732 indicium,
1446 1666 1574 1739 quoniam
1587 1681 1604 1722 a
1617 1665 1703 1738 longe
1727 1673 1799 1721 tem·

147 1752 211 1809 inde
225 1753 337 1826 pallium
351 1768 446 1821 unum,
463 1761 489 1809 et
504 1752 625 1809 casulam
645 1768 738 1822 unam,
769 1759 796 1808 et
823 1751 945 1808 schillam
995 1769 1063 1825 pore
1077 1770 1127 1826 per
1140 1770 1170 1811 se
1184 1755 1313 1825 constitit,
1331 1755 1394 1827 qnia
1409 1755 1491 1811 etiam
1506 1762 1593 1811 terras
1609 1754 1700 1823 habet,
1731 1771 1799 1826 quas

147 1856 241 1909 ιιιιιιιιι,
258 1850 284 1898 et
298 1842 398 1897 librum
412 1858 496 1898 unum
510 1841 660 1908 abstulerit,
677 1850 713 1908 et,
729 1840 798 1897 sieut
821 1840 947 1896 homines
997 1841 1134 1899 Otterieus
1148 1844 1290 1916 presbyter
1304 1843 1332 1899 in
1354 1859 1388 1900 ea
1410 1844 1549 1900 ordinatos
1572 1842 1749 1914 compararit,
1772 1849 1799 1898 et

147 1929 201 2005 ipsi
215 1930 316 1999 dicum,
332 1931 431 1987 misisti
446 1932 545 1987 missos
559 1936 620 1987 tuos
634 1930 669 1986 ad
682 1931 754 1986 hanc
770 1944 882 1986 causam
906 1930 947 1984 in·
996 1932 1146 1988 secundum
1174 1934 1285 2006 regulas
1305 1932 1506 1990 ecclesiasticas
1538 1932 1662 1988 moriens
1694 1931 1796 1987 ibidem

148 2019 311 2093 quirendam
325 2020 473 2077 flodulfum
496 2020 600 2078 scilieet
630 2019 859 2089 archidiaconem,
882 2018 947 2075 Fai-
996 2020 1112 2094 reliquit,
1133 2029 1161 2077 et
1186 2021 1340 2093 presbyteri
1353 2022 1400 2094 qni
1413 2038 1463 2093 per
1477 2030 1551 2078 tanta
1565 2029 1692 2094 tempora
1714 2020 1744 2076 in
1765 2035 1797 2077 ea

145 2107 251 2165 nulfum
267 2117 294 2165 et
306 2110 510 2183 angelrannum
532 2110 721 2182 presbyteros,
747 2115 772 2164 et
796 2106 865 2164 sicut
888 2107 947 2179 ipae
996 2108 1105 2166 fuerunt
1121 2111 1191 2166 bene
1206 2110 1270 2166 inde
1285 2125 1314 2166 se
1330 2110 1529 2167 conduxerunt.

146 2197 297 2256 Bertfridus
311 2198 590 2255 dixeratinvenerunt.
1034 2198 1192 2270 Propterea,
1233 2198 1326 2267 frater,
1367 2215 1466 2256 moneo
1505 2199 1679 2256 dilectionem
1713 2205 1797 2265 tuam,

182 2284 356 2358 Quapropter
371 2294 397 2343 et
410 2302 443 2342 ea
459 2285 947 2358 qnaerepetitafuerantHaimeradus
996 2293 1025 2342 ut
1039 2286 1165 2359 deposita
1188 2288 1262 2344 omni
1286 2296 1380 2344 eontra
1403 2288 1513 2362 regulas
1535 2287 1716 2344 irrationabili
1737 2287 1798 2343 ani·

146 2374 200 2447 ipsi
213 2373 339 2432 ecclesiae
358 2389 448 2432 coram
476 2375 569 2430 missis
594 2375 648 2430 tuis
680 2373 805 2430 restituit.
839 2374 869 2430 ln
887 2374 947 2446 ipsa
996 2375 1132 2442 mositate,
1165 2376 1244 2432 nobis
1277 2385 1370 2433 contra
1401 2377 1515 2433 salutem
1547 2385 1574 2433 et
1617 2376 1799 2432 ministerium

146 2462 274 2532 ecclesia,
302 2471 331 2519 ut
358 2463 482 2535 praedixi,
502 2463 574 2519 idem
607 2463 754 2519 Bertfridus
782 2479 832 2534 per
860 2478 947 2519 annos
997 2471 1073 2520 tuum
1100 2464 1136 2521 de
1164 2466 1262 2521 eadem
1281 2465 1399 2522 ecclesia
1418 2481 1511 2539 agere,
1532 2481 1581 2538 pro
1600 2465 1727 2538 eoquod
1766 2482 1799 2521 ex

145 2551 263 2627 quinque
277 2569 328 2625 per
341 2561 413 2609 tuam
427 2552 563 2609 licentiam
576 2552 748 2622 ministravit,
762 2552 851 2608 donec
874 2551 948 2607 fama
996 2552 1064 2608 mibi
1077 2553 1223 2609 commissa
1238 2553 1356 2611 ecclesia
1372 2562 1398 2611 et
1413 2553 1546 2611 beneficio
1565 2553 1701 2627 sigeberti
1728 2553 1794 2609 mihi

143 2640 179 2699 de
197 2656 230 2698 ec
249 2641 360 2715 vulgata
375 2642 518 2698 abscessit.
534 2641 639 2698 Deinde
655 2641 864 2713 Sigebertuscui
880 2640 946 2695 illud
996 2639 1095 2712 fidelis,
1115 2642 1166 2698 viri
1186 2643 1288 2699 sororis
1303 2651 1364 2711 tuae,
1385 2644 1517 2715 probatur
1545 2642 1673 2710 existere,
1703 2650 1799 2701 contra

145 2729 308 2788 beneficium
326 2730 361 2788 de
380 2732 471 2787 dmme
486 2730 531 2804 [sn
548 2730 611 2786 dedi
625 2746 642 2786 a
657 2730 711 2803 me]
726 2730 875 2786 secundum
895 2746 947 2784 an·
997 2746 1066 2802 quos
1084 2731 1204 2787 indebite
1224 2748 1253 2787 es
1284 2740 1445 2789 commotus.
1467 2731 1622 2788 Praesertim
1649 2747 1713 2788 curn
1746 2747 1799 2788 ne·

144 2820 247 2895 tiquam
262 2820 485 2876 consuetudinem
498 2819 625 2877 clericum
640 2819 726 2891 petiit,
757 2819 804 2892 qui
831 2818 859 2874 in
887 2818 948 2891 ipsa
996 2819 1097 2877 minem
1130 2821 1248 2892 pastoris
1273 2820 1432 2894 fungentem
1463 2820 1551 2878 officio
1583 2821 1670 2877 latere
1689 2819 1798 2888 debeat,

147 2907 262 2967 ecclesia
276 2925 292 2964 a
306 2917 333 2965 te
347 2909 527 2978 ordinaretur,
544 2909 587 2965 eui
602 2909 753 2965 secundum
768 2907 946 2964 consuetudi·
996 2908 1061 2981 quia
1078 2908 1106 2964 in
1125 2909 1300 2981 exsequendo
1314 2910 1406 2966 divino
1439 2909 1568 2982 mysterio
1600 2909 1670 2966 sicut
1699 2909 1799 2965 nullius

146 3012 211 3055 nem
223 3004 428 3055 autecessorum
449 3013 580 3067 meomm,
602 3005 628 3054 at
657 2997 807 3053 secundum
835 2995 944 3068 regulas
996 2997 1086 3070 gratia
1098 2998 1132 3054 ad
1146 2996 1268 3053 indebita
1282 2999 1436 3069 provocari,
1457 2998 1493 3053 ita
1521 3006 1548 3055 et
1575 2998 1668 3054 debita
1698 2998 1800 3055 nidlius

145 3087 345 3146 ecclesiasticas
364 3102 397 3144 ac
424 3086 566 3159 synodalia
599 3084 716 3158 capitula
748 3084 878 3142 clericum
910 3084 945 3140 de
997 3086 1070 3153 odio,
1087 3086 1130 3142 vel
1144 3086 1243 3158 privati
1258 3087 1340 3142 studii
1359 3087 1418 3143 zelo
1446 3086 1545 3143 debeat
1571 3087 1712 3144 retardare
1740 3087 1801 3143 sire

145 3182 278 3248 potestate
293 3175 416 3232 ecclesia
431 3182 533 3232 nostrae
548 3191 580 3231 ea
598 3174 755 3231 conditione
767 3173 901 3240 concessi,
918 3180 946 3227 ut
996 3181 1156 3246 pervertere
1171 3192 1178 3230 :
1196 3175 1298 3232 scimus
1313 3175 1385 3232 enim
1401 3175 1465 3248 quia
1475 3175 1579 3249 regulae
1589 3175 1800 3233 Aurelianensis

145 3265 170 3323 ai
183 3272 213 3322 tu
228 3265 304 3321 illum
318 3264 489 3338 probabilem
501 3265 646 3335 judicares,
664 3278 716 3336 ego
731 3263 771 3318 illi
791 3263 946 3320 libertatem
998 3264 1107 3322 concilii
1121 3263 1225 3332 dicunt,
1242 3281 1303 3336 quae
1318 3272 1440 3337 tempore
1455 3264 1584 3322 ludovici
1612 3264 1689 3338 regis
1717 3281 1799 3338 quem

146 3354 360 3413 ecclesiasticam
374 3355 469 3412 darem
481 3373 489 3424 3
505 3362 533 3411 et
548 3354 586 3409 sic
600 3354 711 3410 demum
726 3360 755 3409 tu
769 3351 846 3408 illum
865 3368 946 3424 regu·
996 3362 1107 3411 sanctus
1122 3354 1264 3426 Remigius
1278 3370 1341 3412 cum
1356 3355 1524 3410 Francorum
1538 3353 1658 3410 millibus
1672 3354 1800 3426 baptisa-

145 3442 239 3501 lariter
261 3445 413 3501 ordinares.
440 3443 493 3513 Qui
514 3443 629 3501 clericus
652 3442 762 3499 nomine
792 3440 947 3499 seminatus
996 3442 1035 3500 vit
1053 3441 1171 3499 decretae
1190 3442 1308 3510 fuerunt,
1338 3451 1367 3498 ut
1386 3458 1481 3498 omnes
1511 3441 1632 3499 basilica)
1658 3459 1721 3515 quaa
1750 3458 1801 3514 per

145 3548 195 3606 per
209 3540 324 3607 quatrmr
338 3548 424 3589 annos
438 3541 466 3589 te
479 3532 582 3589 sciente
597 3532 683 3604 ipsam
693 3531 836 3588 ecelesiam
845 3529 944 3596 tenuit,
996 3531 1104 3589 diversa
1122 3539 1284 3588 constructa
1302 3539 1374 3599 sunt,
1394 3531 1439 3588 vel
1458 3531 1579 3604 quotidie
1597 3538 1801 3588 construuntur

147 3629 174 3679 et
188 3622 339 3680 secundum
353 3630 541 3695 paupertatem
556 3637 645 3689 suam,
671 3621 741 3677 sicut
768 3619 848 3675 simul
874 3635 946 3691 saepe
997 3620 1148 3676 secundum
1162 3620 1284 3692 priorum
1299 3634 1437 3677 canonum
1450 3619 1611 3693 regulamin
1621 3621 1681 3690 ejus
1693 3620 1800 3692 episco

146 3711 273 3779 vidimus,
294 3719 321 3768 et
340 3712 428 3768 adbuc
442 3719 531 3784 paret,
547 3712 617 3767 bene
632 3710 660 3765 in
689 3726 721 3765 ea
750 3709 891 3775 laboravit,
920 3714 947 3764 et
995 3707 1024 3779 pi
1042 3709 1071 3763 in
1089 3710 1165 3779 cujus
1178 3709 1318 3766 territorio
1336 3709 1433 3780 positae
1447 3717 1519 3776 sunt,
1538 3715 1672 3781 potestate
1703 3709 1799 3765 cousi·

144 3801 179 3858 ad
193 3801 265 3857 illius
281 3800 370 3857 vicem
383 3816 470 3872 usque
484 3798 550 3855 dum
564 3798 598 3853 ad
627 3797 824 3854 ordinationem
852 3796 946 3852 venire
997 3804 1078 3854 stant.
1096 3799 1131 3853 Et
1144 3798 1303 3854 Toletenum
1318 3797 1464 3854 concilium
1477 3797 1553 3865 dicit,
1569 3804 1598 3853 ut
1612 3798 1692 3854 dotes
1706 3797 1799 3855 ecele-

144 3904 195 3963 per
209 3903 310 3945 annum
325 3896 352 3943 et
365 3888 507 3943 dimidium
520 3885 755 3943 commendatione
762 3885 946 3941 ministrorum
997 3886 1108 3954 siarum,
1118 3894 1145 3942 et
1154 3888 1245 3943 omnia
1260 3888 1411 3944 secundum
1425 3886 1644 3945 constitutionem
1657 3887 1800 3960 andquam

146 3985 265 4046 tuorum,
283 3975 388 4032 scilieet
401 3974 509 4030 hadulfi
525 3974 712 4032 archidiaconi
732 3982 759 4029 et
778 3974 946 4047 angelranni
996 3974 1032 4030 ad
1046 3975 1167 4047 episcopi
1182 3976 1381 4032 ordinationem
1396 3984 1423 4033 et
1444 3983 1606 4048 potestatem
1632 3976 1798 4048 pertineant,

145 4064 242 4123 decani
256 4064 417 4136 presbyteri,
434 4063 527 4121 Grimo
555 4063 700 4136 presbyter
728 4070 781 4119 tuae
808 4063 946 4135 parochiae
997 4063 1110 4134 scilicet,
1126 4072 1155 4121 ut
1169 4065 1369 4122 Antiochenam
1384 4065 1528 4122 concilium
1540 4064 1614 4132 dicit,
1630 4072 1710 4138 regat
1722 4064 1800 4135 juxta

146 4152 175 4210 in
188 4153 249 4226 ipsa
263 4153 379 4211 ecclesia
393 4153 532 4210 cantavit:
557 4152 656 4209 deinde
681 4153 802 4224 ipsomm
827 4167 945 4208 consen·
996 4153 1178 4211 reverentiam
1193 4153 1308 4226 singulis
1331 4163 1540 4226 competentem,
1570 4162 1597 4210 et
1624 4152 1800 4225 pmdentiam

147 4241 224 4300 sione
238 4242 409 4300 lleimericus
423 4243 568 4316 presbyter
583 4250 636 4299 tuae
649 4242 786 4313 parochiae
806 4257 857 4313 per
877 4240 946 4297 duos
995 4251 1073 4316 gerat
1087 4243 1176 4298 omnis
1190 4244 1374 4316 possessionis
1387 4260 1448 4316 quae
1461 4245 1513 4299 sub
1526 4243 1584 4312 eJus
1598 4249 1798 4315 estpotestate:

146 4339 175 4390 et
201 4332 343 4390 dimidium
376 4347 461 4388 annos
493 4332 594 4387 ibidem
627 4330 744 4388 odicium
778 4330 946 4386 sacerdotale
996 4333 1032 4387 ita
1045 4339 1075 4388 ιιι
1088 4333 1266 4404 presbyteros
1280 4342 1307 4388 et
1321 4333 1453 4389 diaconos
1463 4332 1581 4399 ordinet,
1591 4339 1618 4388 et
1627 4332 1738 4404 singula
1748 4347 1799 4388 suo

146 4422 276 4489 exhibuit,
292 4438 389 4494 usque,
404 4430 434 4478 ut
448 4438 530 4494 supra
544 4422 609 4488 dixi,
625 4421 712 4492 pridie
721 4422 815 4476 Nonas
823 4413 981 4491 proximeD
993 4421 1097 4491 jndicio
1116 4422 1340 4493 comprehendat.
1361 4422 1416 4478 Sed
1431 4428 1576 4494 antequam
1600 4421 1668 4493 ipsae
1696 4421 1802 4495 regula

145 4511 324 4585 precedentis
348 4511 478 4578 Febnrar,
508 4511 617 4583 quando
639 4510 751 4582 praefato
775 4510 875 4566 clerico
903 4509 945 4564 in·
997 4518 1119 4582 tempore
1152 4509 1281 4568 ludovici
1313 4511 1388 4584 regis
1407 4511 1436 4565 in
1466 4510 1571 4583 synodo
1609 4509 1802 4566 dirrelianensi

146 4601 257 4659 terdicta
277 4607 318 4657 est
336 4600 397 4671 ipsa
416 4599 550 4666 ecclesia;
575 4607 610 4666 et,
631 4615 703 4656 nune
735 4599 799 4655 inde
832 4598 946 4670 quaestio
995 4597 1096 4656 fuerint
1110 4600 1271 4668 constituta,
1286 4599 1455 4670 antiquiores
1470 4615 1526 4656 non
1540 4598 1688 4671 refragata
1708 4602 1801 4654 Arau-

146 4697 311 4758 removetur,
321 4688 398 4763 quasi
412 4705 467 4745 non
481 4688 579 4744 debeat
594 4688 719 4744 sufficere
733 4688 766 4742 ad
786 4687 946 4759 sopiendam
996 4687 1047 4744 sici
1061 4688 1169 4745 concilii
1184 4688 1287 4761 regulae
1302 4696 1462 4755 statuerunt,
1478 4695 1509 4743 ut
1523 4688 1546 4743 si
1560 4688 1623 4759 quis
1650 4686 1802 4759 episcopo·

146 4793 255 4839 omnam
270 4778 447 4834 remotionem
468 4778 623 4850 antiquitas,
658 4784 684 4833 ct
702 4785 777 4832 tanta
805 4776 945 4848 longitudo
996 4792 1056 4831 rum
1071 4777 1097 4831 in
1113 4776 1210 4833 alienae
1224 4777 1338 4832 civitatis
1354 4776 1490 4833 territorio
1505 4777 1650 4833 ecclesiam
1661 4775 1802 4833 adificare

148 4875 299 4940 temporum
314 4875 341 4923 et
355 4867 534 4923 numerositas
553 4866 756 4939 episcoporum,
776 4881 807 4921 ac
835 4865 946 4938 presby·
996 4864 1124 4936 disponit,
1141 4865 1183 4921 vel
1198 4864 1335 4936 profundi
1350 4866 1401 4932 sui,
1420 4872 1466 4920 aut
1482 4864 1670 4931 ecelesiastici,
1687 4864 1733 4921 vel
1748 4881 1800 4937 pro

148 4964 271 5014 tenorum
286 4955 335 5010 sub
352 4956 450 5027 quibus
465 4957 525 5028 ipsa
539 4955 657 5013 ecclesia
671 4972 720 5027 per
735 4970 765 5011 se
779 4954 846 5010 nulli
868 4954 945 5010 alteri
996 4968 1158 5026 quacunque
1172 4969 1282 5009 snorum
1297 4954 1507 5026 opportunitate,
1524 4953 1659 5024 permissa
1687 4952 1804 5010 licentia

148 5045 274 5105 ecclesiae
292 5045 413 5115 subjecta
431 5045 560 5115 constitit,
581 5061 642 5102 cum
661 5053 687 5100 et
719 5045 796 5118 leges
829 5043 944 5115 publica
996 5041 1157 5108 edificandi,
1173 5043 1235 5116 quia
1249 5043 1388 5114 prohiberi
1403 5044 1455 5100 hec
1469 5049 1531 5098 voto
1559 5041 1636 5099 nefas
1664 5048 1717 5112 eat,
1744 5058 1802 5099 non

147 5142 203 5192 ιιιιι
218 5134 290 5207 apud
305 5135 451 5201 Romanos,
467 5149 548 5207 quam
563 5142 589 5191 et
600 5136 673 5206 apud
688 5140 834 5201 nostrates,
852 5133 901 5188 aed
919 5140 945 5187 et
994 5141 1140 5204 praesumat
1155 5132 1362 5199 dedicationem,
1378 5149 1439 5205 quae
1453 5132 1492 5187 illi
1512 5130 1677 5187 omnimodis
1706 5147 1805 5187 reser-

147 5239 277 5292 canones,
295 5230 375 5296 atque
393 5223 467 5280 sedis
493 5224 623 5280 llomauae
650 5221 809 5296 pontificum
835 5223 946 5280 decreta
995 5229 1074 5277 vatur
1088 5221 1116 5276 in
1130 5222 1208 5291 cujus
1222 5222 1358 5278 territorio
1373 5221 1490 5278 ecclesia
1504 5220 1636 5294 assurgit,
1653 5227 1679 5276 et
1705 5237 1804 5277 reser-

146 5313 302 5387 praeligunt,
319 5322 348 5369 ut
360 5312 433 5369 ultra
446 5312 555 5385 triginta
569 5327 656 5368 annos
671 5313 737 5369 nulli
750 5313 831 5369 liceat
844 5327 895 5384 pro
912 5327 945 5368 eo
996 5317 1057 5365 vata
1075 5309 1230 5367 edificatori
1249 5326 1299 5367 suo
1318 5312 1369 5367 hac
1388 5310 1485 5385 gratia,
1506 5317 1536 5365 ιιι
1554 5324 1623 5381 quos
1656 5308 1804 5366 desiderat

147 5400 285 5474 appellare
300 5402 374 5473 quod
387 5402 480 5476 legum
492 5410 600 5472 tempus
613 5401 731 5458 excludit
748 5421 757 5484 ;γ
772 5401 848 5474 quasi
864 5401 946 5457 etiarn
996 5398 1110 5456 clericos
1128 5398 1156 5454 in
1175 5415 1203 5455 re
1223 5414 1273 5454 sua
1291 5398 1393 5468 videre,
1414 5399 1489 5471 ipsos
1517 5397 1624 5454 ordinet
1657 5397 1687 5452 in
1723 5399 1806 5470 cnjus

147 5502 203 5556 ιιιιι
216 5488 335 5553 debeant
348 5489 470 5551 sufficere
484 5499 537 5548 tue
550 5506 600 5570 per
612 5491 752 5554 ministros
766 5497 828 5549 tuos
855 5489 946 5569 requi·
995 5493 1131 5554 territorio
1146 5494 1249 5568 est,vel
1267 5495 1290 5552 ai
1304 5495 1422 5554 ordinati
1437 5495 1496 5569 jam
1514 5501 1586 5562 sunt,
1600 5492 1677 5569 ipsos
1693 5492 1804 5554 habere
