3794 6104
454 229 503 286 ota
529 226 799 288 tttsltsmioutt
819 229 847 284 S.
864 226 1044 285 VINCENTII
1068 226 1174 284 utut.
1190 257 1224 270 -
1237 228 1303 285 ant.
1318 229 1353 286 11.

628 517 828 579 EPISTULA
863 516 1049 578 EIUSDEM
1084 518 1256 581 AIMOINI

727 668 769 710 an
783 667 919 710 nonnum
932 667 1153 727 nenorensem,

606 783 765 858 Ejusdem
786 786 1047 860 congregationis
1068 784 1274 847 monacham.

155 1019 311 1078 Leritsrum
328 1018 467 1090 precipuo
500 1019 600 1074 domno
640 1020 819 1087 Tasurcnno,
841 1020 918 1089 juxta
931 1022 1129 1086 Amirandum,
1145 1021 1270 1092 prosaico
1284 1038 1366 1094 opere
1381 1025 1498 1095 expleto,
1514 1041 1559 1082 me
1582 1033 1673 1083 restra
1695 1026 1765 1085 dile-

115 1125 265 1166 consouam
280 1107 322 1163 sui
336 1106 454 1162 nominis
469 1107 663 1180 etymologiam
689 1109 777 1163 Deum
799 1108 915 1181 gerenti,
968 1110 1022 1166 ctio
1041 1110 1075 1166 de
1093 1111 1210 1165 adventu
1239 1111 1308 1165 beuti
1337 1111 1426 1169 levitae
1453 1121 1479 1168 et
1506 1114 1632 1186 martyris
1666 1115 1767 1171 Christi

116 1199 268 1255 aimoinus
279 1195 465 1252 comminister
480 1196 594 1250 salutem
609 1196 682 1251 dicit.
967 1198 1101 1254 vincentii
1116 1197 1206 1254 tacere
1219 1198 1293 1270 cogit
1307 1200 1431 1270 geminos
1446 1217 1539 1257 rursus
1554 1200 1678 1259 libellos:
1697 1220 1767 1277 quos

151 1285 295 1343 Laudabili
308 1284 436 1340 charitati
450 1293 556 1351 vestre),
577 1284 615 1338 mi
635 1283 791 1341 dulcissime
813 1284 916 1340 Theot-
966 1285 1091 1358 singulos
1107 1287 1218 1342 tricenis
1231 1287 1314 1343 modo
1329 1289 1452 1343 versibus
1466 1289 1601 1356 claudam,
1616 1307 1666 1364 per
1679 1292 1766 1348 denos

115 1391 191 1448 gere,
218 1373 352 1446 frequenti
376 1371 464 1428 studio
485 1372 556 1428 circa
579 1373 632 1428 mei
653 1389 746 1428 curam
770 1373 914 1444 satagenti,
966 1375 1045 1428 etism
1059 1375 1155 1445 positis
1169 1375 1197 1429 in
1211 1391 1374 1447 unoquoque
1389 1377 1523 1448 capitulis.
1546 1379 1623 1435 Unde
1652 1380 1765 1437 oonsul-

113 1465 143 1520 in
172 1462 299 1518 omnibus
320 1477 418 1532 parere
443 1461 556 1516 devotus
580 1460 709 1529 existens,
733 1461 835 1516 inclino
870 1477 915 1516 me
966 1463 1017 1516 tius
1032 1462 1104 1535 eligo
1119 1463 1202 1518 voluti
1217 1480 1312 1520 recens
1339 1465 1457 1536 scriptor
1483 1466 1580 1533 rideri,
1611 1483 1693 1539 quam
1720 1486 1766 1527 mc

115 1558 179 1606 tuus
194 1550 315 1606 camelus
330 1557 436 1619 sponte,
450 1548 485 1603 ad
499 1549 648 1618 injunctum
663 1549 729 1603 mihi
743 1549 832 1604 abste
847 1564 916 1603 onus
966 1558 1058 1604 vestro
1073 1551 1170 1620 amori,
1187 1551 1252 1605 mibi
1268 1552 1349 1608 melle
1365 1553 1490 1620 dulciori,
1507 1554 1601 1628 quavis
1623 1557 1767 1614 occasione

113 1638 269 1696 terendum.
286 1638 353 1693 Rem
368 1636 502 1708 siquidem
516 1652 613 1694 novam
626 1645 653 1692 et
664 1652 714 1708 pro
729 1636 769 1691 sui
784 1637 916 1692 brevitate
966 1637 1118 1694 ullomodo
1145 1639 1287 1694 absentari.

689 1807 694 1814 ·
781 1788 908 1860 Explicit
936 1788 1072 1860 Epistola.

686 2013 844 2075 INCIPIT
871 2014 997 2077 LIBER
1024 2015 1196 2092 PRIMUS,

759 2148 883 2209 Habeas
916 2166 1026 2209 versus
1059 2165 1135 2209 xxx.

114 2280 182 2336 Can.
200 2280 221 2334 l.
239 2278 465 2348 Quodludaldas
479 2277 644 2350 Hispaniam
667 2278 839 2350 apprcheas,
860 2281 910 2336 Va·
962 2280 1031 2334 Hinc
1053 2279 1182 2350 precibus
1206 2278 1314 2334 blandis
1328 2279 1447 2337 animum
1472 2289 1646 2354 mentemque
1663 2282 1765 2341 relam-

311 2350 429 2406 lmil'am
443 2365 530 2420 ΜΨ
550 2351 720 2420 timenem·
963 2370 1097 2423 liercstor
1112 2369 1233 2422 blancum
1249 2368 1340 2439 cupidi
1355 2369 1473 2425 nummis
1488 2370 1604 2443 argenti
1621 2370 1711 2445 [bens,

114 2455 162 2511 liis
175 2454 392 2528 quadringentis,
405 2454 497 2510 decies
512 2453 656 2527 quinisque
679 2454 786 2525 volutis,
962 2455 1087 2528 Denique
1103 2463 1248 2528 surgentes
1263 2458 1430 2513 monumenti
1444 2468 1520 2530 septa
1539 2459 1691 2531 requirunt,

116 2542 249 2612 Quattuor
263 2542 345 2614 inque
359 2559 440 2614 super
454 2541 531 2598 ciclis
546 2557 562 2596 a
576 2541 694 2613 praesule
718 2542 827 2599 Christo
930 2530 1037 2613 BQuae
1051 2544 1192 2599 manifesta
1206 2545 1290 2600 nitent
1307 2545 1381 2600 titulo
1396 2547 1448 2603 hoc
1463 2564 1470 2600 ε
1486 2546 1645 2604 Vincentius
1658 2547 1721 2607 istic

114 2632 248 2704 virgineo
263 2647 425 2703 semperque
441 2646 519 2686 sucro
535 2630 569 2686 de
592 2631 717 2703 germine
739 2639 811 2700 nato,
965 2632 1088 2704 llartyrii
1103 2632 1183 2688 lerits
1193 2633 1264 2702 jacet
1279 2633 1406 2690 fundatus
1421 2635 1535 2692 bonore.

115 2719 257 2776 Audsldus
271 2718 359 2774 luerat
374 2719 419 2774 tali
433 2719 467 2774 de
482 2719 592 2775 nomine
609 2727 688 2774 notus
965 2720 1084 2776 Nomina
1096 2737 1213 2794 namque
1228 2739 1316 2795 genus
1331 2722 1477 2797 signabant
1492 2725 1593 2797 scripte
1613 2733 1767 2799 parentum.

115 2808 148 2864 In
161 2808 260 2864 Castro
274 2809 426 2865 monachus
439 2808 576 2864 communi
590 2808 652 2881 lege
667 2807 798 2879 probatus
813 2825 820 2861 :
966 2838 1034 2894 cst·
1050 2840 1097 2893 [Η.
1115 2840 1252 2907 Quomodo
1262 2842 1313 2897 mg
1322 2845 1406 2898 „octe
1419 2843 1455 2898 ad
1464 2848 1683 2901 monumentum
1693 2847 1771 2918 Μ,

113 2897 205 2969 Atque
219 2912 296 2952 sacer
310 2896 396 2952 sancti
411 2903 522 2969 gestans
536 2895 653 2951 daronis
667 2896 809 2951 honorem.
1058 2914 1101 2966 ter
1115 2913 1244 2983 repressi,
1255 2916 1390 2968 sanctum
1405 2904 1560 2971 libaverint
1569 2931 1679 2988 corpas,

114 2986 166 3041 llic
182 3000 236 3042 uno
250 2985 347 3041 comite
362 2993 502 3058 assumpto
516 3001 664 3056 perpessus
679 3000 772 3041 amara

113 3072 212 3140 Plura;
229 3073 278 3128 sed
292 3073 320 3127 in
334 3072 428 3130 dulces
443 3081 604 3130 convertens
627 3080 724 3130 cuncta
753 3088 878 3144 sapores,

114 3161 215 3218 Institit
229 3161 359 3218 audacter
372 3162 534 3234 quandoque
550 3161 676 3217 Valentia
686 3161 775 3218 civem

114 3249 177 3319 Quo
192 3266 223 3305 se
237 3249 387 3322 susciperet
400 3249 546 3321 peregrino
561 3248 668 3306 iunctus
692 3263 791 3321 agone.

967 3015 1016 3071 His
1031 3015 1115 3089 igitur
1130 3017 1219 3072 causis
1234 3017 1377 3092 signorum
1391 3028 1472 3077 nocte
1482 3020 1590 3091 revisis,

967 3104 1077 3160 Viribus
1092 3106 1220 3162 admissis
1235 3106 1350 3177 fodiunt,
1367 3111 1543 3182 tumbamque
1558 3111 1713 3168 recludunt.

966 3194 1146 3265 Educuntque
1161 3210 1268 3250 sacrum
1283 3210 1384 3267 corpus
1398 3197 1545 3254 famulante
1558 3199 1681 3266 lucernc,

967 3281 1060 3337 Indice
1075 3282 1179 3337 coelesti
1194 3281 1259 3338 lacti
1273 3283 1416 3340 dulcedine
1439 3285 1506 3342 veri.

114 3374 184 3431 Cae.
199 3375 234 3428 ll.
253 3373 327 3441 Quod
337 3373 481 3430 Zacharia:
495 3374 590 3430 ltaaro
605 3390 689 3429 scam
700 3373 813 3429 detexit
829 3387 917 3429 secra
967 3368 1034 3438 oue
1048 3386 1132 3441 super
1146 3386 1309 3427 excrescens
1324 3380 1446 3427 aromata
1459 3381 1556 3430 cuneta
1570 3374 1688 3430 subibat.

190 3448 253 3500 itm
263 3464 273 3511 5
285 3449 313 3500 ⁶²
327 3445 460 3517 twmt’dtl
473 3445 572 3500 samu
585 3446 691 3515 leterii
705 3445 879 3515 ⁸⁶P¹⁴I⁶Wm·
967 3457 1089 3529 Cumque
1103 3458 1229 3529 ligaturis
1243 3460 1357 3530 expletis
1372 3460 1414 3515 bis
1429 3476 1498 3533 opus
1511 3470 1592 3531 esset,

116 3548 199 3618 Quod
211 3548 314 3605 laceret
327 3551 413 3606 Mauri
427 3549 565 3606 Zachamae
579 3550 705 3606 culminis
720 3550 832 3622 hospes,
966 3546 1055 3603 Utitur
1068 3546 1208 3602 Audaldus
1224 3554 1285 3603 suta
1298 3549 1413 3605 sindone
1427 3550 1540 3605 cuculla.

115 3637 244 3694 Denudat
258 3647 363 3694 scarus
377 3638 420 3693 sui
430 3638 487 3708 jam
501 3639 618 3709 pectoris
633 3638 681 3695 olli
700 3655 707 3694 :
966 3635 1031 3690 lnde
1046 3635 1157 3690 domum
1171 3636 1224 3693 laeti
1240 3638 1356 3692 redeunt
1370 3637 1524 3694 lucentibus
1542 3639 1636 3707 astris,

114 3726 199 3782 Esset
213 3727 339 3800 quodque
352 3727 403 3782 Dei
418 3726 508 3783 levitas
521 3727 649 3799 martyris
673 3734 755 3798 atque
965 3723 1090 3779 Audaldo
1105 3732 1278 3795 exspectante
1292 3725 1365 3782 diem
1379 3726 1495 3797 patriam
1512 3726 1662 3799 repetendi,

112 3814 250 3872 vincentii
263 3815 408 3887 Hispanias
422 3815 483 3871 solo
496 3816 626 3887 delapsus
644 3831 738 3872 amore
756 3834 762 3870 :
968 3809 1049 3880 Quod
1062 3811 1159 3868 hilaris
1173 3813 1238 3870 lecit
1252 3822 1348 3870 nactus
1362 3824 1423 3886 post
1439 3823 1546 3887 tempus
1567 3814 1695 3872 stoicum.

761 3964 888 4037 Explicit
916 3961 985 4020 tiber
1018 3964 1139 4036 patmus.

670 4170 827 4233 INCIPIT
841 4169 968 4232 LIBER
995 4171 1222 4249 SECUNDUS,

720 4304 858 4366 Totidem
871 4304 1026 4365 continens
1040 4319 1159 4367 versus.

116 4467 185 4523 Car.
201 4467 223 4521 1.
241 4465 317 4534 Quod
328 4469 461 4522 coactam
484 4481 584 4537 coepas
601 4464 637 4521 ad
675 4464 806 4522 Castrum
818 4482 883 4539 per·
932 4463 1034 4541 oilae.
1050 4461 1170 4530 [1.de
1187 4461 1293 4516 matter
1307 4460 1340 4515 de
1367 4460 1536 4532 caprimum
1556 4461 1689 4518 dubitans
1704 4478 1770 4520 coa-

253 4539 378 4599 aeaicas,
399 4536 551 4606 honorifice
561 4538 601 4591 sit
618 4541 790 4608 susceptam.
987 4537 1081 4590 tracta
1095 4533 1195 4604 suerit,
1212 4547 1244 4587 ac
1255 4531 1355 4587 deirmc
1365 4531 1591 4589 credcassanari
1602 4535 1749 4590 menterit.

115 4644 212 4700 Csesar
225 4643 255 4697 in
266 4646 390 4717 Augusta
405 4642 527 4699 Senioris
539 4641 634 4699 fraude
656 4641 761 4710 relicta,
969 4642 1044 4696 Tunc
1058 4637 1153 4694 risisse
1169 4637 1218 4692 luit
1231 4637 1338 4705 mulier,
1355 4637 1398 4693 cui
1413 4637 1476 4706 talia
1493 4636 1589 4706 fastus,

116 4730 237 4788 Omissis
253 4747 359 4787 necnon
374 4731 443 4798 aliis,
459 4732 495 4786 ob
511 4730 602 4786 dicere
617 4731 739 4804 longum,
969 4730 1004 4784 Et
1018 4728 1119 4784 sanctis
1134 4743 1235 4799 corpus
1250 4727 1337 4781 levitae
1354 4727 1467 4782 credere
1481 4727 1580 4782 nolens
1597 4743 1604 4780 :

114 4819 160 4875 Ad
175 4819 310 4886 Castrum,
328 4818 426 4874 bellam
442 4819 528 4890 patris
543 4819 642 4874 cellam
662 4818 810 4886 Benedicti,
969 4818 1039 4872 Esse
1054 4816 1142 4888 magis
1158 4816 1281 4870 llaurum
1295 4814 1462 4869 contendens
1476 4813 1543 4869 torte
1566 4821 1715 4885 putentem.

116 4906 262 4963 Perveniat
276 4907 376 4962 Christi
390 4915 493 4978 martyr
506 4907 641 4979 levitaque
656 4915 775 4964 sanctus.
971 4905 1097 4960 Protinus
1112 4905 1140 4958 in
1155 4912 1255 4959 terram
1270 4902 1400 4957 membris
1413 4911 1549 4972 prostrata
1571 4902 1682 4959 caducis

118 4995 205 5063 Cujus
219 4995 247 5049 in
261 4995 381 5050 adventu
395 4994 494 5050 luerint
508 5013 570 5067 qum
583 4995 693 5069 gaudia,
709 4995 800 5050 nullus
971 4993 1153 5062 contrabitur,
1170 4992 1232 5048 vitm
1246 4991 1352 5045 sublata
1367 5007 1414 5062 spe
1433 4989 1574 5064 fugientis.

116 5081 174 5139 Ora
187 5099 289 5154 gerens
304 5093 412 5139 centum
426 5084 523 5154 poterit
537 5084 700 5154 depromere
727 5083 829 5139 verbis.
971 5081 1025 5136 Sed
1040 5089 1134 5136 sancto
1147 5081 1275 5144 deducta,
1291 5076 1344 5132 tide
1359 5086 1496 5147 nascente,
1512 5078 1637 5133 medetur
1653 5094 1661 5133 ε

115 5173 141 5226 t
157 5170 298 5227 monachis
312 5171 428 5242 pulchra
444 5172 514 5227 serie
530 5172 668 5243 susceptio
681 5172 767 5244 qualis
969 5171 1004 5225 Et
1017 5168 1141 5240 pedibus,
1158 5167 1280 5239 plaustro
1297 5165 1419 5236 veniens,
1435 5174 1527 5222 curata
1541 5164 1662 5222 recessit.

114 5259 269 5326 Exstiterit,
286 5260 361 5314 solus
377 5259 423 5330 qui
438 5260 513 5315 testis
528 5260 602 5316 novit
617 5261 692 5317 lesus
708 5278 716 5316 τ
971 5256 1099 5312 Primitus
1114 5258 1166 5312 boc
1181 5256 1260 5328 signo
1275 5263 1347 5309 tanta
1362 5255 1458 5310 virtute
1475 5262 1593 5326 patrato,

115 5347 196 5418 Aptis
210 5347 333 5402 curilluis
347 5347 486 5403 ornatibus
502 5349 621 5420 undique
644 5347 723 5416 susis,
971 5346 1035 5399 Post
1049 5360 1158 5416 quoque
1173 5360 1233 5416 qum
1247 5359 1376 5398 numerus
1392 5342 1486 5411 nescit,
1504 5350 1566 5398 suut
1580 5341 1771 5415 plurascauta,

117 5435 311 5497 Gemmivomo
324 5436 360 5492 ad
373 5437 459 5494 ccelos
474 5453 561 5510 usquc
579 5437 724 5494 irradiante
747 5436 848 5494 virore.
971 5432 1098 5489 Prosaico
1113 5447 1220 5489 necnon
1233 5431 1333 5504 partim
1348 5446 1474 5488 sermone
1488 5439 1591 5489 notata.
