3794 6104
49 253 104 308 92l

637 246 815 305 EPISTOLAE
842 244 888 300 ΕΤ
914 245 1086 305 DECRETA.

53 379 120 444 agat
136 387 197 426 cum
212 370 352 425 obduratis
366 378 392 425 et
407 371 512 425 veniam
532 371 620 441 cupiat
644 379 776 442 praestare
791 384 855 425 cor·
870 367 1061 438 Apoutilicem
1075 381 1149 426 tuum
1165 372 1254 428 redire
1278 372 1470 429 satisfaciendo
1494 373 1701 443 contempseris,

55 460 140 514 rectis
155 476 162 512 :
179 467 206 514 et
222 458 284 513 ideo
299 459 341 513 bis
355 459 474 524 omissis,
490 461 525 514 de
540 460 673 529 praelibati
687 460 788 529 loseph
804 457 856 511 ite-

56 556 119 603 rata
134 548 271 602 creatione
286 547 414 602 sanctitas
429 556 474 602 tua
489 547 516 601 in
531 547 605 602 nullo
619 548 725 618 penitus
740 545 854 608 haesitet,

56 635 123 706 quia
150 636 219 689 hanc
248 642 275 689 et
304 649 354 688 nos
381 636 557 705 approbatam
585 631 751 689 admittimus
772 641 797 687 et
822 627 856 686 ab

56 723 184 778 omnibus
205 722 397 777 admittendam
423 739 483 778 esse
508 722 666 777 mandamus
683 741 690 776 :
708 722 769 794 quia
784 720 856 792 quod

56 825 113 866 nou
128 811 281 864 ostenditur
296 810 395 865 tactum
412 827 462 880 per
485 811 684 881 impositionem
709 824 806 863 manus
821 807 856 861 il-

56 897 120 964 lius,
138 898 182 953 cui
204 906 327 967 tempore
351 914 405 952 suar
429 898 591 970 legationis,
608 899 681 969 quod
700 899 766 952 dare
783 896 856 951 visus

56 993 110 1046 est,
137 994 164 1039 ut
188 986 224 1039 ita
247 985 381 1049 dixerim,
399 1002 452 1039 non
468 987 571 1051 lrabuit,
589 987 654 1040 ratio
669 1001 724 1040 non
739 984 801 1038 sinit
829 991 857 1037 ut

56 1073 183 1128 videatur
205 1073 340 1127 iteratum.
357 1073 424 1126 Data
445 1087 484 1127 xv
509 1073 645 1128 Kalendas
658 1073 754 1135 blartii,
772 1071 857 1126 indic*

907 474 938 511 ex
954 461 1113 515 auctoritate
1128 461 1177 516 Dei
1194 462 1290 525 Patris,
1306 469 1333 516 et
1348 461 1423 524 Filii,
1439 477 1471 516 ac
1486 461 1600 531 Spiritus
1615 461 1703 516 sancti

907 546 1013 608 virtute.
1039 548 1235 618 beatorumque
1258 548 1441 618 apostolorum
1467 549 1539 603 Petri
1562 564 1595 603 ac
1616 548 1702 614 Pauli,

907 640 932 687 et
948 635 1068 690 omnium
1083 646 1237 691 sanctorum
1253 629 1376 704 Patrum,
1394 633 1539 708 nostraque¹
1554 635 1704 707 apostolica

908 722 1063 788 sanctione,
1082 724 1231 779 secundum
1243 725 1300 792 iam
1316 724 1379 779 dicti
1393 724 1485 779 dilecti
1499 723 1642 778 confratris
1655 739 1704 779 no·

908 817 956 870 stri
977 818 1174 888 archiepiscopi
1198 827 1225 873 et
1249 821 1439 890 episcoporum
1463 819 1623 874 seutentiam
1643 819 1700 888 jam

908 903 971 958 olim
986 905 1013 958 in
1030 913 1054 959 te
1070 906 1216 975 prolatam,
1229 908 1355 975 jubemus
1370 915 1466 962 tecum
1483 905 1545 960 trliis
1555 915 1581 961 et
1596 906 1707 977 compli-

908 992 987 1046 cibus
997 992 1050 1047 tuis
1060 994 1133 1047 omni
1144 995 1330 1050 ecclesiastica
1340 1011 1401 1049 esse
1411 994 1602 1051 communione
1611 994 1703 1064 priva-

908 1087 975 1144 tum,
985 1088 1038 1135 eta
1054 1088 1123 1135 cartu
1138 1090 1218 1152 atque
1232 1083 1359 1137 societate
1370 1082 1489 1138 omniurn
1504 1080 1704 1136 christianissi-

56 1161 133 1215 tioue
148 1175 206 1218 atr.
908 1183 1025 1233 morum,
1038 1176 1130 1239 utpote
1145 1177 1282 1224 tantorum
1296 1171 1430 1226 malorum
1444 1176 1646 1240 perpetratores
1660 1169 1704 1223 ia-

908 1255 1109 1323 convertibiles,
1122 1256 1245 1312 seclusos
1262 1265 1288 1311 et
1305 1247 1705 1329 damnatosexistere3quoi1s-

908 1357 961 1412 que
983 1342 1083 1412 omnia,
1110 1361 1171 1415 quaa
1192 1361 1335 1414 perperam
1357 1345 1496 1416 gessistis,
1522 1344 1703 1412 emendando,

909 1430 1093 1503 canoniceque
1109 1431 1311 1498 satisfaciendo,
1324 1433 1430 1488 veniam
1443 1433 1604 1504 condignam
1615 1431 1705 1502 perci-

909 1533 974 1587 pere
983 1519 1155 1573 mereamini.
1183 1521 1251 1574 Data
1273 1535 1312 1575 xv
1335 1521 1470 1576 Kalendas
1493 1519 1591 1584 ltartii,
1616 1518 1705 1575 indic-

909 1605 982 1661 tione
998 1621 1057 1660 rur.

400 1246 514 1302 cccxl.

323 1361 366 1399 dl)
390 1356 594 1397 ar'rottlvtt.

369 1443 458 1509 (nuno
474 1438 549 1507 aar.)

60 1532 296 1590 decommunieat
312 1546 392 1592 curn,
423 1529 482 1581 nisi
505 1526 635 1581 Ecclesiae
658 1523 856 1578 Mediolanensi

96 1605 167 1659 bana
179 1617 239 1674 qaae
248 1600 404 1655 abstulerat
421 1599 565 1659 restituat,
582 1598 610 1649 et
620 1594 655 1648 ad
669 1593 857 1649 obedientiam

95 1676 142 1729 sat
156 1670 359 1741 archicpiscopi
373 1685 438 1724 cam
452 1668 535 1722 sociis
550 1665 655 1720 redeat.
873 1709 900 1769 B

96 1774 224 1825 amomo
239 1765 481 1821 excommunicato.
1241 1729 1368 1786 CCCXII.

947 1836 983 1877 nn
1005 1838 1154 1879 nussnuutr
1174 1839 1411 1880 sauromrtarrsarr
1432 1839 1670 1884 ancurnrtnournr.

1222 1922 1312 1990 (Anno
1328 1921 1401 1991 881.)

914 2026 1038 2082 Minatur
1052 2027 1097 2083 itti
1107 2028 1409 2083 excommunicationis
1417 2028 1599 2110 percommisi
1612 2027 1649 2082 ad
1663 2029 1708 2083 rai

1071 2097 1272 2170 archicpiscopi
1287 2099 1472 2153 obedienttam
1486 2097 1594 2153 redeat.

97 1858 181 1912 atissa
195 1854 348 1927 praesulatui
365 1861 457 1907 nostro
473 1851 506 1904 ab
521 1853 657 1921 ansperto
679 1856 778 1904 sancta
802 1847 861 1901 lte-

59 1945 230 2002 diolauensis
246 1942 377 1998 Ecclesia
400 1940 606 2010 archiepiscopo
628 1939 759 1994 relatione
781 1944 862 2007 atque

62 2033 251 2107 suggestione,
269 2031 413 2085 didicimus
431 2036 456 2083 te
470 2029 555 2082 multa
567 2026 768 2098 perhorrenda
782 2032 864 2079 terne-

60 2124 150 2178 ritatis
162 2119 358 2190 impudentiam
374 2118 431 2172 sive
445 2117 584 2171 audaciam
601 2115 692 2188 egisse
714 2114 820 2179 illicita,
837 2113 864 2167 el

61 2212 90 2266 in
106 2217 293 2278 contemptum
310 2206 381 2261 beati
395 2205 530 2259 Ambrosii
546 2212 628 2275 atque
642 2203 726 2273 ipsius
737 2200 863 2256 antistitis
947 2213 1081 2265 Ammo
1097 2210 1288 2267 archidiacono
1303 2211 1507 2267 Mediolanensi·

61 2298 303 2360 contrarietatem,
328 2295 355 2348 in
379 2294 448 2348 locis
472 2301 498 2347 et
519 2292 598 2347 rebus
621 2292 646 2346 ei
667 2289 863 2362 pertinentibus
949 2298 1030 2352 Missa
1043 2299 1199 2369 praesulatui
1220 2307 1313 2354 nostro
1337 2299 1531 2372 suggestione,
1556 2303 1709 2371 anspertus

62 2388 136 2444 mala
160 2394 186 2441 ⁸⁸
212 2398 384 2456 cl¹¹ae⁰¹¹ffllue
415 2389 523 2452 itidem
555 2381 703 2435 fflOrmiier
725 2394 778 2432 ⁰¹¹³
801 2393 863 2433 cum
914 2395 1015 2442 sanctae
1047 2387 1256 2442 Mediolanensis
1297 2387 1427 2443 Ecclesia
1468 2388 1710 2444 reverendissimus

61 2477 126 2531 tiliis
141 2476 192 2529 mis
206 2472 376 2529 commisisse
391 2471 516 2524 adversa.
530 2472 552 2523 Α
569 2466 788 2539 quorumscilicet
799 2482 864 2536 per·
914 2474 1153 2545 archiepiscopus,
1169 2476 1244 2544 cujus
1263 2475 1387 2530 minister
1407 2491 1469 2531 esse
1492 2475 1603 2542 rideris,
1629 2491 1710 2546 super

61 2563 214 2637 peifflilfflle
228 2560 338 2615 ³⁵⁸id¹¹³
353 2567 378 2612 ¹⁴²
398 2558 475 2629 quasi
498 2572 578 2611 Ovem
601 2556 696 2627 gregis
720 2554 862 2619 ὓῡῐῃίῦἰΰί,
914 2571 940 2616 te
955 2570 1067 2634 questus
1077 2571 1117 2617 est
1128 2563 1200 2634 quod
1210 2563 1281 2617 inter
1293 2572 1404 2618 caeteras
1420 2563 1631 2634 perturbationis
1646 2578 1709 2621 rno-

62 2652 158 2708 rnultis
170 2651 225 2719 iam
241 2648 345 2703 vicibus
359 2645 513 2717 arguendo,
530 2643 703 2699 obsecrando
727 2650 753 2697 er
773 2643 864 2696 incre·
913 2649 1068 2706 tentasse
1078 2650 1130 2704 sini
1141 2659 1243 2707 temere
1251 2651 1347 2719 straus,
1368 2660 1471 2722 etpost
1488 2668 1579 2707 rerum
1597 2667 1709 2706 suarum

60 2735 565 2813 P³¹¹d00011l0¹¹ll⁰alqsselemOllssle
582 2732 698 2798 cmvii,
714 2746 749 2785 ¹¹⁹
762 2730 866 2801 intitul
914 2738 1013 2794 damna
1027 2738 1206 2802 nonmodica,
1226 2755 1282 2793 non
1302 2740 1411 2810 propria
1429 2740 1558 2796 derelicta
1575 2739 1709 2809 Ecclesia,

61 2829 151 2884 bostis
166 2825 263 2882 callida
274 2823 449 2895 persuasione
460 2821 544 2875 semel
557 2821 701 2890 deceptum
718 2819 745 2872 in
755 2818 866 2889 prolun-
915 2827 948 2880 ab
964 2827 1022 2894 ejus
1044 2835 1070 2882 ta
1090 2826 1222 2898 obsequio
1238 2834 1264 2881 et
1279 2828 1416 2883 consortio
1435 2843 1580 2899 separare,
1595 2835 1622 2883 et
1636 2827 1710 2882 velut

62 2919 130 2973 dum
144 2913 239 2969 ¹¹¹0s¹l⁸
253 2912 407 2966 bflffilhfflffl
423 2908 633 2979 ¹⁸PSUffli³C⁰r0
648 2907 792 2962 Omlllesei·
811 2905 866 2960 Sed
917 2914 1105 2971 schismaticus
1130 2930 1179 2984 per
1202 2914 1305 2970 alienas
1331 2915 1472 2985 parochias
1505 2923 1601 2972 contra
1624 2929 1710 2972 canc·

62 3006 128 3078 quia
144 3013 169 3058 te
180 3008 281 3056 sanctae
291 2998 483 3053 admonitionis
491 2996 584 3075 serbis
599 2995 753 3050 salubribus
771 2987 866 3048 humili
917 3003 978 3059 nica
1001 3011 1100 3057 spatum
1123 3003 1285 3058 commorari
1307 3004 1516 3074 praesumpseris
1534 3045 1541 3072 ‚
1558 3019 1666 3061 necnon
1686 3012 1713 3059 e,

63 3106 181 3164 prorsus
194 3087 338 3143 devotione
348 3103 402 3141 non
413 3085 533 3149 obedire,
549 3100 637 3155 neque
652 3099 743 3137 aurem
758 3082 860 3146 cordis,
874 3055 898 3118 C
912 3091 983 3161 apud
1006 3091 1185 3161 pringipalem
1214 3091 1363 3161 polentiam
1395 3092 1587 3161 properando,
1616 3091 1711 3146 noxias

62 3182 139 3236 velut
160 3177 280 3249 aspidem
304 3175 433 3241 surdam,
455 3174 586 3228 inclinare
611 3172 655 3226 vel
686 3170 861 3241 acquiescere
910 3178 951 3234 illi
982 3193 1135 3250 praeparare
1168 3179 1280 3233 insidias
1315 3178 1414 3234 callida
1444 3178 1623 3248 persuasione
1656 3178 1707 3233 de.

63 3270 139 3325 nolle
158 3265 302 3336 aspiciens,
313 3271 375 3334 post
385 3269 423 3317 tot
434 3261 620 3331 correptiones
635 3275 689 3314 una
708 3275 770 3314 cum
780 3274 862 3313 rene·
912 3274 1011 3322 cretas.
1044 3267 1120 3321 Unde
1144 3266 1186 3320 his
1210 3266 1311 3321 nostris
1340 3265 1496 3336 apostolicis
1523 3265 1616 3321 figeris
1640 3264 1711 3321 dile.

63 3356 191 3412 rabilium
201 3352 425 3423 coepiscoporum
443 3358 513 3406 coetu
529 3365 543 3403 a
558 3347 723 3405 sacrosancti
739 3345 862 3417 corporis
913 3354 1029 3410 ettonem
1061 3362 1134 3408 ruam
1167 3362 1281 3424 patemo
1313 3351 1409 3408 affectu
1440 3353 1634 3421 00nvenimus‚
1664 3352 1709 3408 ni.

64 3454 92 3501 et
102 3441 243 3514 sanguinis
259 3439 377 3504 Domini,
390 3438 540 3494 secuudum
553 3435 726 3491 iustitutionis
741 3441 863 3505 paternae
914 3441 1059 3497 nilominus
1080 3449 1107 3496 et
1128 3456 1189 3497 curn
1213 3445 1287 3496 omni
1307 3441 1436 3510 jubemus
1467 3440 1597 3512 imperio,
1625 3448 1653 3496 ut
1676 3440 1712 3496 de

64 3547 232 3596 censuram.
256 3526 445 3585 t⁰mt¹¹¹11110⁰⁰
468 3525 604 3597 separavit
627 3533 654 3579 ⁰¹
677 3524 712 3578 ab
734 3522 864 3578 Ecclesia
914 3529 1042 3600 praesenti
1057 3529 1091 3584 ad
1107 3529 1195 3584 sinum
1212 3536 1238 3584 et
1252 3528 1386 3601 gremium
1402 3536 1504 3585 sancta
1526 3528 1712 3584 Mediolanen-

66 3621 118 3677 Dei
144 3616 383 3676 socictatemerito
406 3614 540 3680 removit,
566 3622 592 3667 et
613 3613 701 3667 adhuc
722 3611 749 3665 iu
769 3610 864 3665 eadem
915 3619 952 3673 sis
975 3617 1106 3673 Ecclesiae
1129 3616 1224 3671 marris
1248 3624 1318 3682 iugi,
1342 3631 1423 3688 quam
1453 3616 1596 3672 furibundo
1620 3616 1711 3673 animo

66 3710 149 3766 wide
175 3705 322 3778 iniquilatis
351 3703 462 3759 fetidum
488 3712 513 3757 θῑ
536 3702 705 3756 vulneratum
737 3707 762 3755 ῑθ
792 3698 866 3753 ἃθῑθῑ
915 3704 1068 3777 reliquisti,
1094 3705 1173 3760 valde
1188 3705 1302 3760 devotus
1315 3705 1404 3761 redire
1419 3703 1548 3773 festines,
1565 3711 1646 3775 atque
1661 3704 1712 3759 sub

62 3801 179 3870 jacere,
202 3796 338 3865 mleque
362 3790 540 3862 impoesslttssli
561 3789 634 3843 nolle
659 3789 694 3843 ad
715 3796 741 3842 le
766 3802 866 3859 percu·
916 3793 1017 3865 proprii
1042 3793 1157 3864 pastoris
1179 3792 1312 3866 regimine
1333 3792 1377 3848 vel
1396 3792 1541 3864 praesentia
1556 3807 1617 3848 csse
1639 3790 1713 3847 omni

65 3890 182 3943 tientem
209 3881 309 3938 reverti
332 3880 487 3951 aspiciens,
513 3878 611 3934 clamat
632 3886 660 3932 ut
691 3893 741 3947 per
772 3874 866 3930 salutis
917 3882 1015 3937 meniis
1029 3881 1166 3936 alacritate
1182 3881 1323 3947 decertes,
1339 3888 1375 3950 et,
1391 3889 1483 3952 utpote
1498 3881 1612 3936 idoneus
1635 3878 1714 3934 mini.

67 3974 266 4031 meditamenta
280 3968 362 4024 animi
379 3968 416 4022 lui
432 3966 520 4022 Vfllessl
540 3967 650 4021 Vfllsseffl
673 3960 744 4018 mlle
767 3962 867 4017 inflicta
918 3980 983 4037 ster,
1001 3969 1095 4024 humili
1110 3985 1222 4039 prorsus
1232 3969 1376 4025 devotione
1386 3969 1516 4035 debitum,
1524 3969 1601 4038 juxta
1610 3966 1715 4024 ordinis

67 4078 176 4118 sanare.
202 4059 279 4115 Unde
300 4066 325 4112 ct
348 4059 400 4113 nos
416 4055 543 4127 pastorali
565 4052 765 4117 sollicitudine,
789 4058 868 4121 atque
919 4060 956 4114 rui
970 4058 1071 4126 locum,
1087 4065 1242 4112 reverenter
1255 4057 1397 4128 impendas
1410 4057 1571 4128 obsequium
1595 4064 1621 4112 er
1645 4057 1715 4113 obe.

67 4147 216 4208 confratris
240 4145 324 4201 nostri
346 4142 544 4213 archiepiscopi
569 4142 620 4196 boc
650 4139 777 4211 praesenti
798 4138 869 4192 dile·
920 4147 1029 4203 dienijae
1043 4145 1219 4211 sunniacum,
1245 4154 1395 4216 quatenus,
1421 4146 1480 4213 ejus
1503 4145 1587 4217 μιῇ,
1602 4145 1714 4214 potitus,

66 4241 158 4296 ctione
174 4235 311 4297 commoti,
330 4231 500 4289 auctoritatis
519 4238 618 4285 nostra
631 4236 728 4284 statuto
744 4228 870 4296 iubemus
921 4235 1097 4304 omniporfflu
1112 4235 1228 4288 Domino
1238 4233 1272 4287 de
1289 4233 1369 4290 officii
1385 4233 1423 4286 qui
1436 4232 1592 4287 assiduitate
1607 4249 1716 4303 sempe,-

66 4339 107 4393 ut,
125 4332 199 4381 tanta
213 4321 390 4394 perversitate
421 4327 448 4374 et
470 4320 562 4375 cordis
579 4318 675 4373 duritia
694 4319 751 4387 jam
775 4309 872 4386 procul
922 4324 1032 4394 plaeere
1045 4321 1147 4376 valeas,
1165 4320 1243 4389 Qum
1258 4320 1281 4373 sp
1296 4320 1375 4374 appel»
1397 4327 1492 4376 comm
1515 4320 1666 4390 proecqpuas
1690 4327 1717 4375 et

67 4417 186 4485 flbiecla·
204 4411 332 4483 ‘luoniam
348 4410 496 4480 hammus,
520 4408 569 4462 Dei
591 4407 688 4461 5¹⁰⁰?ss
707 4402 865 4475 ΡθθῐΡθὸῑῑθ,
883 4399 974 4465 Drion
988 4409 1131 4466 violandas
1146 4409 1416 4462 sanctommPatrum
1430 4406 1622 4473 institutiones,
1634 4415 1731 4479 atque·

68 4505 171 4561 m⁰l¹⁰⁵
186 4509 238 4555 ¹1¹ae
262 4498 407 4570 imbuimus
430 4497 504 4566 lepra
526 4492 722 4566 &inquinabit
739 4499 766 4546 ⁰2
780 4498 868 4544 iflss10·
918 4506 1011 4554 contra
1027 4498 1095 4552 hanc
1110 4504 1233 4550 nostram
1248 4494 1452 4550 saluberrimam
1464 4494 1614 4566 jussionem
1631 4510 1716 4568 agere

67 4609 129 4648 rum
144 4589 278 4644 malorum
295 4594 387 4641 auctor
401 4601 461 4640 esse
476 4598 529 4638 non
546 4581 681 4649 dubitasti,
696 4578 867 4651 praecipimus
918 4584 1135 4658 praesumpserss,
1148 4584 1217 4639 eiad
1231 4592 1303 4638 ruam
1317 4583 1467 4640 Ecclesiam
1482 4590 1612 4654 quumque
1626 4591 1716 4654 pasqo,

67 4691 95 4736 ῐθ
117 4695 182 4736 θῦῑΰ
205 4675 279 4731 ⁰m¹¹l
302 4672 439 4730 ⁰0¹⁰¹⁸il³¹0
473 4671 570 4727 reverti
593 4671 627 4725 fid
650 4684 741 4723 Visam
765 4664 868 4738 Ptaesali
918 4691 986 4741 rem,
1003 4674 1072 4729 sicut
1086 4674 1183 4745 regula
1196 4673 1383 4729 ecclesiastica
1397 4673 1486 4737 docet,
1498 4671 1588 4727 redire
1598 4679 1715 4728 coutem-

68 4765 208 4840 pontificis
223 4765 260 4818 tui
273 4762 481 4817 satisfactionem
498 4776 559 4814 eum
574 4757 635 4812 liliis
656 4766 682 4812 et
703 4757 757 4811 tuis
778 4753 869 4809 omni-

69 4859 121 4911 bus
136 4852 332 4924 complicibus,
350 4866 462 4921 (quorum
484 4849 606 4904 incentor
627 4847 717 4902 adbuc
738 4844 869 4899 malorum

69 4952 133 5017 post
148 4950 237 4997 tantas
251 4938 434 4995 correctiones
454 4954 515 4992 esse
537 4953 591 4991 nou
613 4934 739 4998 timuisti,
762 4940 789 4988 et
811 4933 870 5000 ejus

69 5030 230 5087 salubribus
260 5027 369 5082 monitis
397 5026 519 5081 subditus
542 5032 567 5078 et
591 5024 729 5092 subjectus
761 5021 870 5085 existas,

69 5120 200 5177 omnibus
220 5127 309 5171 tamen
332 5115 461 5170 Ecclesia
482 5111 730 5183 depredationibus
755 5110 782 5163 in
804 5110 871 5162 inte·

71 5224 153 5280 grum
170 5205 309 5273 restitutis,
329 5212 355 5258 et
380 5202 529 5257 secundum
544 5200 630 5270 ipsius
648 5199 778 5253 Ecclesiae
794 5195 873 5267 privi-

72 5297 174 5368 legium
195 5292 344 5348 emendatis
359 5300 438 5360 atquc
453 5289 557 5345 solutis.
579 5287 656 5356 Quod
673 5287 695 5340 si
719 5293 779 5356 post
794 5285 873 5352 hujus

74 5393 175 5441 nostrae
190 5380 380 5453 praeceptionis
395 5379 522 5434 relectam
538 5376 681 5447 epistolam
696 5375 722 5428 in
732 5372 873 5443 tuainiqua

73 5480 256 5544 obstinatione
271 5478 430 5550 perdurans,
447 5483 476 5530 ut
489 5473 592 5531 dictum
607 5479 662 5542 est,
687 5470 721 5526 ad
735 5467 874 5542 praiatum

918 4763 1018 4835 pseris,
1034 4762 1104 4818 scias
1120 4771 1145 4817 te
1161 4762 1209 4817 Dei
1224 4760 1395 4831 omipotentis
1412 4761 1510 4816 virtute
1525 4768 1550 4815 et
1566 4760 1638 4816 beati
1647 4760 1717 4815 Petri

919 4852 1105 4921 apostolorum
1127 4850 1253 4921 principis
1278 4857 1424 4920 nostraque
1446 4848 1620 4916 auctoritate,
1637 4856 1716 4920 atque

922 4939 1055 4997 canonico
1082 4940 1191 4993 Petrum
1213 4937 1334 5006 judicio,
1360 4936 1416 4991 iore
1439 4937 1513 4992 omui
1533 4937 1716 4993 ecclesiastica

920 5029 1112 5085 communione
1126 5027 1271 5098 privatum,
1288 5039 1438 5096 quousque,
1448 5034 1476 5080 ut
1491 5025 1650 5095 pradictum
1666 5031 1716 5094 est,

921 5118 954 5172 ad
970 5125 1044 5170 tuam
1060 5115 1210 5170 Ecclesiam
1227 5113 1317 5168 redire
1332 5121 1431 5184 tuoque
1446 5114 1546 5183 pastori
1562 5112 1717 5168 humilitatis

922 5205 992 5261 colla
1007 5203 1122 5258 subdere
1137 5200 1247 5257 omniuo
1269 5201 1414 5268 studueris,
1438 5201 1565 5273 quoniam
1579 5199 1652 5256 terro
1666 5216 1717 5256 ne·

922 5308 1000 5349 cesse
1015 5299 1056 5346 est
1070 5298 1098 5344 ut
1111 5289 1303 5345 abscindantur
1323 5290 1437 5345 vulnera
1459 5306 1519 5362 quae
1542 5296 1570 5344 ut
1583 5289 1637 5343 illis
1660 5303 1718 5343 rna·

922 5396 987 5435 uum
1002 5379 1159 5440 adhibueris
1179 5378 1358 5438 lamentorum
1380 5393 1434 5434 nou
1457 5377 1592 5437 senserint
1606 5375 1718 5438 medici·

923 5485 995 5531 uam,
