3794 6104
120 257 172 313 8⁸1³

743 253 854 312 arlsa.
881 256 930 311 AD
958 254 1161 315 stellionati.

1718 257 1771 314 8Ἶό

114 380 332 435 sublevationem
347 386 374 435 et
389 378 577 435 defensionem
592 378 645 435 loci
660 378 746 451 ipsius
756 384 869 449 operam
880 379 920 434 vi-
933 380 961 440 A
973 380 1092 435 loannes
1108 389 1135 436 et
1158 380 1275 436 Marinus
1304 380 1436 452 praesules
1463 379 1520 435 suis
1547 379 1597 435 tibi
1626 378 1774 452 privilegiis

118 469 208 524 riliter
222 485 309 540 usque
323 468 357 523 ad
378 466 504 523 ellectum
527 467 609 531 dare,
636 468 724 523 donec
748 482 844 523 omnes
867 469 926 537 ejus

118 557 260 628 sopiantur
274 557 487 621 controversia,
505 555 639 611 studeant.

152 648 227 701 Inter
241 648 300 701 haec
310 647 466 700 Ravennate
474 644 686 716 archiepiscopo
698 660 760 701 cum
771 643 925 720 Ticinense‚

123 743 150 790 et
166 734 339 800 Placentino,
357 741 383 788 et
397 733 548 806 Regiense,
566 741 592 788 et
607 732 758 789 Mutinense
772 748 834 789 cum
850 733 927 786 Man-

127 831 222 890 tuano,
239 830 265 876 et
283 823 437 877 Veronense
453 837 514 876 cum
531 820 686 883 Landeuse,
702 829 728 876 et
744 819 927 886 Vercellense,

127 910 244 981 aliisque
258 909 430 980 coepiscopis
445 909 578 980 nobisque
594 918 715 965 sanctam
730 909 863 980 synodum
879 924 928 964 ce-

126 998 308 1064 lebrantibus,
325 1005 351 1051 et
370 1005 420 1052 tuae
436 996 567 1052 voluntati
580 1012 721 1051 assensum
734 996 927 1067 praebentibus,

125 1087 253 1141 volumus
268 1093 349 1157 alque
368 1084 550 1150 instituimus,
575 1093 604 1139 ut
626 1085 810 1157 cujuscunque
825 1085 929 1140 ordinis

125 1174 252 1241 clericos,
266 1172 348 1246 quiin
360 1174 574 1229 eodemsacrato
593 1173 654 1229 loco
671 1173 815 1228 missarum
830 1173 929 1228 solem·

123 1263 170 1317 nia
194 1262 366 1318 celebrantes
389 1261 564 1328 deserviunt,
591 1269 617 1316 et
637 1277 684 1316 eos
705 1261 791 1332 quiin
807 1261 929 1330 ejusdem

124 1350 289 1406 monasterii
304 1349 415 1421 capellis
429 1349 585 1420 ubicunque
606 1349 697 1405 diviua
716 1350 819 1420 jugiter
842 1347 927 1404 officia

102 1427 238 1506 iaciunt,
256 1438 337 1494 liceat
352 1439 487 1509 precipue
505 1437 698 1493 Mediolanensi
714 1437 927 1508 archiepiscopo,

121 1536 168 1582 aut
182 1527 345 1599 patriarchae
361 1526 518 1597 supradicto
534 1541 708 1596 promovere,
718 1533 744 1580 et
753 1540 925 1592 consecrare,

981 469 1160 537 concessisse,
1177 478 1204 525 et
1218 471 1363 525 roborasse
1378 479 1536 539 noscuntur,
1553 470 1690 536 universa,
1716 484 1777 540 qua

981 557 1045 612 olim
1073 558 1143 614 divae
1158 559 1295 614 memoriae
1309 558 1460 614 Ludovicus
1476 557 1671 615 serenissimus
1687 556 1772 628 impe·
1830 628 1836 637 ,

981 654 1063 714 rator,
1078 646 1205 702 dominus
1220 656 1246 701 et
1261 646 1302 701 vir
1317 654 1387 715 tuus,
1399 663 1449 718 per
1464 663 1540 703 suam
1551 644 1778 722 magnificentiam

982 734 1172 805 augustalibus
1187 734 1311 805 apicibus
1326 735 1374 790 tibi
1390 736 1453 790 dum
1469 735 1605 791 adviveret
1633 732 1779 791 contulisse

984 821 1124 892 probatur,
1142 839 1189 878 seu
1205 823 1286 879 etiam
1302 832 1328 879 et
1343 839 1376 879 ea
1389 840 1449 895 qnae
1464 824 1524 894 ipsa
1537 823 1709 894 postmodum
1724 821 1779 876 im·

982 909 1127 979 perialibus
1144 910 1345 982 largitionibus,
1361 911 1403 966 vel
1419 911 1499 966 etiarn
1515 910 1679 984 quibuslibet
1698 909 1780 979 justis

983 997 1216 1070 acquisitionibus,
1232 1000 1434 1069 emptionibus,
1459 1001 1502 1055 vel
1525 998 1779 1056 commutationibus

983 1085 1010 1139 in
1027 1086 1163 1156 proprios,
1180 1087 1237 1141 sive
1249 1088 1306 1155 iam
1320 1087 1384 1142 dicti
1394 1088 1551 1143 monasterii
1562 1088 1600 1142 tui
1610 1103 1676 1142 usus
1686 1085 1781 1158 acqui·

984 1173 1053 1243 sisti,
1079 1190 1127 1229 seu
1151 1174 1179 1228 in
1202 1183 1342 1245 posterum
1360 1176 1526 1247 acquisitura
1540 1192 1589 1240 es;
1605 1175 1739 1246 simulque
1754 1179 1782 1229 et

983 1277 1026 1329 ea,
1043 1278 1104 1333 quae
1118 1261 1152 1316 ad
1167 1263 1384 1334 supplementum
1406 1264 1528 1333 ejusdem
1550 1263 1645 1320 sacrati
1668 1262 1737 1331 loci,
1754 1268 1782 1318 et

983 1357 1037 1402 tarn
1053 1365 1159 1420 regum,
1176 1365 1258 1423 quana
1272 1351 1387 1408 aliorum
1400 1351 1583 1423 quorumlibet
1597 1350 1717 1406 fidelium
1731 1349 1781 1405 do·

983 1436 1100 1505 natione,
1118 1437 1161 1492 vel
1175 1438 1334 1495 liberalitate
1346 1456 1427 1504 nunc,
1444 1438 1487 1496 vel
1500 1438 1673 1510 postmodum
1688 1437 1782 1493 addila

981 1523 1064 1580 fuisse
1080 1526 1292 1596 comprobantur
1308 1546 1315 1582 z
1332 1529 1430 1584 eodem
1445 1537 1540 1584 tenore
1554 1534 1581 1581 ct
1596 1525 1706 1592 ordine,
1728 1539 1783 1597 quo

121 1615 167 1671 vel
182 1615 230 1670 alii
244 1616 327 1670 etiarn
342 1613 454 1670 cuilibet
468 1614 607 1685 episcopo,
622 1630 702 1686 quem
718 1613 859 1668 abbatissa
873 1612 926 1668 loci
941 1622 967 1682 Β
983 1612 1041 1677 tibi,
1059 1613 1102 1668 vel
1117 1622 1162 1670 tuo
1176 1615 1374 1684 praenominato
1389 1615 1515 1671 coenobio
1530 1615 1715 1679 advenerunt,
1730 1612 1783 1667 illi·

122 1704 198 1758 Mlius
211 1704 326 1758 voluerit
342 1717 449 1773 rogare.
463 1703 526 1758 ilaeo
543 1710 569 1756 et
585 1701 639 1757 alia
656 1701 835 1758 ecclesiastici
850 1701 932 1757 officii

122 1791 275 1847 ministeria
286 1790 339 1845 sint
350 1790 377 1844 in
388 1790 531 1846 abbatissae
550 1791 701 1855 voluntate,
717 1798 745 1844 ut
755 1790 842 1861 possit
856 1790 931 1844 vide·

121 1879 188 1936 licet
198 1878 327 1944 chrisma,
340 1887 366 1933 et
376 1878 552 1935 ecclesiarum
564 1893 675 1933 suarum
685 1878 929 1944 consecrationem,

122 1984 139 2023 a
155 1982 321 2039 quocunque
337 1966 362 2021 ei
376 1966 480 2021 libitum
502 1965 600 2035 luerit,
616 1966 690 2021 omni
712 1974 833 2038 ternpore
849 1967 931 2037 impe·

122 2063 199 2111 trare
218 2073 224 2109 :
240 2055 277 2109 ita
292 2062 393 2119 tamen,
406 2061 434 2108 ut
444 2055 467 2108 si
482 2054 628 2124 aliqnando
643 2055 677 2108 ad
692 2055 751 2110 haio
766 2054 835 2110 lorte
849 2069 932 2126 roga-

123 2143 201 2197 bitur
215 2142 387 2199 Placentinus
409 2143 571 2213 episcopus,
598 2142 627 2196 in
650 2142 781 2213 predicto
796 2142 932 2211 caenobio,

126 2239 155 2287 et
170 2231 343 2286 xenodochio
357 2231 496 2301 rebusque
511 2230 632 2300 ipsorum
648 2229 750 2285 nullum
776 2246 805 2285 se
826 2229 933 2285 noverit

128 2319 230 2375 amodo
254 2326 280 2374 et
303 2318 432 2389 deinceps
450 2317 496 2387 jus
520 2318 661 2388 potestatis
697 2318 818 2385 habere,
843 2334 934 2389 neque

128 2408 212 2464 etiam
228 2407 375 2463 admissas
389 2406 568 2462 celebrandas
580 2407 656 2477 juxta
671 2407 781 2462 Petrum
799 2405 930 2473 instituta,

128 2496 184 2550 nisi
199 2496 337 2561 invitatus,
353 2495 490 2550 adveniat.

166 2583 294 2640 Decimus
308 2599 374 2640 vero
389 2582 507 2638 universi
523 2582 597 2638 fundi
622 2583 781 2654 pertinentis
795 2583 829 2637 ad
843 2583 932 2653 ipsum

131 2672 339 2737 monasterinm,
355 2687 423 2744 quas
437 2671 558 2742 episcopi
574 2671 618 2744 qui
623 2712 688 2726 ......
710 2671 767 2726 esio
782 2678 851 2735 sunt,
864 2679 891 2725 et
905 2671 932 2724 in

128 2777 246 2833 quorum
262 2760 371 2831 quidem
386 2759 511 2828 adjacent
527 2759 684 2830 parochiis,
699 2774 750 2831 pro
764 2758 814 2814 Dei
828 2774 930 2823 amore,

130 2857 344 2918 vestrorumque
363 2849 497 2904 bonorum
513 2847 723 2912 recordatione,
740 2848 837 2903 devote
852 2856 932 2917 atque

128 2938 250 2992 libenter
264 2937 421 3007 supradicto
436 2935 585 2992 venerabili
599 2936 659 2992 loco
673 2935 766 3007 largiti
781 2943 843 2990 sunt
859 2953 865 2989 :
884 2950 932 2990 vo·

986 1704 1046 1755 bala
1059 1709 1085 1756 et
1100 1701 1236 1771 inviolata,
1253 1712 1335 1774 atque
1351 1704 1514 1758 inconcussa
1539 1708 1731 1774 permaneant,
1757 1707 1785 1756 et

985 1789 1135 1845 secundum
1151 1798 1203 1844 tuae
1218 1790 1399 1847 ordinationis
1415 1798 1514 1846 statuta
1528 1790 1685 1863 persistant.
1697 1789 1745 1844 *Er
1759 1787 1783 1843 si

985 1877 1055 1949 quis,
1071 1878 1145 1950 quod
1159 1893 1213 1934 non
1227 1886 1367 1950 optamus,
1384 1886 1481 1935 contra
1496 1880 1554 1934 haec
1568 1887 1668 1935 statuta
1689 1876 1718 1931 in
1732 1874 1783 1931 Dei

985 1965 1177 2036 omnipotentis
1191 1967 1297 2033 oblata,
1321 1968 1364 2023 vel
1386 1983 1519 2024 concessa
1543 1965 1683 2022 servitium
1697 1979 1783 2036 egere

985 2055 1136 2122 tentaverit,
1149 2055 1193 2110 vel
1204 2055 1342 2127 quippiam
1357 2057 1455 2133 horum
1469 2055 1619 2127 iufringere
1639 2051 1784 2109 temerario

985 2156 1053 2196 ausu
1067 2142 1202 2208 voluerit,
1232 2143 1503 2200 excommunicationi
1531 2141 1682 2197 submissus
1710 2137 1785 2195 omui

986 2230 1173 2287 ecclesiastico
1196 2232 1334 2288 consortio
1357 2240 1464 2300 careat,
1489 2239 1514 2287 et
1536 2230 1587 2286 nisi
1607 2246 1637 2287 se
1657 2222 1785 2285 continuo

985 2319 1060 2374 atali
1075 2319 1195 2390 nequitia
1209 2321 1329 2391 corrigat
1353 2328 1379 2375 et
1402 2320 1561 2391 resipiscat,
1587 2320 1616 2376 S.
1639 2317 1712 2374 Petri
1733 2331 1785 2373 no·

986 2407 1088 2479 strique
1104 2409 1271 2479 apostolatus
1294 2408 1454 2465 auctoritate
1479 2406 1654 2463 anathematis
1677 2403 1786 2462 vinculo
1819 2456 1821 2461 ⁴

985 2495 1148 2562 innodatus,
1165 2511 1229 2551 reus
1240 2496 1268 2550 in
1283 2495 1370 2552 futuro
1382 2495 1484 2564 judicio
1507 2503 1680 2566 permaneat,
1695 2501 1722 2550 et
1735 2507 1787 2563 pro

986 2599 1100 2639 excessu
1116 2600 1172 2639 suoe
1186 2592 1266 2640 tantae
1282 2583 1509 2655 transgressionis
1523 2599 1583 2638 cum
1613 2583 1681 2638 Jada
1701 2580 1787 2636 tradi·

986 2678 1044 2726 tore
1059 2670 1220 2740 infrunitus,
1238 2680 1319 2743 atque
1344 2672 1453 2727 rebellis
1476 2671 1560 2727 sancti
1585 2669 1700 2741 Spiritus
1722 2685 1788 2726 sen·

988 2760 1078 2824 tentia,
1096 2760 1142 2831 qui
1158 2776 1266 2831 semper
1276 2758 1368 2817 lictum
1383 2768 1410 2816 et
1424 2759 1584 2815 mendacem
1606 2756 1718 2829 effugit,
1736 2772 1789 2814 no·

986 2847 1054 2902 verit
1068 2863 1098 2902 se
1113 2847 1269 2902 habiturum
1283 2847 1436 2917 portionem
1451 2847 1478 2901 in
1489 2845 1698 2920 gehennaiguis
1709 2854 1790 2900 aeter·

987 2935 1024 2990 ni.
1042 2935 1178 3006 Scriptum
1192 2951 1242 3006 per
1265 2951 1373 2990 manum
1396 2934 1495 2991 Leonis
1516 2934 1642 2990 scrinarii
1658 2934 1686 2989 S.
1703 2933 1735 2991 ll.
1752 2932 1785 2988 Ε.
1860 2951 1865 2957 ·

130 3025 242 3093 turnus,
267 3033 292 3079 el
314 3025 462 3096 apostolica
491 3024 668 3081 corrobamus
696 3023 877 3090 auctoritate,
905 3032 932 3079 et
946 3030 971 3092 (1
985 3023 1013 3077 in
1027 3039 1122 3079 mense
1137 3023 1232 3094 Aprili,
1250 3023 1397 3080 indictione
1410 3023 1501 3079 tertia.
1517 3023 1589 3078 Bene
1605 3021 1786 3078 valetevllal.

127 3113 235 3184 absque
250 3113 438 3186 refragatione.
454 3120 510 3167 tam
524 3114 663 3184 ipsorum,
681 3129 761 3184 quam
776 3119 802 3167 ct
817 3128 930 3168 succes·

128 3217 226 3257 sorum
240 3217 350 3267 eorum,
366 3202 438 3257 velut
450 3202 509 3271 ipsa
523 3200 681 3271 instituisti,
705 3215 782 3256 sacra
806 3200 930 3256 senodo-

127 3289 204 3357 chio,
230 3296 257 3345 et
279 3288 391 3360 capellis
414 3288 608 3360 perpetualiter
628 3287 790 3343 habeantur.
818 3289 932 3358 insuper

130 3377 290 3446 statuimus,
314 3385 340 3433 et
363 3377 511 3449 apostolica
535 3376 697 3433 auctoritate
720 3375 880 3442 stabilimus,
903 3383 932 3430 ut

126 3467 210 3536 juxta
218 3465 291 3538 quod
297 3465 384 3522 nostri
398 3466 618 3537 predecessores
628 3473 681 3519 mm
691 3463 839 3530 Adrianus,
851 3479 932 3535 quam

985 3127 1024 3166 xv
1039 3111 1099 3167 Kal.
1116 3111 1179 3167 Maii
1201 3128 1251 3182 per
1274 3127 1384 3166 manum
1409 3111 1537 3184 Gregorii
1560 3108 1784 3174 nomenclatoris,

985 3199 1071 3267 missi,
1088 3208 1113 3254 et
1128 3199 1296 3269 apocrisiarii
1311 3208 1413 3275 spnotae
1427 3199 1501 3254 sedis
1515 3196 1680 3268 apostolicae,
1701 3195 1788 3265 impe·
1877 3219 1880 3223 ·

985 3296 1062 3342 rante
1078 3288 1177 3342 domno
1192 3286 1315 3357 piissimo
1326 3290 1449 3358 Augusto
1460 3286 1557 3341 carolo
1567 3286 1650 3340 aDeo
1658 3290 1787 3340 coronato

986 3391 1087 3446 magno
1110 3375 1283 3446 imperatore,
1311 3389 1383 3430 anno
1406 3375 1465 3443 eius
1488 3373 1601 3446 quinto,
1638 3370 1786 3428 indictione

988 3463 1077 3520 tertia.

700 3715 933 3800 ADRIANI
969 3716 1126 3800 PAPAE
1158 3715 1219 3799 ΙΙΙ

484 3885 617 3928 caterona
654 3886 690 3927 ιιι)
730 3888 882 3928 sacrsoouar
931 3885 1138 3928 nannonnrvssu

755 3995 845 4067 (Apud
864 3996 899 4050 D.
920 3997 1057 4068 Bouquet,
1077 3995 1156 4066 ibid.)

1187 3885 1436 3928 tncataalscoruu.

167 4204 278 4261 Maneat
294 4202 454 4259 Girbertum
468 4200 689 4257 Nemausensem
704 4202 863 4272 episcopam
876 4204 909 4256 nt
923 4200 1036 4256 nullo-m
1051 4201 1159 4269 inserat
1175 4199 1335 4255 molestiam
1349 4201 1521 4256 anonorterio
1535 4198 1629 4256 sancti
1642 4192 1754 4272 AEpidii.

170 4383 317 4434 Acamans
331 4377 487 4449 episcopus,
504 4393 601 4432 servus
615 4392 758 4433 servorum
774 4376 834 4443 Dei,
850 4393 929 4433 reve·
945 4376 971 4436 D
987 4374 1063 4432 cibus
1073 4376 1258 4447 oppressionis
1272 4392 1366 4432 eorum
1381 4377 1521 4433 materiam
1534 4377 1708 4449 relinquere:
1720 4379 1783 4450 quia

132 4466 289 4525 rentissimo
304 4474 330 4522 et
346 4465 517 4522 sanctissimo
541 4465 673 4537 Sigibodo
694 4465 865 4521 Narbonensi
888 4481 932 4520 ar·

133 4555 324 4627 chiepiscopo.

168 4642 313 4701 Sanctitati
327 4650 380 4699 tuae
394 4651 489 4699 notum
503 4659 565 4699 esse
579 4641 705 4698 volumus
719 4641 784 4714 quia
798 4629 933 4696 monaste-

133 4733 206 4788 rium
219 4731 305 4788 sancti
319 4730 429 4804 AEgidii,
448 4747 511 4788 cum
526 4729 650 4786 omnibus
674 4729 731 4784 suis
752 4729 932 4800 pertinentiis,

131 4820 187 4876 sub
201 4827 296 4876 nostra
309 4819 458 4891 apostolica
477 4827 610 4890 potestate
633 4817 773 4886 consistit,
798 4833 851 4872 uua
872 4833 935 4874 curn

111 4966 116 4974 ,
133 4910 227 4966 Leone
242 4907 371 4982 religioso
386 4908 485 4963 abbate
498 4915 525 4962 et
539 4907 679 4963 monachis
694 4906 779 4978 ipsius
794 4913 934 4962 monaste-

132 4998 169 5054 rii
186 5015 193 5052 :
209 4997 272 5052 ideo
286 5012 430 5053 monemus
445 4995 642 5052 fraternitatem
657 5001 775 5050 vestram
791 5003 817 5050 ut
834 4994 935 5051 Giber-

134 5093 195 5141 luin
218 5084 375 5157 episcopam
397 5086 612 5140 Nemausensem
627 5082 759 5138 moneatis
781 5090 810 5136 ut
834 5083 936 5137 nullam

134 5172 267 5239 forciam,
292 5172 448 5244 nullamque
473 5170 695 5227 contrarietatem
718 5178 744 5225 et
767 5169 868 5225 nullam
884 5185 936 5242 op-

134 5260 312 5333 pressionem
325 5260 416 5317 iacere
430 5268 579 5332 praesumat
592 5259 620 5313 in
635 5259 695 5329 ipso
709 5257 882 5328 monasterio,
891 5266 938 5313 aut

135 5350 165 5404 in
178 5349 332 5416 monachis,
349 5349 392 5405 vel
405 5349 432 5404 in
447 5347 557 5404 familiis
573 5347 641 5418 ejus,
657 5363 746 5419 neque
761 5346 817 5403 suis
841 5362 939 5420 sequa-

986 4463 1136 4520 ccrtissime
1158 4463 1247 4534 ipsum
1270 4465 1483 4533 monasterium,
1500 4481 1561 4522 eum
1577 4465 1702 4521 omnibus
1725 4465 1782 4521 suis

987 4552 1077 4621 rebus,
1093 4551 1144 4605 sub
1159 4550 1260 4607 ditione
1276 4560 1302 4608 et
1316 4560 1449 4624 potestate
1474 4554 1503 4608 B.
1526 4553 1597 4608 Petri
1619 4553 1736 4624 apostoli
1756 4561 1785 4609 at

987 4648 1078 4695 nostra
1092 4639 1226 4695 consistit.
1246 4642 1280 4696 Et
1294 4641 1452 4697 volumusut
1466 4641 1555 4697 eidem
1569 4640 1698 4712 episcopo
1708 4640 1784 4697 dicas

988 4737 1016 4782 ut
1030 4728 1120 4784 omnia
1135 4729 1253 4784 reddere
1268 4729 1374 4784 studeat
1397 4745 1458 4801 qua
1479 4729 1514 4784 ab
1537 4728 1597 4800 ipso
1618 4728 1784 4787 monasterio

988 4815 1106 4887 pervim
1121 4816 1240 4871 abstulit.
1258 4817 1292 4871 Et
1307 4816 1399 4872 sciatis
1413 4816 1474 4887 quia
1488 4815 1576 4887 ipsum
1590 4815 1785 4876 monasterium

988 4904 1017 4959 in
1035 4913 1167 4976 potestate
1181 4904 1279 4959 amelii
1303 4903 1454 4975 presbyteri
1475 4905 1530 4974 jam
1554 4905 1737 4962 concessimus
1751 4904 1787 4961 ad

989 4992 1187 5066 protegendum
1202 5000 1227 5047 et
1242 4992 1277 5047 ad
1291 4990 1502 5047 defendendum.
1526 4992 1560 5048 Et
1579 4992 1601 5051 si
1616 4993 1674 5065 ipse
1688 4993 1788 5050 Giber-

990 5088 1034 5136 tus
1049 5081 1193 5152 episeopus
1207 5079 1381 5151 acquiescere
1399 5078 1515 5136 noluerit
1529 5081 1630 5136 nostris
1649 5089 1675 5137 et
1689 5081 1788 5138 vestris

990 5168 1117 5234 monitis,
1149 5168 1240 5224 sciatis
1276 5168 1351 5222 illurn
1381 5184 1443 5224 esse
1470 5170 1731 5226 excommunicatum
1760 5176 1788 5226 et

992 5258 1150 5311 damnatum
1164 5255 1424 5327 inrecuperabiliter.
1438 5257 1493 5313 Vos
1506 5257 1541 5311 ila
1556 5257 1631 5330 agite
1644 5257 1724 5314 nauti
1737 5272 1790 5316 nos

992 5360 1042 5417 per
1056 5360 1105 5401 vos
1120 5343 1190 5401 bene
1204 5343 1376 5401 confidimus.
1392 5346 1466 5400 Bene
1480 5344 1579 5403 valete.
