3794 6104
178 243 230 297 939
815 230 962 290 JOANNIS
992 230 1089 284 PAPAE
1115 229 1187 284 VIII.
1779 226 1828 278 ato

180 363 328 421 emendare
343 363 435 429 vultis,
451 361 577 417 mandate
593 377 599 415 :
616 359 680 431 quia
699 374 764 424 nos,
780 358 838 413 Deo
850 358 971 426 juvante,
988 352 1143 414 Anominis
1165 353 1192 407 in
1216 350 1393 407 CbrIsticolas
1421 350 1635 423 debacchantur,
1652 355 1729 403 tanto
1751 348 1827 402 vebs

182 467 291 509 omnem
306 452 473 508 voluntatem
488 457 586 507 vestrae
601 447 779 504 correctionis
795 445 978 516 ImplebImns,
1028 442 1145 497 montius
1159 441 1333 503 accendatur,
1349 447 1449 511 quanto
1462 439 1571 494 illorum
1586 437 1723 509 pravitate
1734 434 1830 490 lamam

182 548 209 596 et
222 556 272 597 vos
286 541 378 596 anima
402 547 428 594 et
450 553 564 609 corpore
585 536 677 592 salvos
701 535 818 591 existere
837 535 978 605 cupientes
1028 530 1199 585 tuinominis
1220 530 1388 585 obfuscatam
1406 527 1490 583 fuisse
1514 526 1673 599 cognoscis,
1704 524 1829 596 qnoniam

181 643 294 686 censam
309 628 459 685 secundnm
473 628 559 682 Deum
573 626 701 681 ordInare
717 623 895 679 studebimus.
1028 617 1092 674 licet
1104 618 1180 673 credi
1195 617 1281 689 possit
1296 617 1378 689 quod,
1396 623 1422 670 te
1443 616 1563 682 nolente,
1579 614 1622 669 illi
1637 611 1828 686 navigantibus

1028 704 1200 772 insidientur,
1215 713 1306 761 tamen
1323 704 1454 776 quiante
1473 701 1618 774 comprlmi
1633 717 1720 774 posse
1734 700 1826 755 dicun·

482 767 675 823 CCCXXXW·
1029 801 1082 860 tur,
1104 793 1157 848 nisi
1179 809 1226 849 cos
1247 792 1453 864 compresseris,
1478 791 1605 847 innoxius
1630 806 1687 845 non
1712 788 1827 844 haberis.

299 872 335 912 an
356 870 554 912 rurnutroaant
582 870 617 909 nr
644 867 860 910 rurantrnrcnu.
1029 880 1164 951 scripum
1193 881 1293 953 quippe
1321 889 1362 936 es,
1386 897 1393 936 :
1415 878 1468 949 Qui
1496 878 1622 946 crimina,
1651 893 1719 934 cum
1745 883 1828 947 pom,

396 1031 401 1042 ,
439 945 547 1042 Isagm·
564 974 599 983 ““
613 945 675 1041 (ΑΨ
693 942 767 1040 ω’)
1029 969 1176 1025 emendare
1191 985 1246 1024 non
1260 969 1385 1041 corrigit,
1400 967 1460 1040 ipse
1473 966 1629 1024 committit.

215 1032 282 1087 Cum
299 1048 403 1087 reversi
418 1031 574 1096 fuissemus,
591 1045 682 1085 omnia
707 1030 798 1084 littora
820 1036 914 1083 nostra
929 1027 980 1081 de-

181 1119 305 1191 praedata
321 1120 402 1176 etiam
418 1127 444 1174 et
459 1120 486 1173 in
500 1119 602 1173 Fundis
612 1127 638 1173 ot
654 1119 682 1171 in
697 1117 854 1182 Terracina,
869 1114 980 1171 velutin
1207 1148 1210 1153 ·
1331 1091 1525 1147 CCCXXXIX·

180 1207 263 1263 domo
278 1208 389 1278 propria
402 1207 502 1262 multos
514 1208 666 1262 Saracenos
676 1206 830 1261 Invenimus
845 1204 977 1268 residere,
1073 1191 1110 1231 ΑΒ
1129 1191 1296 1232 ¹¹⁰⁵T¹¹⁰N¹¹¹
1314 1190 1554 1231 “⁸⁰⁸¹¹³¹'¹5⁰⁰¹'⁰¹
1573 1187 1789 1230 *mmm

180 1311 231 1367 pro
245 1296 344 1366 qulbus
359 1311 414 1350 non
439 1295 500 1366 plns
522 1311 602 1365 qnam
617 1295 736 1365 quinque
748 1293 844 1348 diebus
861 1293 888 1346 in
904 1292 980 1347 Urbe
1055 1304 1062 1311 ’
1270 1265 1381 1336 Ffflgm·
1397 1293 1432 1304 ··
1444 1265 1507 1334 (nn.
1524 1263 1592 1334 inc·)

183 1391 336 1449 manentes,
353 1383 478 1453 quamvis
500 1382 624 1452 corporis
647 1397 702 1436 non
722 1381 828 1436 modica
844 1380 980 1434 detincre·
1016 1353 1380 1426 16’Μ”ΜωῑθηθΡήυθῗυῗ
1403 1367 1516 1424 ‘Imm’
1535 1352 1596 1435 '‘if‘'
1613 1354 1761 1433 ”mrim
1783 1349 1828 1405 ὼ·

1065 1439 1158 1478 serere
1176 1426 1205 1478 et
1215 1422 1392 1488 adsecutum
1408 1439 1492 1479 suom
1508 1422 1605 1478 redire
1620 1422 1754 1477 volueret.

1065 1528 1137 1582 Attio
1159 1526 1334 1598 praesentinm
1359 1528 1438 1592 lator,
1462 1527 1525 1582 dum
1550 1527 1578 1581 in
1603 1533 1700 1581 nostro
1726 1524 1832 1581 servitia

1031 1613 1148 1670 fideliter
1171 1615 1327 1685 excubaret,
1351 1614 1496 1686 quemdam
1521 1613 1609 1669 virum
1630 1611 1760 1668 feminam
1783 1608 1832 1667 allu'

996 1703 1224 1774 Bdesponsatam
1248 1703 1369 1774 queritur
1392 1703 1525 1773 rapuisse.
1550 1701 1586 1757 Et
1600 1701 1664 1757 ideo
1682 1700 1833 1756 fraternitas

1033 1799 1087 1855 tua,
1114 1790 1273 1847 auctoritate
1296 1799 1390 1846 nostra
1414 1790 1532 1858 suffulta,
1557 1789 1753 1861 suffraganeos
1772 1803 1832 1844 snos

182 1487 243 1526 mur
265 1471 399 1536 molestia,
417 1469 548 1524 exivimus
562 1486 623 1525 cum
646 1468 771 1523 fidelibus
787 1468 896 1534 nostris,
914 1483 980 1538 quo·

182 1575 254 1623 rum,
271 1558 386 1613 Domino
402 1558 556 1626 adjuvante,
573 1557 706 1627 coepimns
720 1573 803 1614 naves
818 1556 979 1612 octodecim.

182 1645 312 1701 Saraceni
328 1661 393 1700 voro
403 1645 478 1699 multi
488 1644 573 1701 occisi
588 1653 660 1710 sunt,
678 1645 799 1715 captivos
815 1652 905 1698 autem
922 1643 979 1698 fere

183 1740 326 1789 sexcentos
348 1733 533 1788 liberavimus
560 1733 624 1787 ldco
646 1733 723 1787 vobis
745 1733 915 1787 venientibus
931 1749 981 1786 ne-

183 1837 261 1877 cesse
275 1820 353 1877 valde
368 1830 409 1875 est
423 1828 451 1875 ut
466 1821 564 1875 talisin
577 1821 713 1875 littoribus
728 1820 840 1874 marinis
855 1820 982 1875 fortitudo
1069 1880 1074 1889 ,
1322 1879 1327 1888 ,
1358 1880 1363 1888 ,
1614 1879 1619 1888 ,
1790 1878 1795 1888 ,
1825 1877 1830 1886 ,

181 1908 303 1965 virorum
327 1916 475 1974 remaneat,
507 1925 621 1979 quornm
644 1909 743 1964 virtute
771 1916 866 1964 nostra
892 1909 982 1964 omnia
1033 1895 1176 1950 ep¹s⁰⁰p⁰⁵
1200 1879 1571 1949 prae⁵⁹¹¹I¹³¹¹²⁰s⁶⁰¹¹V⁰⁰⁰¹3
1598 1895 1695 1949 ⁵¹⁰q¹¹⁸
1716 1893 1832 1932 mmm

182 1996 258 2051 salva
272 1997 431 2061 consistant,
448 2004 474 2051 et
493 2013 525 2051 ea
540 2014 600 2069 quae
615 1997 732 2052 necdum
742 1997 905 2069 ‘depraedata
922 2005 983 2052 sunt
1033 1968 1174 2065 seminum
1201 1968 1224 2021 si
1248 1983 1376 2037 ⁸9⁰⁰⁵³m
1399 1967 1462 2064 ΨΟ
1485 1973 1577 2036 ‘³9²⁰‘
1596 1981 1653 2021 ¹¹⁰⁰
1666 1963 1831 2064 ‚feffflideffit

1033 2062 1088 2110 tam
1103 2056 1175 2110 idem
1190 2070 1270 2126 quarn
1285 2063 1371 2125 rapte,
1388 2071 1411 2108 si
1433 2054 1467 2108 ad
1483 2068 1616 2125 sponsum
1630 2061 1777 2125 pristinum
1791 2069 1831 2108 re-

181 2082 242 2140 loca
258 2099 312 2139 non
326 2083 492 2155 praedentur.
1237 2144 1241 2153 ¹
1348 2143 1353 2153 ,
1497 2142 1502 2152 ‚
1610 2142 1615 2153 ⁸

1033 2158 1125 2199 meare
1139 2144 1264 2209 noluerit,
1281 2157 1355 2198 omni
1367 2156 1558 2198 communione
1573 2150 1730 2213 priventur.

491 2206 673 2263 CCCXXXV.

331 2309 367 2350 an
388 2309 592 2351 anmcaanrmt
612 2310 828 2352 rnenanrarcntt.
1371 2273 1493 2330 CCCXL·

422 2381 530 2455 Fragm.
548 2412 583 2424 —
597 2382 661 2454 (An.
678 2384 745 2453 inc.)
1083 2387 1119 2426 un
1139 2385 1289 2427 sioraonou
1306 2383 1546 2427 tacumnrscornu
1565 2384 1787 2427 nuaaorvnnsau.

216 2476 258 2533 Ad
277 2478 331 2533 hoc
354 2494 441 2550 nsque
460 2479 560 2533 malum
586 2479 671 2535 crevit
695 2487 721 2533 et
735 2479 915 2534 incrassatum
930 2486 982 2543 est,
1274 2460 1382 2533 ΜΒΝ·
1398 2490 1433 2500 ··
1447 2460 1510 2529 (ln.
1532 2459 1600 2530 inc·)

180 2573 210 2622 ut
232 2565 350 2622 factione
363 2566 527 2622 Ravennatis
547 2566 751 2638 archiepiscopi
765 2567 901 2622 Mancinus
923 2582 985 2621 cnrn
1084 2549 1122 2602 ⁰⁶
1132 2549 1422 2604 examinandafflm
1438 2549 1587 2619 “limam
1606 2547 1776 2621 llrssd’lftssfl·

106 2694 112 2708 .
182 2653 438 2725 aniscomplicibns,
457 2655 501 2726 qui
521 2655 745 2710 excommunicati
761 2662 787 2710 et
802 2655 985 2710 anathemati·
1071 2652 1247 2707 Praesentium
1278 2652 1428 2708 litterarum
1449 2651 1572 2725 gerulus,
1594 2653 1656 2708 sedi
1680 2654 1830 2725 apostolice

182 2743 236 2797 zati
259 2758 276 2797 a
301 2742 381 2797 nobis
393 2743 449 2811 jam
473 2750 545 2808 sunt,
569 2743 727 2799 Ravennam
743 2744 943 2816 Ingrederetur,
960 2752 986 2798 et
1035 2748 1223 2810 praesentatus,
1240 2757 1270 2795 se
1280 2741 1470 2811 presbyterum
1485 2757 1546 2796 esse
1561 2742 1682 2813 querula
1697 2750 1724 2796 et
1739 2743 1831 2798 nmen

181 2827 301 2884 fidebam
318 2838 471 2886 nostrornm
487 2846 532 2885 res
546 2846 610 2885 cnm
635 2831 675 2885 eis
699 2831 818 2887 funditus
832 2840 986 2902 raperetac
1036 2827 1112 2882 tabili
1135 2844 1202 2883 voce
1224 2829 1368 2899 perhibuit,
1395 2837 1421 2884 et
1442 2845 1457 2882 a
1481 2829 1615 2884 sanctitati
1637 2839 1694 2885 tuae
1712 2831 1831 2899 subjecte

183 2915 350 2983 devastaret,
368 2917 438 2972 adeo
461 2926 490 2972 ut
505 2917 596 2973 claves
619 2918 736 2973 civitatis
748 2920 885 2976 Ravenna
900 2936 915 2973 a
931 2921 985 2975 Ve-
1037 2916 1188 2971 dioeceseos
1203 2917 1339 2987 episcopis
1354 2916 1388 2971 ab
1404 2916 1493 2973 officio
1507 2917 1716 2988 presbyteratus
1730 2935 1831 2989 suspen

184 3003 298 3059 starario
319 3011 416 3060 nostro
442 3005 576 3060 violenter
600 3007 769 3062 subtraheret
792 3014 818 3062 et
839 3023 889 3078 pro
909 3007 985 3062 libitu
1000 3051 1024 3114 G
1037 3021 1107 3070 snm,
1123 3013 1150 3058 et
1163 3004 1222 3058 aliis
1245 3005 1405 3077 quibusdam
1420 3004 1547 3076 epitimiis
1565 3006 1707 3078 usquead
1724 3007 1831 3077 speciale

186 3106 245 3158 sno,
261 3091 398 3147 nescimus
413 3093 490 3161 cujus
512 3093 679 3159 anctoritate,
696 3095 748 3165 lpsi
768 3095 983 3166 archiepiscopo,
1032 3091 1165 3160 judicium
1180 3100 1302 3147 nostrum
1319 3093 1501 3162 submissum,
1518 3109 1569 3164 pro
1583 3109 1617 3148 eo
1641 3095 1727 3166 qnod,
1744 3095 1829 3166 inqiut,

185 3179 255 3250 qnod
273 3195 413 3252 nunquam
437 3178 539 3236 factum
559 3179 642 3236 fuisse
667 3181 806 3254 recolitur,
823 3184 986 3254 potestative
1035 3179 1105 3235 facto
1121 3181 1242 3244 tumultu,
1260 3180 1371 3251 quidam
1396 3198 1425 3237 se
1446 3181 1661 3252 apprehensum,
1687 3191 1715 3238 et
1736 3199 1752 3237 a
1770 3191 1831 3238 term

185 3268 362 3324 concederet.
1037 3267 1154 3323 brachiis
1170 3269 1350 3337 sublevatum,
1366 3268 1395 3322 in
1405 3269 1542 3340 proprium
1558 3269 1673 3325 fratrem
1687 3270 1751 3326 forti
1762 3272 1832 3340 jacta

489 3338 683 3396 CCCXXXVI·
1036 3356 1106 3411 verit
1129 3356 1241 3426 impetu,
1266 3364 1295 3410 nt
1318 3357 1391 3412 idern
1405 3372 1554 3428 germanus
1575 3374 1643 3413 suns
1667 3360 1735 3414 tanti
1750 3360 1831 3430 operis

497 3441 533 3482 *⁰
548 3442 675 3483 mm·
1037 3443 1108 3499 male
1124 3442 1188 3516 [leg.
1204 3444 1332 3514 ponderis
1347 3444 1429 3518 malo]
1440 3444 1572 3517 impulsus
1587 3447 1729 3503 interram
1747 3449 1829 3515 ruerit,

418 3512 527 3586 Ffadm·
548 3544 583 3556 ··
604 3519 667 3584 (nn.
690 3515 757 3584 luc.)
1037 3541 1065 3588 et
1078 3540 1230 3603 prostratus
1244 3539 1323 3604 atque
1338 3548 1485 3604 oppressus
1508 3535 1570 3589 vitae
1592 3534 1688 3590 flatum
1710 3536 1833 3591 vlolenter

220 3615 361 3692 Siquidem
380 3632 442 3673 curn
458 3620 557 3675 virtute
573 3620 632 3689 Dei,
649 3620 747 3676 melius
758 3638 838 3693 quam
851 3621 985 3687 Naletam,
1038 3620 1168 3675 amiserit.
1185 3620 1307 3692 Denique
1321 3620 1359 3675 llli
1374 3621 1515 3677 reverendi
1529 3623 1676 3689 antistites,
1702 3640 1766 3680 curn
1779 3625 1831 3689 sibl,

195 3722 250 3778 pne
263 3714 357 3760 nostra
372 3714 433 3761 sunt
448 3706 626 3763 defendemus
642 3716 668 3764 et
689 3708 796 3764 illorum
811 3710 838 3764 in
853 3710 926 3766 nullo
940 3727 988 3781 pe·
1038 3715 1067 3762 nt
1081 3707 1132 3762 iste
1152 3709 1250 3773 retulit,
1274 3723 1318 3762 res
1341 3708 1369 3762 in
1390 3709 1502 3764 dubium
1525 3710 1643 3780 veniret,
1660 3720 1752 3767 utrum
1767 3723 1834 3768 coru·

190 3793 262 3848 nitus
284 3793 449 3864 indigemus,
477 3795 624 3851 dromones
648 3796 773 3852 videlicet
796 3814 857 3853 cum
881 3799 988 3854 catoris
1038 3796 1123 3852 misso
1144 3796 1194 3850 sibi
1215 3797 1317 3850 dudum
1340 3810 1433 3852 carcre
1455 3813 1552 3865 necne,
1577 3800 1689 3869 penitus
1704 3800 1833 3856 debuisset

189 3880 307 3936 navibus
322 3889 523 3950 construentes,
549 3890 576 3937 et
591 3892 689 3939 caetera
703 3901 770 3940 vasa
785 3885 883 3942 bellica
897 3896 923 3942 ct
938 3904 988 3958 ap·
1038 3884 1136 3950 ofllcio,
1153 3900 1207 3939 non
1223 3885 1274 3955 ipsi
1290 3887 1361 3941 hanc
1376 3885 1537 3954 deliberare,
1555 3888 1606 3942 sed
1621 3898 1720 3945 nostro
1735 3888 1834 3946 decerni

190 3975 312 4038 paratus,
334 3968 398 4039 quin
413 3968 503 4038 potius
519 3979 545 4025 et
560 3971 634 4040 ipsos
648 3973 753 4026 animos
764 3973 902 4028 hominnm
917 3992 989 4045 prae-
1039 3980 1065 4027 et
1081 3971 1190 4026 diffiniri
1201 3972 1304 4040 judicio
1319 3972 1473 4030 voluerunt.
1491 3975 1546 4030 Sed
1560 3983 1626 4032 tunc
1641 3979 1694 4033 boc
1714 3979 1834 4034 solemni·

190 4062 329 4124 parantes,
346 4063 371 4110 et
387 4056 520 4111 adversus
539 4058 651 4113 hostiles
665 4059 790 4115 incursus
804 4061 990 4118 lodesinenter
1039 4068 1080 4115 ter
1095 4069 1218 4132 agerent,
1236 4061 1259 4114 si
1273 4061 1391 4132 primum
1402 4062 1453 4133 ipsi
1464 4062 1599 4134 plenario,
1612 4072 1640 4120 et
1651 4081 1685 4120 ex
1695 4066 1834 4122 canonibus

193 4149 343 4198 armantes.
1040 4147 1067 4202 in
1084 4163 1163 4203 cansa
1178 4148 1331 4219 presbyteri
1346 4149 1473 4220 delegato
1484 4150 1606 4220 judicio,
1624 4161 1746 4224 quatuor
1759 4155 1834 4224 depu-

492 4233 697 4291 CCCXXXVII.
1042 4236 1103 4291 tatis
1118 4251 1154 4291 ex
1169 4237 1332 4292 venerandis
1346 4237 1464 4293 decretis
1477 4247 1505 4293 et
1514 4239 1623 4310 legibus
1640 4242 1767 4311 personis
1780 4257 1835 4312 pre

503 4335 539 4376 nn
555 4338 680 4380 ananan.
1043 4324 1174 4390 sontibus,
1192 4325 1262 4380 banc
1277 4324 1453 4380 ventilassent
1463 4335 1488 4381 et
1499 4327 1591 4383 subtili
1604 4330 1734 4385 exantine
1744 4330 1837 4385 dacus·

426 4408 536 4480 Fragm.
558 4441 592 4452 -
611 4414 674 4483 (An.
695 4413 762 4483 inc.)
1005 4398 1158 4477 Dslssent;
1175 4419 1203 4466 nt
1218 4412 1253 4466 ita
1269 4412 1339 4468 lacta
1354 4413 1454 4484 scripto
1469 4415 1612 4485 relatione,
1626 4416 1650 4471 si
1661 4418 1835 4489 quiddannm

200 4496 323 4551 Excusat
338 4497 475 4552 Ioannem
494 4500 654 4571 episcopum
672 4505 809 4558 removeri
823 4503 855 4558 dc
875 4503 991 4560 militia.
1043 4500 1094 4554 sibi
1109 4516 1156 4554 seu
1172 4498 1280 4555 difficile
1293 4500 1443 4572 ingessisse
1457 4502 1612 4571 videretur,
1627 4515 1754 4561 nostrum
1767 4520 1836 4576 super

312 4585 390 4649 [tpun
401 4587 487 4650 (trad,
503 4589 576 4640 ltccr.
591 4602 620 4651 u,
630 4603 654 4641 o.
666 4592 708 4654 23,
722 4604 747 4653 q.
761 4593 786 4654 8,
800 4605 823 4642 c.
839 4593 876 4655 t.]
1042 4587 1093 4641 hoc
1108 4603 1183 4643 more
1198 4588 1290 4659 prisco
1301 4589 1438 4645 decretum
1454 4601 1643 4661 exposcerent.
1656 4597 1692 4648 At
1708 4595 1753 4649 ubi
1768 4593 1836 4648 nobis

230 4683 349 4739 Nimium
365 4685 415 4758 [ag
436 4687 572 4760 nimirum]
588 4698 663 4745 certe
685 4700 800 4759 ,gregum
824 4700 851 4748 et
862 4694 923 4761 ju„
938 4693 993 4750 so„
1042 4684 1069 4728 et
1084 4691 1199 4745 persona
1221 4675 1346 4731 relatoris
1361 4677 1506 4750 incognita,
1524 4688 1550 4734 et
1565 4680 1642 4735 nullo
1657 4682 1835 4752 episcoporum

195 4771 278 4826 midat
297 4781 392 4828 contra
416 4775 612 4845 professionem
636 4779 677 4831 sui
708 4780 808 4833 ordinis
835 4781 993 4837 saecularem
1042 4763 1143 4832 8θΓῙΡῑθ
1167 4765 1367 4819 ⁰⁰¹¹¹me¹¹d⁸fi⁰
1392 4766 1541 4836 ξι91)Γοὺὶὶιιι
1561 4776 1615 4833 ‘³⁸²2
1640 4777 1667 4823 θῑ
1692 4766 1835 4824 ffllSllSubi

194 4859 317 4914 militiam
342 4877 468 4917 exercere
491 4881 497 4916 :
523 4871 623 4920 terram
649 4866 806 4934 defendere,
830 4869 864 4923 de
892 4871 993 4940 praeliis
1041 4849 1116 4904 ”⁰¹¹³
1136 4859 1178 4905 ⁹⁸²
1200 4853 1367 4907 ³⁰⁰¹¹³³²⁰si³
1390 4854 1516 4922 ⁰bl⁰⁰⁸isb
1544 4871 1596 4911 ¹¹⁸⁰
1619 4843 1741 4913 ammi
1756 4866 1834 4912 “⁸¹⁰⁵

195 4955 319 5014 tractare,
337 4949 372 5004 de
386 4951 469 5005 armis
484 4958 599 5008 verrenae
613 4955 753 5024 potespags
768 4965 819 5012 es„
1042 4937 1188 5003 confessio,
1200 4955 1251 4995 nec
1260 4939 1381 4995 fidelium
1391 4942 1575 5012 comprobatio
1592 4945 1714 5012 testium,
1731 4962 1780 5002 nos
1793 4957 1836 4998 nec

1040 5025 1112 5080 illius
1128 5026 1211 5081 solius
1235 5027 1382 5084 narrationi
1406 5030 1510 5084 creduli
1531 5046 1593 5086 esse
1614 5048 1778 5103 possumus,
1793 5046 1834 5087 nec

1041 5128 1136 5168 rursus
1158 5114 1186 5168 in
1209 5130 1272 5169 eum
1295 5114 1460 5172 definitivam
1482 5118 1665 5176 damnationis
1687 5122 1834 5179 sententiam

331 5179 369 5223 *Β
387 5182 555 5226 ὓθωθιΕΙ
574 5186 667 5227 ”Ilm
685 5189 851 5231 ⁰²⁰¹l¹⁰⁸⁰¹ffl
1041 5200 1162 5271 proferre
1178 5203 1308 5258 valemus.
1325 5206 1401 5277 Ergo
1416 5204 1511 5260 saltem
1531 5223 1604 5263 nunc
1619 5207 1775 5266 fraternitas
1788 5217 1833 5273 tua,

433 5257 542 5331 Ffflgm·
559 5289 593 5301 ··
608 5261 676 5327 ΗΜ·
697 5264 755 5333 an·)
797 5279 803 5288 “
984 5303 989 5309 “
1040 5289 1239 5359 metropolitani
1251 5291 1311 5360 Jure
1325 5293 1419 5363 potita,
1436 5309 1469 5348 ex
1485 5294 1623 5367 episcopis
1638 5297 1835 5370 subsedegen·

230 5356 365 5415 Praeterea
379 5360 532 5419 devotionis
550 5372 604 5422 tuse
625 5368 742 5423 studium
761 5370 945 5439 exhortamur,
963 5378 991 5427 ut
1039 5375 1107 5432 tium
1122 5377 1166 5433 vel
1180 5378 1329 5435 vicinorum
1340 5397 1398 5446 sex,
1412 5397 1467 5437 una
1481 5397 1543 5438 cum
1554 5384 1699 5457 episcopo,
1714 5387 1788 5455 cujus
1800 5392 1837 5439 est

194 5450 289 5499 contra
309 5446 428 5504 marinos
454 5451 632 5524 latrunculos,
656 5454 702 5526 qtu'
725 5457 775 5512 sub
799 5467 932 5529 pretextu
952 5460 991 5516 tui
1039 5461 1091 5521 iste
1113 5465 1250 5537 pmceciae,
1274 5468 1327 5524 albi
1350 5468 1470 5539 socians,
1494 5477 1600 5529 tanturn
1620 5474 1733 5546 negotio
1755 5470 1835 5530 subtili

484 5081 702 5141 cccxxxviii.
