3794 6104
117 205 173 288 ros
626 180 1302 261 rrmcxxnrnnnxnnsrsancnrnriscorr.
1717 202 1770 256 ns

121 326 252 382 instituta
267 334 349 398 atque
364 323 487 393 firmatae,
514 342 568 382 non
590 327 682 383 licebit
704 326 789 396 judici
808 327 842 382 dc
855 326 922 401 ipsis
935 328 964 388 A
974 333 1014 381 tes
1025 335 1134 383 nostras
1144 327 1266 398 ejusdem
1276 326 1398 383 remedio
1408 323 1625 396 dispensationis
1636 324 1777 380 excubias.

118 415 254 485 judicare,
266 414 315 471 sed
326 415 476 472 secundum
486 416 571 487 ipsas.
582 416 711 472 Conditor
722 423 812 472 tamen
830 415 922 490 legum
973 416 1007 470 Et
1020 416 1082 471 lieet
1095 416 1130 471 de
1146 415 1260 489 singulis
1275 431 1329 472 non
1345 414 1470 487 indigeas
1484 412 1605 480 edoceri,
1623 428 1638 468 a
1654 429 1710 485 quo
1721 413 1777 482 jam

122 504 325 576 temporalium,
342 505 365 559 si
378 505 419 561 vir
429 505 517 561 bouus
527 514 568 560 est
579 512 604 560 et
615 505 735 576 sapiens,
750 505 825 561 illam
836 506 922 577 ipsam
973 504 1147 576 probavimus
1162 504 1266 561 acutius
1288 504 1416 558 universa
1435 503 1548 571 servari,
1566 501 1673 575 gratius
1688 509 1777 557 tamen

124 593 241 650 consulit
251 602 392 660 aeternam,
405 594 438 648 de
450 609 503 665 qua
513 594 580 648 nulli
591 594 689 649 animae
695 594 821 663 judicare
829 595 923 650 datum
974 609 1035 648 esse
1051 593 1129 659 solet,
1147 593 1170 648 si
1184 593 1261 648 ituris
1276 599 1376 648 trames
1391 591 1553 658 ostenditur,
1570 599 1597 646 et
1613 590 1775 646 laboraturis

123 690 174 748 est,
190 690 219 736 ut
234 683 383 738 secundum
398 683 458 751 ejus
468 682 704 738 incommutabiles
720 683 840 756 regulas,
858 683 922 755 quid
974 680 1084 750 injuncti
1105 682 1196 753 operis
1220 680 1310 737 forma
1333 688 1509 736 monstratur.
1536 681 1670 735 Paternus
1694 678 1775 750 igitur

120 772 155 826 sit
170 787 220 842 pro
246 777 367 842 tempore
387 771 539 841 jubendum
557 772 757 843 vetandumque
772 772 921 828 discernat.
974 770 1095 844 regulas,
1112 778 1139 825 et
1153 771 1265 826 decreta
1280 769 1459 827 sanctissimis
1473 767 1586 824 diffinita
1601 767 1727 825 concibis
1741 768 1773 822 ab

121 861 259 915 AEteruam
273 859 356 930 igitur
370 859 461 932 legem
474 860 584 915 mundis
595 859 693 915 animis
709 860 749 915 fas
764 868 805 916 est
820 876 923 934 cogno·
974 859 1100 914 omnibus
1124 860 1260 914 servanda
1280 859 1450 914 mandamus.
1475 860 1504 912 ln
1535 858 1577 912 bis
1603 857 1772 931 vigilantiam

120 962 208 1014 scere,
221 948 343 1017 judicare
358 963 413 1003 non
427 947 468 1003 fas
484 957 535 1004 est.
556 970 567 998 a
974 956 1058 1016 tuam,
1075 948 1102 1003 in
1118 948 1160 1002 his
1175 964 1268 1004 curam
1284 957 1310 1003 et
1325 947 1450 1003 fraternae
1461 947 1562 1003 monita
1577 945 1773 1002 exhortationis

154 1036 202 1091 Xl.
218 1036 301 1106 Cujus
321 1037 485 1099 sententiam
508 1047 534 1092 et
559 1038 654 1094 beatus
680 1037 805 1094 Gelasius
821 1037 923 1094 confrr-
974 1036 1152 1093 ostendimus.
1170 1037 1217 1091 llis
1232 1053 1274 1101 ea,
1300 1045 1401 1108 quanta
1425 1036 1537 1108 dignum
1552 1043 1604 1101 est,
1620 1035 1773 1090 reverentia

117 1133 174 1181 mat
187 1125 216 1180 in
229 1125 348 1182 decretis
363 1127 399 1181 ad
413 1127 558 1197 episcopos
573 1143 623 1197 per
639 1127 805 1182 Dardaniam
821 1129 924 1184 consti·
975 1125 1126 1195 custoditis,
1157 1125 1261 1180 nullum
1290 1126 1417 1197 relinquit
1445 1125 1532 1196 culpae
1553 1124 1645 1180 locum
1676 1132 1775 1179 sancta

119 1222 201 1281 tutos,
218 1214 313 1270 dicens
327 1215 422 1287 (epist,
438 1220 465 1280 Ξ,
482 1215 533 1269 sub
553 1216 671 1286 initium)
689 1233 696 1271 τ
715 1237 726 1266 ι
744 1214 923 1283 confidimus,
975 1214 1174 1271 observationis
1198 1214 1377 1271 obstaculum.
1407 1214 1447 1268 lbi
1472 1212 1513 1269 fas
1540 1212 1676 1284 nefasque
1704 1229 1774 1283 pra·

117 1303 192 1374 quod
223 1303 315 1359 nullus
344 1304 402 1372 jam
434 1304 569 1359 veraciter
603 1304 772 1370 Christianus
804 1305 923 1378 ignoret,
976 1304 1108 1375 scripturn
1123 1311 1175 1369 est,
1192 1303 1228 1357 ibi
1240 1303 1417 1374 prohibitum,
1434 1303 1468 1357 ad
1484 1302 1557 1374 quod
1570 1301 1664 1357 nullus
1679 1301 1774 1357 audeat

117 1392 198 1447 unius
214 1392 346 1464 cujusque
362 1392 460 1463 synodi
471 1392 657 1460 constitutum,
671 1393 744 1466 quod
759 1393 925 1450 universalis
977 1393 1118 1463 aspirare,
1148 1392 1185 1447 ibi
1213 1408 1373 1449 concessum
1403 1390 1467 1464 quid
1496 1390 1595 1446 debeat
1621 1406 1704 1445 mens
1721 1391 1774 1445 Deo

118 1479 250 1536 Ecclesiae
273 1480 399 1550 probavit
421 1497 561 1547 assensus,
588 1482 693 1537 nullam
708 1482 797 1555 magis
813 1482 927 1554 exsequi
978 1481 1112 1553 placitura
1127 1497 1303 1552 presumere.
1321 1480 1433 1551 Quoties
1457 1481 1592 1535 universae
1606 1479 1696 1551 poscit
1711 1479 1774 1534 reli-

118 1568 214 1623 sedem
237 1584 295 1639 prae
319 1568 425 1624 caeteris
448 1577 576 1641 oportere
596 1586 679 1643 quam
712 1571 840 1643 primam,
868 1588 929 1643 quae
978 1570 1067 1645 gionis
1082 1586 1166 1625 eausa
1190 1569 1344 1634 concilium,
1369 1577 1394 1624 te
1418 1569 1506 1625 cuncti
1522 1568 1623 1623 fratres
1647 1576 1774 1624 evocante

120 1672 340 1729 unamquamque
360 1658 495 1728 synodum
514 1666 541 1714 et
560 1673 610 1714 sua
629 1659 794 1716 auctoritate
822 1659 924 1716 contir-
938 1684 966 1744 B
978 1659 1142 1715 conveniant
1158 1677 1165 1714 z
1181 1659 1242 1715 etsi
1258 1675 1326 1730 quos
1342 1674 1437 1714 eorum
1456 1658 1581 1730 specialis
1596 1657 1702 1729 negotii
1716 1657 1775 1728 pul·

120 1752 187 1811 mat,
212 1754 239 1800 et
264 1746 419 1802 continuata
442 1748 627 1805 moderatione
647 1749 783 1817 custodit,
804 1767 855 1822 pro
875 1767 925 1807 suo
977 1757 1018 1803 sat
1034 1748 1155 1815 intentio,
1169 1747 1261 1820 jurgia
1277 1747 1347 1802 inter
1369 1763 1417 1803 eos
1439 1747 1536 1803 oborta
1555 1762 1714 1818 compesce,
1734 1746 1775 1801 di-

121 1833 225 1891 scilicet
245 1835 409 1907 principatu,
431 1851 513 1908 quem
536 1837 632 1892 beatus
661 1839 758 1894 Petrus
785 1839 925 1911 apostolus
976 1853 1070 1892 seussa
1084 1852 1162 1893 saera
1178 1836 1239 1909 lege
1249 1835 1457 1891 determinando
1467 1834 1627 1891 certamina.
1641 1833 1775 1906 Quidquid

121 1922 229 1979 Domini
245 1939 313 1980 voce
328 1932 498 1995 perceptum,
523 1925 647 1983 Ecclesia
661 1927 839 1984 nihilominus
862 1929 926 1983 sub·
976 1933 1066 1981 autem
1090 1925 1145 1981 illic
1172 1941 1222 1996 pro
1250 1922 1303 1980 fide
1332 1932 1358 1979 et
1386 1924 1497 1979 veritate
1525 1924 1712 1990 constitutum,
1737 1938 1776 1990 rel

122 2019 264 2083 sequente,
281 2019 307 2067 et
322 2013 408 2068 tenuit
422 2030 541 2085 semper,
552 2023 578 2070 et
593 2015 703 2072 retinet.
724 2018 782 2071 »Et
797 2017 925 2088 Symma-
975 2014 1087 2085 provida
1101 2013 1304 2085 dispensatione
1325 2021 1502 2084 praeceptum,
1527 2012 1571 2069 rel
1586 2028 1713 2083 personae
1727 2026 1775 2066 no·

120 2101 188 2156 chus
214 2116 287 2172 papa
318 2101 352 2156 ad
380 2102 530 2158 Caesarium
555 2104 743 2160 Arelatensem
767 2105 927 2177 episcopum
976 2110 1040 2159 strae
1067 2103 1225 2159 auctoritate
1252 2101 1335 2157 tuerit
1365 2101 1578 2167 confirmatum,
1609 2109 1715 2169 totum,
1742 2101 1775 2157 ad

120 2191 213 2262 (epist.
232 2189 321 2260 tt):«
342 2191 514 2247 Ilationabile
534 2201 574 2248 cst
594 2201 623 2247 ut
643 2202 739 2249 sancta
758 2194 926 2250 Arelatensis
976 2191 1118 2248 scientiam
1152 2199 1275 2246 nostram
1317 2191 1448 2246 instructa
1481 2189 1623 2245 relationis
1666 2197 1776 2244 attesta-

118 2278 245 2334 Ecclesia
262 2279 382 2350 propriis
393 2280 545 2353 privilegiis
557 2281 727 2352 perfruatur,
745 2291 770 2337 et
787 2284 861 2355 quod
877 2300 925 2338 re·
975 2281 1048 2336 tione
1067 2280 1218 2351 perveniat.
1244 2281 1284 2335 llo
1311 2279 1340 2333 fit
1364 2288 1391 2334 ut
1414 2287 1440 2334 et
1459 2286 1552 2335 noster
1571 2278 1680 2333 animus
1700 2277 1777 2335 officii

118 2372 205 2421 tustas
216 2367 350 2437 praestitit,
368 2376 394 2423 et
404 2369 515 2423 Patrum
526 2370 673 2426 auctoritas
685 2370 834 2437 roboravit,
854 2388 926 2427 nova
977 2369 1110 2426 charitate
1126 2367 1200 2436 dati,
1217 2375 1243 2423 et
1258 2376 1320 2423 tuns
1331 2367 1477 2424 securitate
1491 2367 1650 2437 perfruatur
1664 2366 1777 2438 accepti.

119 2469 174 2510 non
189 2454 270 2510 debet
285 2455 388 2512 violare
412 2458 607 2530 praesumptio:
621 2459 660 2516 sic
678 2469 780 2528 tamen,
799 2469 827 2515 ut
842 2470 925 2517 carte·
976 2459 1090 2513 Deusta
1106 2457 1269 2514 incolumem
1285 2456 1428 2522 custodiat,
1446 2455 1531 2512 frater
1545 2456 1721 2512 charissime.
1739 2476 1751 2506 ι

118 2551 210 2598 tarum
226 2544 412 2601 Ecclesiarum
436 2546 581 2620 privilegia
606 2549 775 2621 temporibus
790 2550 925 2620 acquisita
1011 2547 1072 2601 Xll.
1088 2546 1122 2600 Et
1138 2555 1248 2602 sanctus
1272 2546 1422 2618 Gregorius
1444 2545 1472 2600 in
1495 2544 1610 2616 epistola
1635 2545 1670 2599 ad
1684 2545 1776 2617 Virgi-

118 2648 174 2688 non
188 2632 312 2702 titubent,
329 2633 463 2706 quianon
479 2644 709 2709 potestexparte
726 2636 835 2693 firmum
852 2655 923 2706 esse,
975 2635 1040 2690 lium
1063 2635 1252 2690 Arelatensem
1276 2634 1434 2706 episcopum
1456 2635 1515 2706 (tlt.
1542 2650 1579 2698 tv,
1606 2636 1691 2706 epist.
1708 2634 1776 2703 bill:

119 2721 193 2793 quod
209 2723 396 2794 generalitatis
407 2724 492 2797 tangit
503 2725 640 2794 injuriam.
653 2728 826 2782 blauentibus
841 2728 925 2799 siqui·
979 2747 989 2773 x
1007 2723 1180 2778 Fraternitati
1195 2731 1257 2787 tuae,
1283 2723 1378 2795 inquit,
1406 2723 1480 2779 vices
1502 2729 1612 2778 nostras
1634 2722 1662 2776 in
1678 2721 1776 2778 Eccle-

119 2810 184 2866 dem
193 2811 238 2866 bis
247 2829 308 2884 quaa
320 2813 430 2868 l’atrum
440 2813 586 2869 constituta
595 2814 711 2888 singulis
722 2816 853 2872 Ecclesiis
863 2832 927 2872 con·
976 2813 1023 2866 siis
1040 2829 1101 2884 quae
1117 2813 1168 2866 sub
1183 2828 1270 2885 regno
1286 2820 1348 2867 sunt
1368 2809 1613 2883 precellentissimi
1627 2808 1677 2865 filii
1690 2810 1777 2866 nostri

119 2907 270 2966 cesserunt,
288 2900 460 2956 decernimus
477 2903 718 2975 utcireaea,quae
732 2905 860 2961 taminG
889 2905 926 2960 lia
975 2901 1151 2966 Cbildeberti,
1175 2901 1251 2969 juxta
1274 2901 1413 2972 antiquum
1454 2915 1559 2955 morem
1586 2901 1646 2956 Deo
1664 2907 1777 2957 auctore

120 3003 203 3059 quam
233 2987 260 3042 iu
285 2989 416 3060 Hispania
439 2990 587 3060 provinciis
611 2992 645 3046 de
675 3008 758 3048 causa
781 2993 878 3065 religio
901 2995 922 3049 's
976 2989 1179 3045 committimus.
1197 2989 1318 3063 Singulis
1332 2989 1467 3061 siquidem
1480 2988 1662 3060 metropolitis
1677 3004 1776 3045 secuu-

119 3075 301 3144 emerscrint,
329 3077 440 3133 solertia
465 3087 519 3135 tuae
548 3079 723 3136 fraternitatis
750 3081 883 3154 invigilet.
907 3105 919 3134 ι
936 3042 1038 3134 Cdum
1051 3079 1173 3150 priscam
1188 3078 1413 3134 consuetudinem
1428 3078 1539 3149 proprio
1556 3078 1662 3133 bonore
1678 3092 1777 3133 serva·

118 3166 151 3220 Et
173 3172 235 3235 post
253 3165 394 3237 aliquanta
414 3184 421 3221 :
445 3189 456 3218 ι
478 3168 566 3240 lgitur
589 3169 819 3241 quemadmodum
839 3187 922 3243 supra
972 3176 1008 3234 to,
1029 3168 1142 3241 pallium
1158 3183 1266 3239 qnoque
1291 3167 1517 3223 transmissimus.
1537 3188 1549 3217 r
1570 3166 1603 3221 Ei
1619 3166 1648 3221 in
1663 3165 1781 3238 epistola

118 3252 244 3322 diximus,
260 3270 310 3325 per
328 3254 450 3328 singulas
467 3256 606 3313 Ecclesiae
624 3257 766 3324 beneficia,
783 3277 844 3331 quae
860 3268 922 3314 sunt
971 3257 1006 3312 ad
1043 3258 1216 3313 Dominioum
1251 3256 1494 3328 Carthaginensem
1537 3256 1777 3327 archiepiscopum

118 3341 165 3397 diu
181 3343 325 3409 custodita,
344 3353 498 3400 serventur.
513 3366 524 3396 r
537 3346 572 3400 Et
581 3346 644 3402 hinc
655 3356 767 3404 sanctus
777 3348 922 3404 llormisda
972 3345 1032 3417 (lib.
1050 3361 1087 3411 xt,
1103 3348 1186 3417 epist.
1202 3345 1248 3416 39)
1265 3363 1272 3398 :
1289 3346 1328 3400 Dc
1343 3344 1549 3413 ecelesiasticis,
1566 3344 1672 3415 inquit,
1689 3343 1776 3416 privi-

118 3429 145 3484 in
160 3430 276 3502 epistola
300 3433 335 3486 ad
359 3432 469 3488 beatum
493 3435 648 3506 Remigium
672 3437 838 3491 lllremorum
861 3437 922 3507 epi·
972 3434 1053 3507 legiis
1068 3435 1141 3506 quod
1156 3444 1246 3490 vestra
1260 3433 1417 3489 fraternitas
1436 3434 1538 3500 scribit,
1553 3434 1607 3489 boc
1623 3434 1777 3505 postposite

119 3535 233 3591 scopum
248 3520 367 3592 scripsit,
383 3521 478 3578 dicens
491 3540 520 3578 :s
539 3523 723 3580 Dilectissimo
737 3523 816 3580 fratri
830 3524 922 3581 Remi·
972 3523 1139 3580 dubitatione
1163 3531 1263 3589 teneat,
1288 3523 1361 3594 quia,
1387 3523 1457 3579 sicut
1472 3530 1564 3578 nostra
1583 3521 1774 3591 defendimus,

119 3606 166 3680 gio
185 3608 339 3667 Hormisda.
366 3609 552 3682 suscipientes
571 3612 651 3683 plena
669 3612 847 3669 fraternitatis
869 3621 922 3670 tua
972 3612 1010 3667 ita
1025 3612 1140 3685 singulis
1156 3612 1308 3683 quibusque
1323 3611 1454 3668 Ecclesiis
1478 3628 1527 3666 sua
1543 3611 1606 3680 jura
1621 3627 1775 3668 servamus.

119 3698 356 3770 congratulatione
371 3699 527 3773 colloquia,
545 3702 644 3772 quibus
659 3718 710 3757 nos
725 3718 924 3775 germanaesa·
968 3696 1027 3752 Nec
1044 3696 1155 3752 cuilibet
1191 3696 1297 3752 favente
1327 3697 1432 3768 gratia
1447 3696 1517 3752 ultra
1547 3710 1630 3767 qnam
1654 3704 1776 3752 meretur

118 3784 183 3840 lutis
198 3794 251 3842 tuae
266 3785 411 3843 laetiticavit
434 3787 535 3844 iudicio
559 3789 697 3860 corporali
710 3806 771 3845 eum
794 3791 922 3862 spiritua·
973 3783 1123 3855 impartior,
1150 3799 1199 3840 nec
1218 3783 1265 3838 ulli
1287 3784 1338 3839 1¹00
1361 3785 1435 3855 tl¹¹⁰<l
1455 3785 1497 3839 ⁵¹11
1513 3782 1583 3853 lusis
1607 3791 1649 3840 ‘³⁵1
1673 3785 1776 3839 ambifu

119 3873 190 3929 tibus
206 3872 304 3930 otsseiis
326 3874 512 3931 incolumitate
536 3876 670 3945 subnixia,
694 3895 847 3950 congruum
861 3897 923 3937 esse
974 3871 1128 3928 stimulante
1156 3872 1262 3946 derogo
1291 3891 1298 3926 ε
1328 3874 1377 3927 sed
1396 3872 1494 3929 tratres
1520 3891 1596 3930 meos
1615 3889 1666 3946 per
1684 3874 1777 3930 omnia

120 3960 310 4033 perspeximus
325 3963 395 4019 barro
410 3963 498 4034 ipsam
509 3981 589 4035 quam
600 3974 689 4021 mente
700 3968 821 4039 gerimus
832 3969 923 4024 verbis
973 3962 1110 4017 bonorare
1125 3962 1215 4033 cupio,
1233 3959 1326 4034 sicque
1342 3962 1438 4018 studeo
1452 3963 1555 4018 honore
1571 3962 1697 4037 singulos
1712 3963 1776 4018 sub-

119 4049 227 4122 aperire
241 4050 371 4106 laetitiam.
393 4052 459 4124 Agis
476 4053 549 4108 euim
565 4055 663 4109 summi
677 4056 841 4112 documenta
851 4074 923 4128 pon·
973 4049 1045 4114 vebi,
1062 4050 1209 4106 dummodo
1232 4051 1337 4106 nonsit
1361 4051 1435 4122 quod
1458 4051 1537 4107 alteri
1552 4053 1615 4121 jure
1638 4052 1674 4106 ab
1689 4052 1775 4107 altero

119 4136 208 4206 tineis,
238 4139 303 4193 dum
327 4148 354 4195 et
375 4140 550 4211 predicanda
578 4142 655 4209 tacis,
682 4153 709 4199 et
724 4160 757 4200 ea
783 4145 923 4202 insinuare
972 4138 1060 4210 possit
1074 4139 1184 4210 opponi.
1204 4161 1215 4189 ι
1236 4141 1268 4194 m
1284 4140 1319 4196 ad
1333 4140 1460 4194 Natalem
1472 4139 1658 4195 Salonianum
1673 4141 1776 4212 episco

120 4241 176 4282 non
189 4225 293 4283 differs.
311 4229 524 4303 Praerogativam
543 4231 625 4306 igitur
648 4233 682 4289 de
696 4234 784 4290 nostri
803 4235 923 4307 sumpsi·
972 4244 1038 4298 pum
1053 4227 1114 4299 (lib,
1131 4229 1202 4294 eod,
1216 4231 1299 4302 cpitf·
1317 4228 1379 4300 37)²
1394 4249 1405 4278 ¹
1419 4228 1508 4297 Q⁰0d‚
1519 4222 1615 4302 iltuit.
1627 4228 1717 4285 (licitis
1727 4245 1777 4284 11⁰·

119 4331 181 4370 mus
196 4315 329 4373 electione
353 4318 457 4385 indicii,
483 4311 592 4392 quando
616 4321 643 4376 id
657 4331 798 4393 operatum
821 4331 847 4379 te
861 4340 923 4379 esse
974 4316 1038 4371 Siris
1054 4317 1224 4386 temporibus
1240 4317 1343 4372 debere
1359 4317 1474 4384 serialis
1491 4331 1575 4389 <1¹¹aess
1586 4317 1776 4390 meisluwue

119 4403 274 4472 didicimus,
287 4408 361 4478 quod
379 4408 486 4464 caeteris
506 4409 644 4482 agendum
660 4410 785 4466 obnixius
800 4411 921 4483 impera·
936 4399 1225 4476 Dpraedeeessoribus
1248 4405 1348 4461 tradita
1369 4414 1450 4477 atque
1465 4406 1598 4462 custodita
1613 4414 1686 4474 sunt,
1705 4405 1777 4462 absit

120 4510 191 4562 mus,
209 4502 238 4550 ut
253 4495 281 4550 in
300 4496 450 4568 provinciis
465 4504 540 4553 tanta
555 4497 754 4572 longinquitate
768 4501 922 4571 disjunctis,
973 4495 1027 4551 hoc
1042 4509 1058 4549 a
1071 4510 1126 4561 me,
1143 4503 1172 4550 ut
1187 4502 1285 4550 statuta
1295 4495 1430 4564 maiorum
1446 4496 1692 4552 consacerdotibus
1707 4495 1776 4552 meis

120 4590 146 4640 et
161 4583 320 4656 apostolica
339 4586 413 4642 sedis
428 4586 603 4658 vigorem„et
619 4589 730 4643 Patrum
749 4590 853 4663 regulis
864 4598 923 4645 stu·
974 4584 1001 4638 in
1016 4583 1136 4655 qualibet
1154 4583 1279 4641 Ecclesia
1302 4583 1459 4657 infringam,
1484 4584 1549 4656 quia
1562 4584 1627 4639 mihi
1648 4584 1776 4654 injuriam

120 4672 188 4730 deas
208 4674 340 4731 adhibere
360 4675 522 4732 custodiam.
538 4675 629 4732 lices
652 4677 741 4748 itaque
755 4686 862 4735 nostras
876 4695 925 4751 per
973 4671 1055 4741 facio,
1072 4672 1095 4728 si
1110 4671 1223 4728 fratrum
1238 4689 1362 4730 meorum
1373 4673 1435 4742 jura
1448 4673 1590 4744 perturbo.
1609 4693 1621 4724 ι

120 4778 201 4819 omne
215 4779 331 4836 regnum
346 4764 439 4820 dilecti
458 4773 484 4819 et
500 4763 649 4836 spiritualis
659 4764 707 4820 lilii
723 4766 809 4822 nostri
825 4767 926 4823 Clodo-
1009 4762 1082 4819 Xlll.
1098 4762 1162 4818 Haec
1178 4761 1223 4827 ita,
1240 4770 1269 4816 ut
1289 4777 1374 4833 supra
1387 4768 1527 4818 ostensum
1541 4769 1591 4831 est,
1615 4761 1650 4818 de
1664 4761 1776 4834 antiquo

119 4850 174 4917 rei,
209 4867 290 4922 quom
318 4869 406 4924 nuper
438 4852 650 4909 adminiculante
684 4871 803 4926 superna
835 4856 924 4929 gratia
970 4850 1031 4920 jure
1060 4850 1176 4925 singulis
1204 4850 1418 4922 metropolitanis
1446 4852 1591 4920 servando,
1629 4859 1657 4906 et
1675 4852 1776 4908 subse·

120 4937 255 5010 plurimis,
272 4947 299 4994 et
320 4941 506 5012 apostolorum
522 4943 690 5015 temporibus
710 4943 923 5016 aequiparandis,
974 4947 1087 5012 quantes
1120 4955 1228 4996 sacram
1259 4939 1397 4996 Nicaenam
1430 4939 1563 5010 synodum
1595 4939 1777 4997 conciliorum

120 5027 264 5098 signorum
307 5028 446 5084 miraculis
488 5031 711 5103 praedicationem
756 5031 925 5089 salutiferam
974 5043 1093 5084 canones
1122 5034 1283 5084 statuerunt.
1318 5027 1411 5084 Silicet
1442 5027 1620 5096 Antiocheni,
1652 5029 1776 5086 dicentes

121 5114 324 5185 comitantibus,
341 5115 376 5171 ad
399 5115 480 5173 fidem
497 5107 559 5175 curn
581 5128 663 5193 gente
677 5121 786 5194 integra
805 5137 924 5178 conver·
974 5117 1055 5188 (coe.
1067 5117 1095 5187 e)
1112 5118 1204 5172 :sper
1216 5117 1338 5190 singulas
1348 5116 1477 5190 regiones
1488 5117 1632 5189 episcopos
1647 5117 1777 5174 convenit

120 5203 199 5271 tistis,
217 5212 243 5261 et
267 5204 338 5260 sacri
359 5205 433 5261 dono
447 5208 618 5278 baptismatis
637 5209 817 5278 consecrasti,
840 5209 926 5265 salvis
974 5221 1055 5261 nosse
1087 5205 1325 5276 metropolitanum
1366 5206 1524 5276 episcopum
1560 5205 1776 5264 sollicitudinem

120 5293 282 5365 privilegiis,
300 5310 360 5365 quae
380 5294 598 5365 metropolitanis
621 5297 743 5354 decrevit
765 5297 922 5371 antiquitas,
974 5293 1056 5349 totius
1071 5293 1220 5364 provinciae
1235 5310 1346 5367 gerere.
1365 5295 1479 5365 Propter
1493 5294 1565 5367 quod
1580 5295 1616 5351 ad
1631 5302 1774 5368 metropo-

120 5381 249 5451 praesenti
271 5383 430 5439 auctoritate
456 5383 650 5440 committimus
667 5404 674 5441 :
690 5395 823 5460 augentes
844 5386 925 5443 studii
974 5381 1020 5435 lim
1043 5396 1138 5437 omnes
1156 5382 1295 5454 undique,
1325 5383 1372 5455 qui
1396 5383 1507 5456 negotia
1529 5382 1655 5439 videntur
1673 5384 1777 5441 babere

120 5467 199 5540 huius
213 5470 419 5543 participatione
441 5471 584 5530 ministerii
608 5473 780 5548 dignitatem,
797 5475 924 5535 relevan-
974 5485 1158 5545 concurrant,
1188 5486 1215 5535 et
1241 5478 1359 5553 reliqua.
1386 5501 1398 5530 »
1427 5481 1461 5537 Et
1484 5479 1776 5554 constantinopolitani
