3794 6104
175 186 227 240 sn
814 180 961 256 scrupis
983 180 1081 238 aare
1102 181 1171 237 rua
1779 192 1830 245 220

174 308 271 372 neatis,
297 307 425 379 quoniam
451 307 579 378 scriptum
603 315 644 360 est
664 322 671 359 :
692 307 788 362 llelius
811 315 853 362 est
877 304 973 362 votam
987 306 1128 371 Areritis,
1145 322 1195 361 nos
1209 307 1346 365 enimvero
1361 310 1534 381 quantumin
1548 311 1630 366 uobis
1645 310 1830 377 est,zetobei

176 414 234 455 nort
249 413 354 465 cocere,
366 413 450 468 quom
459 399 520 468 post
531 399 623 450 votnm
634 397 774 467 prousisae
786 412 843 451 aon
857 396 976 467 implere
1025 395 1150 450 succensi
1164 412 1198 451 ca
1213 397 1318 467 quaed
1333 399 1464 454 honorem
1479 407 1581 456 sauctae
1594 401 1728 456 Romana
1737 400 1827 456 Eccle-

178 486 277 556 (Eceli.
294 485 331 554 r).
350 484 467 553 Spiritus
482 482 599 552 Domini,
617 483 662 553 qui
675 483 770 537 orbem
786 492 866 537 terrae
884 483 975 552 reple·
1025 482 1073 538 sia
1087 484 1223 553 pertinent
1238 500 1406 558 exaggerare
1422 487 1529 556 penitus
1545 495 1730 560 satagemus:
1747 487 1829 559 aqui·

177 572 225 637 vit,
251 572 351 642 repleat
374 578 494 625 vestrum
518 587 566 626 cor
589 571 663 625 omni
686 586 754 640 pace
777 578 803 625 et
826 570 926 641 gaudio
948 570 976 624 in

179 660 286 716 Christo
301 661 365 714 lesu
380 658 495 714 Domino
510 667 611 714 nostro.

510 756 644 810 cccviii.

304 839 338 878 aa
358 840 519 879 utcuaaaasr
540 842 633 879 ausast
653 840 849 880 autoxaoautt.

488 897 578 966 (duno
593 901 667 965 880.)

181 983 384 1068 Miratur'quod
404 984 508 1067 lepatos
530 1001 587 1041 aon
608 986 729 1066 miserit,
745 984 978 1067 quemadmodum

213 1054 331 1195 ,effigiati
346 1059 532 1126 proattscrat;
547 1057 643 1109 rnonsl
654 1059 685 1109 ul
697 1054 725 1108 cd
735 1055 979 1126 quamplurimum

214 1211 318 1267 Dilecto
341 1227 373 1266 ae
398 1212 511 1282 spiritali
535 1210 591 1266 lilio
615 1212 752 1265 llxcuxsax
777 1211 898 1284 glorioso
921 1212 979 1282 regi

178 1299 336 1370 bulgarum
363 1299 451 1372 gratia
474 1299 567 1367 vobis,
593 1307 619 1354 et
643 1313 694 1369 pax
721 1315 736 1353 a
760 1300 817 1354 Deo
844 1300 924 1355 Patre
953 1307 979 1354 et

179 1387 296 1444 Domino
310 1388 375 1441 lesu
389 1387 506 1442 Christo.

215 1475 345 1529 Miramur
360 1474 433 1547 quod
444 1475 582 1544 tantoJam
593 1484 715 1545 tempore
727 1483 870 1541 trausacto,
880 1474 979 1530 missos

120 1614 122 1619 ,
180 1571 287 1627 vestras
310 1563 345 1617 acl
369 1573 491 1619 sanctam
515 1564 663 1619 Romanam
686 1563 839 1619 Ecclesiam
865 1572 979 1619 uratrem

180 1659 298 1708 vestram
315 1659 342 1706 et
364 1651 399 1706 ad
422 1667 473 1705 nos
495 1667 549 1706 uon
574 1651 773 1706 transmisistis.
800 1653 880 1707 blodo
902 1667 978 1718 vero,
996 1655 1021 1715 Β

182 1739 251 1794 sicut
266 1739 344 1793 nobis
359 1739 448 1794 retulit
463 1739 631 1794 Theodosius
643 1740 806 1794 venerabilis
823 1740 977 1811 episcopus,

180 1827 280 1883 missos
291 1835 350 1882 tuos
360 1843 421 1883 cum
436 1843 469 1881 eo
483 1827 603 1900 dirigere
618 1829 795 1898 promiseras
807 1829 856 1883 sed
866 1844 916 1898 pro
927 1844 981 1899 qua

117 1924 122 1934 ¹
183 1931 262 1973 causa
277 1932 325 1970 eos
338 1915 458 1987 dirigere
482 1914 704 1986 praetermiseris,
720 1916 887 1988 ignoramus.
904 1917 981 1973 Unde

183 2019 233 2059 ros
244 2005 301 2072 jam
315 2018 510 2074 recognoscere
524 2003 679 2074 oportebat,
695 2003 778 2059 etiam
794 2005 828 2058 ad
843 2011 981 2075 pastorem

183 2100 209 2148 et
222 2090 379 2163 pontificem
404 2091 556 2146 animarum
572 2099 725 2147 vestrarum
750 2093 846 2147 reverti
862 2100 916 2148 tote
930 2094 982 2148 de-

182 2180 290 2237 votione
304 2179 478 2247 debueratis,
494 2181 567 2235 unde
582 2180 625 2234 his
639 2180 739 2234 nostris
753 2181 911 2251 apostolicis
935 2181 981 2235 lit-

105 2259 110 2267 ’
184 2268 248 2324 teris
271 2283 321 2324 vos
344 2267 421 2339 quasi
445 2267 634 2323 charissimos·
648 2267 718 2323 salios
749 2269 928 2324 admonemus
956 2278 982 2324 et

183 2357 366 2420 exhortamur,
383 2363 411 2410 ut
426 2356 460 2410 dc
474 2356 601 2426 praesenti
624 2363 731 2411 vestros
756 2356 869 2412 idoneos
882 2357 982 2412 missos

181 2444 260 2500 nobis
275 2442 457 2498 transmittere
472 2458 525 2498 nou
539 2443 677 2511 dubitetis,
692 2453 823 2516 quatenus
838 2445 872 2499 ab
887 2445 982 2500 uberi-

182 2532 233 2587 bus
248 2531 342 2587 matris
356 2538 454 2586 vestrae
465 2539 566 2586 sauctae
577 2531 701 2587 videlicet
711 2532 840 2587 Romanae
850 2532 982 2589 Ecclesiae

184 2619 318 2676 satiemini
333 2619 460 2691 omnique
475 2619 547 2674 bono
570 2620 739 2690 repleamini,
756 2619 827 2688 Quia
843 2632 893 2675 nos
906 2636 982 2676 more

183 2716 298 2781 paterno
312 2706 382 2763 ulnis
397 2708 516 2763 extensis
539 2723 588 2763 vos
610 2708 746 2780 amplecti,
773 2717 800 2763 et
823 2709 901 2780 quasi
916 2725 982 2765 oves

1027 570 1078 624 bus
1099 587 1148 626 uos
1172 571 1247 626 nulla
1271 572 1407 643 ferocitas,
1430 575 1506 629 nulla
1530 575 1668 630 malorum
1692 576 1826 631 bominum

1026 659 1200 714 comminatio
1211 661 1298 717 donec
1309 663 1418 732 spiritus
1430 671 1509 735 reget
1524 672 1609 731 artus,
1623 664 1727 735 poterit
1737 680 1826 735 seque·

1027 755 1123 802 strare.
1141 748 1219 816 Quod
1231 750 1383 818 jussionem
1395 751 1481 805 nostri
1496 751 1629 822 pontificii
1644 752 1752 824 ingenti
1766 768 1828 822 pre·

1027 835 1180 906 sumptione
1201 835 1346 892 absurdam
1368 838 1493 907 posuisti,
1514 839 1683 894 omnimodis
1707 839 1826 910 temetip-

1028 939 1086 977 sum
1102 924 1211 994 proprio
1219 925 1309 992 jaculo
1324 925 1514 995 reverberasti,
1527 935 1555 982 et
1568 925 1646 982 velut
1660 926 1739 998 aspis
1753 928 1827 983 surda

1028 1011 1107 1066 saluti
1120 1019 1173 1067 tuae
1187 1015 1401 1085 congruentibus
1421 1030 1514 1069 aurern
1528 1029 1584 1071 non
1606 1015 1826 1071 accommodasti.

1028 1098 1082 1154 Sed
1109 1099 1173 1170 quid
1198 1100 1295 1170 plura?
1324 1103 1426 1157 lterum
1457 1110 1537 1174 atque
1560 1103 1659 1157 iterum
1684 1103 1827 1158 inhibendo

1028 1187 1176 1258 apostolica
1192 1189 1352 1244 auctoritate
1369 1189 1552 1260 precipimus,
1568 1190 1720 1245 terminum
1737 1190 1765 1244 S.
1781 1192 1827 1245 l’e-

1028 1275 1109 1329 tried
1124 1275 1334 1346 ingrediendum
1356 1277 1474 1332 animum
1496 1286 1619 1333 restrum
1634 1294 1693 1333 non
1707 1276 1827 1344 incitetis,

1029 1379 1170 1434 quousque
1185 1365 1305 1434 praedicti
1320 1365 1404 1438 legati
1428 1367 1514 1421 nostri
1530 1368 1565 1421 ad
1580 1381 1633 1422 uos
1648 1374 1827 1429 revertantur,

1028 1452 1118 1506 omnia
1129 1452 1208 1506 nohis
1223 1453 1409 1520 renuntiaturi,
1422 1454 1540 1526 itemque
1552 1455 1624 1510 alios
1634 1455 1672 1509 ad
1683 1470 1736 1510 uos
1746 1463 1830 1510 traus-

1028 1539 1134 1595 mittere
1150 1555 1238 1595 cures.
1255 1542 1323 1596 Data
1338 1549 1435 1598 octavo
1456 1542 1595 1598 Kalendas
1619 1542 1775 1610 Februarii,
1789 1543 1829 1599 iu-

1032 1627 1148 1683 dictione
1163 1643 1223 1684 xxv.

1377 1718 1478 1773 CCCX.

1065 1819 1102 1858 xa
1116 1819 1281 1861 aususausus
1295 1820 1533 1863 aaaroaxxsassat
1544 1820 1799 1863 ancusastscormt.

1337 1893 1428 1965 (Anno
1447 1895 1522 1965 881.)

1033 1980 1186 2049 Confirmat
1201 1982 1312 2054 loseplti
1326 1984 1449 2056 episcopi
1463 1984 1593 2039 lateatis
1608 1983 1829 2049 ordinationem,

1067 2071 1114 2141 qni
1137 2070 1210 2125 alias
1233 2074 1334 2126 contra
1357 2086 1478 2129 canones
1496 2072 1684 2128 Vercellsuais
1706 2073 1831 2128 Ecclesia

1066 2161 1163 2230 suerat
1177 2160 1321 2230 episcopus
1336 2162 1519 2216 constitutus.

1067 2248 1216 2300 lasrsaro
1231 2246 1658 2319 Mediolanensiarchiepiscopo.

1067 2333 1277 2389 consultationis
1301 2343 1353 2390 tuae
1367 2351 1422 2407 qua
1445 2351 1495 2390 nos
1519 2352 1605 2406 super
1619 2335 1735 2407 loseph,
1750 2352 1831 2407 nuper

1031 2423 1058 2478 iu
1074 2422 1241 2478 l'ercellensi
1255 2422 1378 2478 Ecclesia
1391 2423 1518 2481 ordinati.
1527 2438 1598 2479 uova
1612 2440 1689 2480 nuuc
1703 2425 1830 2480 electione

1032 2510 1075 2567 vel
1100 2510 1269 2565 ordinatione
1285 2511 1312 2565 iu
1327 2511 1450 2567 Ecclesia
1474 2512 1595 2577 astensi,
1620 2512 1770 2567 consulere
1783 2528 1830 2567 ro·

1032 2598 1114 2665 luisti,
1132 2599 1281 2669 perspectis
1302 2599 1533 2672 suggestionibus,
1556 2599 1659 2672 quibus
1684 2616 1767 2670 super
1785 2602 1832 2657 hoc

1032 2696 1133 2743 nostrae
1157 2687 1324 2742 auctoritatis
1348 2688 1500 2744 consultum
1524 2688 1654 2760 requiris,
1677 2688 1831 2745 canonicum

184 2796 282 2852 Christi
309 2795 388 2852 nobis
415 2796 577 2851 commissas
605 2796 678 2851 alere
707 2805 734 2851 et
760 2796 866 2852 salvare
894 2797 982 2867 parati
1029 2775 1221 2846 judicalimssss
1247 2783 1273 2830 0¹
1296 2776 1394 2831 ⁰⁰⁵¹Fi⁵
1419 2776 1465 2831 'lbi
1488 2776 1606 2832 demtis
1629 2777 1830 2846 0⁰¹¹Ve⁰le¹¹l⁸b

183 2884 335 2950 existimus,
351 2884 500 2939 secundum
515 2884 587 2954 quod
612 2884 743 2938 Dominus
757 2885 821 2939 dicit
836 2885 913 2940 beato
930 2887 982 2939 l‘e·

184 2979 224 3028 tro
239 2990 246 3026 ε
263 2975 348 3027 Pasce
363 2987 424 3026 oues
440 2988 532 3038 meas;
548 2971 680 3043 quidquid
704 2973 776 3027 enim
791 2973 868 3027 vobis
883 2973 982 3045 dirigi·
997 3003 1021 3067 C

1033 2864 1148 2935 propitia
1172 2863 1328 2930 Divinitate,
1354 2864 1554 2935 respondimus.
1581 2865 1684 2920 Fuerat
1699 2866 1831 2921 autemde

1033 2951 1079 3007 illo
1093 2952 1221 3022 primum,
1238 2960 1266 3006 ut
1282 2952 1339 3022 ipsc
1363 2969 1470 3030 mecum
1495 2953 1627 3019 advertis,
1645 2953 1784 3024 quoddam
1798 2953 1829 3007 ir·

182 3075 253 3126 mus,
265 3059 378 3115 credere
389 3058 499 3113 omnino
509 3060 632 3130 potestis,
649 3059 710 3129 quia
725 3076 775 3130 pro
790 3060 876 3115 salute
892 3068 983 3116 restra
1033 3040 1194 3113 leguminis
1209 3040 1374 3107 issSlilufflmi
1392 3041 1441 3096 ⁵⁰d
1456 3056 1507 3095 ¹¹⁰⁵
1520 3041 1594 3111 ⁸P⁰d
1605 3041 1636 3095 B·
1649 3042 1761 3096 Pafum
1773 3056 1830 3112 W

183 3163 291 3217 semper
314 3163 396 3220 agere
421 3162 453 3203 ac
476 3145 610 3216 perlicere
634 3147 821 3204 incunctanter
848 3149 980 3220 cupimus.

183 3235 315 3308 Optamus
329 3250 378 3291 ros
394 3235 419 3291 in
436 3235 544 3290 Christo
559 3252 630 3291 nunc
641 3244 667 3291 et
678 3253 786 3307 semper
798 3237 867 3292 bene
883 3237 982 3293 valere.

523 3342 638 3398 CCClX.

255 3430 289 3471 aa
309 3427 446 3478 ousunxx
463 3414 648 3554 (spgfflmgffi
665 3427 790 3553 pressuri
808 3422 926 3478 asans).

526 3500 580 3538 nno
655 3527 661 3539 .

225 3577 315 3633 Monet
330 3579 363 3629 ut
374 3573 505 3646 perficiat
519 3589 580 3645 quse
591 3587 643 3644 per
659 3574 763 3643 legatos
778 3573 936 3628 mondavit.

219 3661 357 3733 Susceptis
372 3661 466 3716 litteris
491 3661 587 3734 gloriae
602 3668 710 3726 vestrae,
727 3660 824 3731 quibus
840 3677 889 3715 vos
904 3660 985 3731 plena

88 3780 91 3785 ·
185 3752 333 3808 intentione
349 3750 507 3805 monstratis
521 3749 555 3803 ad
570 3748 662 3803 limma
677 3749 863 3818 apostolorum
877 3748 984 3814 festine,

186 3840 241 3897 imo
255 3841 345 3911 potius
357 3837 490 3910 praecipiti
505 3853 603 3908 gressu
618 3845 645 3891 ct
658 3836 728 3891 velle
743 3836 904 3903 convolare;
921 3853 986 3908 qua-

184 3936 295 3999 propter
314 3926 427 3992 attoniti,
457 3925 499 3978 xel
514 3924 601 3996 magis
625 3923 767 3993 stupefacti
790 3923 922 3979 miramur
935 3925 986 3979 de·

1033 3127 1131 3183 stolum
1147 3144 1207 3183 cum
1222 3136 1315 3184 seriata
1331 3129 1436 3199 synodo
1458 3128 1622 3194 residentes,
1640 3129 1747 3185 salubri
1761 3129 1830 3200 potiti

1034 3216 1157 3285 coasilio,
1174 3225 1200 3271 et
1215 3217 1413 3271 animositatem
1428 3217 1500 3271 illius
1523 3216 1697 3272 correximus
1711 3227 1738 3272 et
1751 3218 1829 3272 mise-

1034 3305 1157 3360 ricordiae
1178 3303 1307 3372 fomenta,
1324 3305 1411 3376 gratia
1436 3305 1529 3360 Sancti
1552 3304 1673 3375 Spiritus
1688 3306 1829 3372 revelante,

1034 3393 1157 3465 protinus
1180 3392 1365 3462 adhibuimus,
1390 3393 1493 3449 scilicet
1516 3400 1559 3461 ut,
1587 3408 1621 3449 eo
1645 3393 1674 3448 iu
1696 3393 1830 3465 pristinum

1034 3482 1158 3537 ordinem
1173 3483 1295 3552 reducto,
1313 3481 1335 3536 si
1350 3481 1433 3536 alium
1444 3481 1631 3554 episcopatum
1647 3483 1674 3539 ei
1688 3482 1830 3539 concedere

1034 3570 1179 3635 voluisses,
1195 3577 1221 3624 et
1235 3569 1302 3626 oleri
1312 3570 1354 3625 vel
1366 3570 1458 3641 populi
1470 3578 1532 3625 vota
1543 3571 1616 3626 hunc
1631 3571 1686 3626 sibi
1700 3569 1831 3627 concordi

1034 3666 1077 3713 ter
1091 3658 1118 3712 ia
1133 3658 1292 3728 episcopum
1315 3667 1481 3728 expeterent,
1503 3667 1530 3714 et
1552 3658 1714 3731 eligeretur,
1731 3667 1758 3714 et
1771 3659 1831 3715 sicta

1036 3745 1082 3819 qui
1104 3745 1170 3800 nihil
1185 3746 1218 3799 ab
1233 3746 1387 3801 ordinatore
1407 3746 1484 3817 prius
1505 3746 1657 3818 acceperit,
1679 3747 1707 3801 in
1732 3747 1830 3818 cpisco-

1035 3851 1098 3905 pum
1114 3842 1264 3889 crearetur.
1281 3834 1388 3889 luterea
1402 3835 1500 3890 accidit
1515 3842 1552 3900 ut,
1568 3835 1698 3890 astensis
1710 3834 1830 3892 Ecclesia

1037 3930 1144 3978 rectore
1165 3921 1276 3992 proprio
1300 3923 1426 3991 obeunte,
1449 3922 1584 3993 permissu
1609 3922 1705 3979 Caroli
1728 3920 1830 3995 gloriosi

187 4015 305 4072 centiam
322 4020 440 4082 vestram
457 4011 589 4066 terminos
611 4012 718 4065 Petrum
744 4012 944 4079 transceudere,
961 4020 988 4067 et
1036 4009 1111 4083 regis
1127 4010 1198 4064 idem
1212 4011 1324 4081 loseph,
1341 4019 1403 4081 post
1417 4010 1576 4066 electionem
1599 4011 1668 4067 cleri
1687 4021 1715 4067 et
1736 4010 1830 4082 expeti·

188 4103 289 4157 lineam
304 4100 413 4174 generis
428 4099 511 4154 vestri
526 4100 642 4169 superbo
657 4098 750 4169 spiritu
772 4101 945 4168 conculcare,
962 4110 989 4156 ct
1038 4098 1137 4154 tionem
1159 4099 1251 4168 populi
1273 4099 1300 4152 in
1321 4099 1417 4155 eadem
1441 4098 1558 4155 ecclesia
1582 4099 1699 4155 deberet
1723 4096 1831 4155 ordinari

116 4234 119 4239 .
190 4189 364 4254 indalecius,
388 4204 442 4242 non
467 4188 493 4241 iu
517 4186 614 4241 melius
636 4203 749 4258 prorsus
773 4188 928 4243 convenire.
955 4190 988 4243 Et
1037 4187 1192 4258 episcopus,
1226 4195 1270 4241 tua
1296 4187 1459 4253 fraternitas,
1475 4196 1531 4242 tam
1554 4195 1647 4242 nostra
1669 4188 1831 4243 absolutionc

190 4295 254 4335 ecce
272 4278 395 4333 dolenter
417 4292 478 4331 cum
501 4275 630 4345 apostolo
652 4275 802 4346 compellor
823 4276 915 4332 dicere
932 4293 938 4332 ε
955 4278 988 4332 ln
1038 4291 1120 4347 quam
1148 4275 1230 4330 etiarn
1258 4275 1343 4345 ipsius
1371 4276 1445 4347 regis
1469 4277 1612 4331 exhortata
1636 4276 1830 4337 monitionibus,

189 4366 349 4423 nouissimis
373 4364 543 4436 temporibus
568 4364 717 4419 instabant
733 4367 858 4435 tcirtpora
873 4366 988 4437 pericn-
1003 4356 1093 4418 Dhoc
1106 4363 1222 4418 libenter
1236 4363 1345 4418 admisit
1359 4372 1386 4419 et
1399 4364 1527 4420 canonice
1539 4364 1619 4433 jussa
1639 4365 1779 4435 complere
1790 4377 1831 4420 co·

191 4456 258 4524 lose,
275 4455 305 4509 ia
321 4454 420 4526 quibus
435 4455 522 4508 eruat
537 4453 991 4524 ltominesseacetipsoaa-mantes,
1041 4461 1101 4506 nata
1123 4459 1173 4506 cst.
1199 4451 1279 4521 Quod
1302 4452 1364 4523 quia
1386 4468 1459 4508 nunc
1483 4452 1648 4507 seutentiam
1670 4462 1789 4508 nostram
1809 4458 1832 4504 tu

191 4548 221 4600 ct
233 4546 390 4615 qnare-ates
405 4557 466 4613 quas
480 4557 532 4595 sao
547 4544 626 4605 suat,
642 4557 700 4595 aon
715 4558 775 4612 quar
798 4542 863 4598 lesu
888 4541 993 4596 Christi
1041 4555 1149 4612 quoque
1164 4548 1290 4606 secutus,
1305 4550 1332 4596 ct
1352 4542 1471 4612 regalem
1496 4541 1708 4611 permissionem
1731 4542 1831 4605 devote,

192 4633 219 4701 (l
233 4633 302 4686 Tim.
329 4631 380 4698 ur).
406 4628 460 4697 Sed
485 4636 585 4692 noste,
602 4626 639 4687 sili
660 4627 828 4693 charissime,
846 4628 993 4684 inviscare
1042 4627 1110 4683 sicut
1135 4628 1284 4694 condecet,
1310 4644 1340 4683 es
1364 4628 1548 4699 amplexatus.
1575 4628 1720 4699 praelatum
1743 4627 1831 4698 loseph

191 4717 289 4773 Christi
304 4717 448 4788 plurimum
462 4716 618 4787 diligentes,
631 4714 664 4768 ad
676 4730 708 4769 ea
723 4724 749 4770 te
765 4731 916 4785 provocare
930 4734 994 4790 ges·
1042 4717 1232 4788 presbyterum
1259 4725 1360 4772 sanctoe
1388 4717 1518 4772 Ecclesiae
1546 4718 1658 4772 astensi
1687 4718 1832 4789 episcopum

191 4807 273 4861 timus
289 4822 347 4877 quaa
363 4805 460 4860 animm
474 4812 569 4859 vestrae
592 4801 734 4874 proficiant
748 4805 781 4857 ad
797 4805 921 4860 sulutem.
939 4806 993 4860 Le·

193 4902 273 4968 gatos
284 4909 349 4947 sane
360 4909 375 4948 e
385 4892 468 4947 latere
479 4901 572 4947 nostro
584 4893 663 4961 plene
673 4891 821 4947 instructos
833 4893 993 4959 direximus,

194 4983 292 5054 quibus
305 4981 396 5036 omnia
410 4981 444 5035 ad
457 4996 556 5051 purum
569 4981 681 5036 credere
692 4996 749 5035 raon
759 4981 903 5053 ambigatis
912 4982 940 5036 iu
953 4982 995 5038 his

195 5087 256 5143 quas
271 5070 435 5125 verbotenus
451 5076 477 5123 ct
491 5068 601 5139 scriptis
616 5069 799 5140 capitulariter
820 5070 945 5125 dedimus
967 5072 995 5125 in

195 5157 339 5213 mandatis.
355 5158 413 5226 Qua
435 5158 469 5211 de
493 5173 523 5211 re
546 5165 660 5228 paterno
685 5155 782 5212 affectu
805 5174 947 5213 monemus
963 5166 993 5214 ut

197 5247 288 5300 omitia
311 5245 380 5301 sicut
404 5244 481 5301 robis
500 5244 648 5299 direximus
669 5261 719 5316 per
744 5246 854 5301 eosdem
877 5247 993 5320 legatos,

198 5331 345 5401 adimplere
362 5332 472 5387 omuino
495 5333 606 5388 curetis.
630 5333 746 5404 ideoque
761 5334 854 5389 scitote
868 5336 996 5407 (quostiam

198 5417 222 5476 si
236 5418 316 5490 pleno
329 5421 388 5495 jure
402 5429 497 5476 cuncta
513 5437 573 5497 quac
589 5421 785 5478 destinavimus
798 5438 852 5477 uon
868 5423 997 5498 adimple-

1043 4803 1198 4876 praelecisti,
1215 4814 1240 4859 ct
1255 4805 1452 4861 ordinationem
1476 4804 1549 4859 illius
1572 4813 1660 4860 ratam
1684 4806 1777 4861 haberi
1796 4804 1834 4857 de·

1044 4893 1189 4960 ceruimus,
1207 4901 1233 4947 et
1248 4893 1367 4947 omnium
1382 4909 1431 4949 ora
1446 4901 1539 4950 contra
1554 4894 1607 4949 boc
1627 4909 1739 4966 quoquo
1760 4891 1831 4948 modo

1043 4980 1211 5036 mussitantia
1226 4981 1376 5051 apostolica
1396 4966 1555 5038 airctoritate
1575 4982 1764 5037 obstruimus:
1780 4978 1832 5051 quit

1045 5069 1114 5125 sicut
1129 5069 1163 5124 de
1178 5069 1363 5142 irregulariter
1377 5070 1541 5142 quibuslibet
1556 5069 1656 5125 habitis
1671 5086 1724 5125 nos
1738 5069 1771 5125 ad
1785 5069 1833 5122 het

1045 5156 1210 5228 corrigenda
1224 5158 1296 5212 zelus
1309 5158 1419 5225 justitiae
1433 5157 1542 5226 excitat,
1555 5157 1592 5211 ita
1607 5158 1642 5212 de
1658 5158 1789 5214 bonorum
1799 5154 1832 5210 ri·

1046 5260 1137 5299 rorum
1164 5245 1345 5300 laudabilibus
1372 5245 1449 5300 lactis
1481 5245 1567 5318 gratia
1595 5246 1689 5300 divina
1717 5243 1830 5301 laetilicat.

1044 5334 1114 5387 Nam
1129 5340 1155 5387 et
1168 5334 1249 5388 sedes
1264 5333 1426 5403 apostolica,
1450 5333 1523 5401 jnxta
1546 5333 1620 5405 quod
1644 5334 1672 5389 S.
1700 5334 1753 5388 Leo
1774 5344 1833 5402 papa

1046 5420 1150 5488 scribit,
1176 5422 1246 5478 hanc
1271 5421 1475 5497 temperantiam
1499 5430 1601 5493 serrat,
1623 5429 1651 5479 ut
1674 5431 1702 5479 et
1724 5419 1834 5478 scaenas
