3794 6104
130 261 185 318 683
755 245 903 302 JOANNIS
928 241 1027 298 PAPAE
1053 240 1124 296 Vlll.
1731 239 1792 292 sm

131 382 298 440 terrentium
314 383 394 435 tunm
408 374 620 442 contammata!
631 372 699 427 Tim.
710 386 755 435 rv3
771 371 784 424 l
793 370 862 424 Tim.
874 366 923 438 rr).
935 368 963 429 Α
977 373 1027 432 est,
1044 364 1203 419 citissimum
1218 360 1374 429 consilium,
1389 359 1559 418 confortante
1582 374 1635 414 nos
1651 360 1796 415 Domino-

130 468 183 540 Qui
211 469 234 524 si
263 475 288 523 te
316 464 458 529 audierint,
485 459 637 517 lucrifacies
658 457 755 512 fratres
776 465 859 520 tuos3
884 454 926 509 siu
977 467 1170 523 praeparemus.

130 563 230 621 autem,
248 554 343 610 saltem
360 561 387 607 tu
402 551 512 605 salvans
533 548 606 602 salva
627 544 786 616 quantocius
809 544 926 597 animam
1325 539 1420 593 xxx,

132 651 214 708 tuam,
231 643 320 699 sciens
334 638 429 710 procul
443 637 525 693 dubio
540 636 622 690 totius
638 632 777 703 llesperiae
796 629 927 701 praesules
1207 640 1243 680 nn
1259 641 1388 681 noscunrr
1408 640 1543 681 corrrrrrrr.

123 747 145 786 a
159 730 238 787 nobis
252 729 279 783 iu
294 727 417 799 proximo
431 722 652 797 congregandos.
669 720 774 790 Quibus
788 716 926 790 generali·
1286 716 1375 785 (Anno
1391 715 1465 783 8¹16.)

130 827 172 875 ter
186 815 398 879 imminentibus,
415 821 470 867 tam
484 810 590 882 perfido
603 809 680 864 fratri
694 817 740 862 tuo
761 821 843 878 quam
865 820 926 860 om·
977 803 1057 859 Dolet
1071 802 1142 874 quod
1152 803 1205 857 sibi
1212 801 1376 874 deprecanti
1384 801 1531 856 auritium
1547 802 1652 855 contra
1666 799 1783 856 Sarnac-

128 906 209 961 nibus
223 903 403 959 sectatoribus
419 908 446 956 et
459 898 609 954 fautoribus
624 898 690 966 ejus
699 901 860 967 perpetuum
882 892 926 947 di·
1012 889 1063 956 ΜΡ
1073 889 1130 928 '¹⁰⁷²
1141 873 1251 955 fuffsff·
1263 873 1410 942 Sflnffifflf
1420 871 1518 928 Urbem
1596 885 1634 925 Μ
1643 872 1676 924 in
1686 869 1776 954 dim}

1012 959 1089 998 mtne
1099 959 1215 1007 versari,
1225 959 1291 998 cant
1300 941 1405 997 adeam
1415 957 1567 1012 oppugnare
1610 957 1638 994 m
1647 942 1729 1009 famo
1742 945 1773 997 ttt

127 1007 219 1051 “mus
233 990 322 1048 Μὴ
337 989 463 1045 ⁰m¹¹ib¹¹⁸
479 986 632 1051 anathem&
644 998 784 1055 nunquam
796 982 927 1051 d⁶i⁰⁰⁰p⁸
1012 1014 1316 1085 orcynumerercitcm
1326 1016 1498 1067 uentorum:
1528 1026 1598 1066 aare
1617 1026 1684 1065 curri
1702 1015 1771 1081 rogat

127 1081 236 1153 penitus
250 1077 455 1134 dissolvendum
471 1093 478 1130 ε
494 1073 567 1146 quod
582 1073 605 1128 si
620 1072 736 1128 evadere
760 1070 873 1143 satagis,
898 1068 927 1122 in
1011 1088 1045 1139 gg
1060 1084 1227 1154 mmm,
1241 1098 1321 1154 opem
1334 1084 1421 1153 ferat,
1432 1028 1550 1153 gegafog
1561 1080 1597 1135 ag
1613 1095 1645 1136 ω
1659 1080 1770 1135 geg-m

127 1167 266 1239 nostrique
280 1165 393 1222 affectus
408 1163 507 1218 finibus
521 1161 648 1226 inveniri,
664 1160 692 1214 in
716 1159 790 1213 nullo
814 1171 926 1227 prorsus
1012 1155 1146 1208 miratur.

128 1255 164 1310 ab
178 1255 231 1311 hoc
244 1261 340 1309 nostro
355 1250 484 1308 recedere
498 1255 636 1320 precepto
650 1255 744 1318 patere
756 1245 799 1302 vel
807 1246 924 1299 hortatu.
1011 1239 1138 1295 loannes
1152 1240 1297 1311 episcopus
1311 1240 1417 1293 tonum
1431 1239 1537 1295 Bosour
1552 1236 1660 1294 comiti.

128 1341 234 1399 Gratias
247 1347 382 1413 praeterea
395 1337 537 1393 referimus
559 1351 641 1405 super
663 1334 714 1401 his,
741 1334 788 1405 qui
806 1349 858 1404 per
880 1334 925 1388 in·
1012 1328 1090 1398 Saepe
1106 1327 1223 1400 gloriam
1238 1335 1310 1382 tuam
1328 1326 1421 1380 missis
1444 1334 1471 1381 et
1493 1325 1593 1380 litteris
1617 1323 1724 1380 hortari
1744 1339 1767 1380 tc

128 1430 259 1486 dustriam
274 1436 349 1483 tunru
361 1425 496 1496 redempti
510 1430 572 1479 sunt
586 1439 601 1477 a
615 1422 741 1492 Domino,
759 1437 826 1492 quos
842 1421 925 1476 rede·
976 1415 1115 1486 deprecari
1130 1414 1292 1480 studuimus,
1318 1422 1346 1469 ut
1369 1430 1479 1469 manum
1504 1412 1599 1469 auxilii
1620 1412 1765 1485 porrigens,

126 1518 176 1573 mit
189 1515 363 1573 demonibus
383 1512 484 1569 inimici
502 1529 508 1567 :
523 1519 550 1567 et
573 1511 641 1567 scito
664 1510 702 1564 nil
726 1517 751 1565 te
772 1510 851 1565 nobis
875 1524 925 1566 ac·
975 1511 1068 1559 contra
1100 1502 1231 1559 nefaudos
1270 1504 1423 1559 Saracenos
1460 1501 1598 1558 hostiliter
1632 1516 1767 1563 occumrc

126 1604 231 1677 ceptius
244 1603 397 1659 oblaturum
422 1615 503 1673 quarn
525 1615 573 1655 eos
594 1598 731 1662 nimirum,
754 1613 803 1668 pro
826 1597 925 1669 quibus
975 1591 1085 1646 taudem
1107 1599 1260 1663 satageret;
1284 1590 1345 1658 sed,-
1369 1590 1439 1661 proh
1460 1588 1556 1645 dolorl
1584 1587 1623 1644 nil
1647 1589 1767 1645 hactenus

126 1692 239 1765 sanguis
254 1691 359 1748 oblatus
374 1697 416 1745 est
431 1688 538 1744 Christi.
558 1687 628 1744 Data
652 1686 746 1758 quinto
770 1685 833 1741 ldus
856 1686 958 1775 Sep-B
974 1678 1091 1750 praesidii
1106 1678 1220 1750 adipisci
1235 1678 1392 1745 meruimus,
1408 1677 1477 1733 adeo
1493 1685 1522 1733 ut
1535 1692 1590 1733 nec
1602 1693 1765 1748 responsum,

126 1779 249 1847 tembris,
265 1778 412 1835 indictione
426 1775 541 1832 decima.
973 1767 1041 1823 sicut
1056 1783 1106 1822 nec
1122 1767 1155 1821 de
1171 1767 1231 1821 aliis
1247 1766 1401 1837 quibusque
1414 1764 1637 1831 necessitatibus,
1661 1782 1678 1819 a
1699 1764 1766 1822 nobl-

972 1854 1045 1909 litate
1061 1862 1108 1910 tua
1123 1855 1247 1924 recipere
1262 1855 1403 1925 hucusque
1417 1868 1578 1909 noscamur.
1602 1852 1766 1924 Quapropter

471 1915 574 1971 XXIX·
972 1941 1052 1996 nimis
1067 1934 1412 2013 dolentes'gementesque
1436 1941 1534 1996 iterum
1557 1940 1713 2013 iterumque
1729 1941 1764 1996 dl·

266 2039 303 2080 cu
317 2036 431 2079 tttotttttt
445 2035 481 2077 ht·
495 2034 605 2075 rutum!
620 2033 779 2074 8⁹18001‘08·
972 2028 1115 2086 lectionem
1130 2038 1205 2084 tuam
1220 2045 1373 2095 monemus,
1391 2029 1534 2084 hortamur
1548 2035 1577 2084 ct
1587 2028 1762 2094 obsecramus,

433 2128 524 2198 (Anno
539 2124 613 2196 876).
972 2133 1006 2172 ue
1021 2116 1133 2173 differas
1148 2118 1229 2186 ultra,
1244 2133 1295 2173 nec
1317 2117 1430 2189 patiaris
1450 2116 1585 2188 populum
1609 2116 1718 2173 Domini
1735 2117 1762 2171 ab

125 2245 246 2302 Hirctur
259 2257 305 2299 eos
319 2242 355 2297 cd
369 2257 399 2297 re
411 2256 468 2296 non
478 2240 582 2294 reverti
592 2236 802 2293 incursionibus
811 2236 924 2292 Sarace-
972 2204 1026 2259 illis
1054 2205 1181 2261 divimus
1207 2205 1381 2260 fulminandss‘
1410 2205 1548 2277 Aduenis
1571 2203 1761 2277 ffiwemiiflf

159 2331 264 2370 norum
279 2312 443 2369 maieritum
458 2329 467 2366 .·
482 2311 640 2365 obtestatur
653 2311 687 2362 ct
698 2307 865 2378 quantocius
879 2321 923 2360 re·
972 2302 1136 2364 Operuerunl
1150 2293 1306 2351 universam
1321 2291 1494 2365 superficiem
1519 2300 1613 2357 terrae.
1641 2293 1708 2350 sicut
1724 2293 1758 2348 lo·

160 2385 258 2440 dcem.
276 2383 391 2450 Quodsi
405 2382 462 2436 vim
476 2379 510 2434 cfr
525 2379 618 2450 aliquo
637 2379 798 2449 patiantur,
820 2377 922 2448 proeci·
972 2388 1065 2446 austae,
1082 2381 1117 2436 ita
1132 2389 1161 2435 ut
1173 2397 1244 2452 pene
1259 2381 1364 2437 cunctis
1376 2381 1575 2436 habitatoribus
1598 2381 1665 2436 inde
1679 2381 1755 2436 subla·

159 2456 203 2527 f’ff
217 2457 251 2510 αῖ
264 2455 380 2525 stirme?
394 2466 423 2506 *θ
436 2453 545 2521 immi
564 2452 593 2504 ef
604 2447 633 2503 fd
647 2447 700 2502 ‘fbf
713 2446 885 2518 ‘finffi⁶f”²·
972 2468 1016 2535 tis,
1033 2476 1059 2523 et
1073 2468 1101 2523 in
1114 2470 1237 2540 praedam
1251 2477 1279 2524 et
1292 2468 1415 2541 gladium
1430 2468 1547 2535 traditis,
1564 2469 1680 2527 redacta
1696 2468 1755 2524 sitin

157 2568 247 2625 Lsorer
262 2573 289 2623 et
301 2567 395 2622 l’rrno
410 2562 557 2636 episcopis.
972 2555 1146 2611 solitudinem
1165 2564 1192 2611 et
1214 2557 1243 2611 in
1263 2556 1362 2612 cubilia
1386 2557 1546 2626 bestiarum,
1575 2564 1611 2626 et,
1638 2556 1706 2629 quod
1724 2564 1754 2612 cst

158 2656 227 2711 Cum
240 2653 318 2711 robis
332 2650 544 2709 innumerabiles
558 2649 637 2717 hujus
660 2648 710 2703 Dei
725 2647 856 2704 Ecclesiae
870 2663 922 2704 ne·
972 2644 1061 2700 adhuc
1076 2643 1192 2715 amplius
1207 2644 1415 2712 formidandum,
1432 2653 1512 2716 atque
1522 2645 1686 2714 cavendum,
1695 2650 1751 2701 cem

124 2743 333 2801 cessitatesnon
349 2740 438 2795 miuus
453 2753 534 2811 quam
548 2738 627 2792 nobis
643 2737 695 2791 siut
718 2735 845 2809 cognita,
871 2750 922 2807 pro
971 2731 1103 2786 relatione
1140 2731 1334 2798 didicerimus,
1373 2732 1472 2787 stolum
1508 2732 1703 2802 amplissimum
1730 2731 1749 2785 ir

124 2830 224 2903 quibus
247 2827 454 2898 compescendis
482 2841 531 2880 vos
552 2824 586 2878 ad
606 2824 760 2895 piissimum
787 2825 921 2879 Cesaram
971 2819 1095 2891 proximo
1110 2820 1145 2874 ad
1160 2820 1371 2893 expugnandam
1383 2820 1479 2875 urbem
1503 2828 1660 2886 venturum,
1681 2819 1750 2876 idest

123 2916 271 2973 destinatos
286 2915 336 2971 sub
351 2927 453 2986 magna
466 2911 609 2967 velocitate
624 2911 748 2966 sensistis
761 2930 768 2977 ;
790 2910 922 2966 miramur
972 2915 1079 2962 centurn
1094 2923 1188 2974 naves,
1205 2908 1352 2980 exquibus
1367 2923 1428 2963 cum
1444 2907 1521 2980 equis
1536 2917 1600 2964 sunt
1619 2905 1748 2981 quindecim

123 3017 173 3060 ros
187 3009 263 3058 tanto
276 3009 399 3072 tempore
413 2999 493 3056 nobis
503 2998 529 3054 in
540 3006 615 3053 tanto
625 2997 747 3069 periculo
757 2997 918 3067 constitutis,
971 2994 1100 3068 grandes.
1114 2995 1192 3065 Quod
1207 3010 1288 3067 quam
1299 2995 1397 3067 iugens
1407 2995 1511 3051 malum
1522 3003 1550 3052 et
1560 2993 1747 3068 incomparabile

123 3097 150 3147 et
164 3090 364 3146 Saracenorum
377 3085 577 3143 incursionibus
592 3085 711 3156 undique
725 3084 860 3152 laceratis,
887 3086 921 3140 ad
935 3054 960 3119 C
972 3083 1006 3138 sit
1026 3083 1049 3138 si
1068 3083 1169 3138 intente
1197 3083 1441 3150 consideraveritis,
1471 3084 1631 3154 advertetis,
1654 3081 1747 3156 perditio

122 3192 173 3235 nos
187 3192 309 3234 remeare
321 3191 409 3247 usque
423 3175 556 3230 hactenus
565 3173 729 3244 neglexisse.
740 3174 836 3244 Neque
849 3173 922 3228 enim
971 3170 1044 3224 euim
1059 3170 1136 3225 istius
1153 3170 1228 3226 urbis
1242 3171 1323 3227 totius
1337 3179 1378 3227 est
1391 3172 1486 3227 mundi
1506 3172 1687 3242 dispendium,
1706 3169 1746 3224 ino

121 3280 171 3324 ros
185 3264 299 3335 alicujus
314 3262 442 3320 violentia
456 3261 545 3332 magis
560 3277 643 3332 quam
654 3268 744 3316 vestra
753 3261 922 3334 negligentia
971 3265 997 3311 et
1010 3257 1096 3328 ipsius
1111 3259 1270 3314 Christianae
1285 3258 1427 3330 religionis
1438 3260 1555 3329 iactura.
1579 3260 1617 3315 Et
1639 3260 1703 3328 ideo,
1716 3273 1747 3312 se

122 3353 257 3412 credimus
270 3350 432 3416 retardatos,
449 3349 494 3421 qui
509 3349 646 3405 nescimus
662 3347 713 3403 sub
728 3348 825 3420 quibus
839 3365 922 3421 argu·
971 3345 1089 3400 cundum
1104 3346 1177 3417 quod
1193 3353 1220 3402 et
1234 3347 1362 3418 spiritalis
1370 3347 1443 3402 filius
1453 3356 1548 3403 noster
1559 3363 1668 3420 semper
1675 3348 1748 3418 lnge

123 3441 253 3498 montosis
271 3438 399 3511 ingeniis,
414 3436 537 3494 consiliis
551 3445 642 3491 tamen
665 3450 682 3491 a
704 3435 784 3491 nobis
807 3437 921 3492 anathe·
971 3441 1027 3488 stus
1055 3434 1213 3489 necessario
1240 3442 1294 3490 tuae
1316 3435 1451 3491 commisit
1474 3436 1626 3506 industriae,
1649 3435 1747 3492 omnim

121 3528 319 3597 institutorum,
337 3540 370 3583 ac
384 3525 585 3590 fraudulentiis,
603 3538 680 3580 more
699 3524 776 3580 corvi
798 3531 921 3595 tempore
970 3529 1129 3578 ceterarum
1143 3538 1235 3578 rerum
1258 3522 1332 3579 curis
1353 3522 1473 3590 omissis,
1496 3524 1551 3581 hoc
1573 3539 1623 3580 vos
1645 3519 1748 3581 conteni

120 3615 215 3673 diluvii
224 3615 417 3671 admittentem
425 3628 455 3669 se
465 3613 576 3668 minime
585 3612 836 3682 revertentisftien.
847 3611 919 3683 vlu),
970 3617 1026 3666 toto
1040 3609 1214 3666 considerare
1228 3610 1327 3666 mentis
1341 3611 1449 3682 iutuitu,
1465 3618 1491 3667 et
1505 3612 1542 3667 ad
1562 3612 1690 3667 auxilium
1708 3623 1747 3665 no·

121 3705 158 3760 lta
171 3702 315 3777 legationis
328 3710 428 3759 vestrae
441 3717 527 3772 usque
541 3715 614 3756 nunc
639 3699 714 3754 obliti
733 3699 832 3764 fuistis,
855 3708 882 3754 ut
904 3714 921 3754 a
970 3706 1053 3753 strum
1069 3714 1124 3754 non
1138 3699 1275 3754 modicum
1290 3699 1440 3755 exercitum
1450 3699 1746 3770 quantociusdestinart.

120 3791 202 3862 Papia
215 3806 266 3862 per
279 3797 319 3845 tot
332 3789 392 3844 dies
407 3790 520 3844 llomam
543 3795 668 3857 repetere
688 3787 800 3843 minime
824 3787 920 3843 stude·
971 3786 999 3842 Si
1022 3785 1095 3841 enim
1121 3795 1242 3841 vestrum
1269 3787 1397 3843 divinitus
1425 3787 1585 3844 roboratum
1609 3788 1684 3844 nobis
1707 3798 1747 3841 nor

121 3879 194 3933 retis.
211 3877 296 3945 CuJus
310 3876 349 3931 rei
364 3875 453 3948 gratia
468 3889 527 3944 vos,
543 3874 702 3929 auctoritate
726 3875 777 3929 Dei
792 3874 919 3947 omnipo·
967 3874 1107 3947 porrigitis
1126 3874 1245 3930 rahdum
1268 3883 1296 3930 et
1316 3875 1438 3946 amplum
1461 3875 1607 3932 confestim
1630 3874 1745 3938 auxiium,

121 3964 212 4033 tentis,
237 3970 449 4033 sanctorumque
470 3960 653 4032 apostolorum
673 3962 841 4033 principum,
868 3963 920 4017 cb·
969 3962 1065 4018 scitote
1079 3962 1146 4017 nibil
1159 3963 1275 4034 amplius
1290 3979 1444 4030 remanere,
1459 3963 1512 4019 nisi
1527 3971 1556 4019 ut
1566 3965 1647 4020 nobis
1660 3980 1675 4019 a
1688 3960 1746 4019 vobit

121 4056 262 4120 testamur,
278 4049 487 4120 presentialiter
502 4049 537 4103 ad
552 4057 676 4104 sanctam
692 4049 786 4104 sedem
806 4057 919 4121 aposto·
968 4049 1119 4121 desperatis
1147 4050 1291 4118 dimissis,
1322 4051 1400 4107 vobis
1428 4051 1509 4107 etiarn
1535 4051 1569 4107 ab
1596 4052 1648 4109 hac
1673 4055 1746 4107 much

120 4138 201 4194 licam
223 4153 282 4209 quae
305 4153 355 4194 vos
376 4137 459 4207 misit,
484 4136 744 4208 episcopatuumque
767 4145 919 4193 vestrorum
968 4137 1093 4193 Ecclesia
1108 4138 1181 4192 nulla
1197 4154 1261 4208 spes
1273 4138 1341 4193 ultra
1356 4147 1506 4195 remaneat.
1525 4141 1611 4196 Porro
1624 4140 1647 4194 si
1660 4139 1685 4194 in
1696 4151 1746 4209 prr·

121 4226 202 4282 sedes
221 4224 381 4298 quantocius
403 4225 529 4280 redeatis.
557 4225 656 4280 Verum
681 4225 713 4292 si,
740 4225 812 4297 quod
836 4226 917 4294 absit,
969 4226 1038 4280 senti
1053 4226 1214 4282 necessitate
1229 4226 1309 4282 uobis
1323 4234 1415 4297 aptum
1430 4235 1457 4283 ct
1471 4226 1611 4284 sufficiens
1624 4221 1745 4300 praebuer'r

117 4315 194 4385 juxta
222 4313 294 4384 quod
323 4328 339 4368 a
365 4312 445 4367 nobis
474 4313 761 4368 anathematizatorum
790 4314 919 4368 satellites
969 4313 1003 4366 tis
1019 4313 1157 4381 auxilium,
1174 4322 1200 4368 et
1217 4314 1285 4368 nihil
1300 4313 1465 4381 differentes,
1481 4315 1585 4386 populo
1604 4315 1662 4380 Dei,
1683 4315 1744 4368 herto

119 4400 270 4475 gloriantur
298 4401 478 4472 quorumdam
506 4400 641 4456 violentiis
669 4401 804 4467 retinemi,
829 4409 856 4455 et
882 4401 954 4462 adD
971 4401 1049 4456 Petro
1073 4401 1183 4472 speciali
1212 4402 1393 4476 praerogativa
1423 4404 1591 4472 commisso,
1624 4400 1742 4458 subvenire

119 4488 257 4545 mittentes
271 4504 320 4544 vos
335 4488 436 4543 reverti
450 4503 505 4542 nou
526 4488 719 4558 permittimini,
745 4489 918 4559 praecipimus
971 4488 1146 4557 studueritis,
1176 4490 1273 4546 scitote
1296 4490 1325 4545 in
1348 4491 1421 4546 omni
1448 4492 1648 4562 opportunitate
1672 4494 1741 4546 vestm
1801 4532 1804 4541 .

120 4576 198 4634 vobis
213 4575 374 4632 auctoritate
389 4575 438 4630 Dei
453 4583 480 4630 et
495 4576 602 4630 Domini
625 4576 711 4630 nostri
732 4576 796 4631 Jesu
820 4576 919 4632 Christi
970 4584 1044 4632 tanto
1059 4593 1109 4632 nos
1124 4576 1184 4633 fore
1200 4578 1388 4650 promptiores,
1405 4588 1507 4650 quanto
1522 4579 1651 4634 fuerimus
1665 4570 1739 4632 redditi

121 4671 160 4730 ut,
175 4680 313 4720 memores
326 4663 499 4735 antiquorum
515 4671 613 4718 sanctae
637 4665 766 4719 llomanae
787 4665 919 4721 Ecclesiae
968 4665 1001 4719 ab
1016 4666 1093 4720 hoste
1108 4667 1267 4722 securiores.
1283 4667 1417 4723 Caeterum
1431 4666 1603 4724 dilectionem
1626 4676 1690 4722 tuam
1700 4659 1738 4718 mi·

122 4751 275 4824 legatorum
284 4752 329 4824 qui
340 4751 421 4806 nullrs
429 4751 521 4820 minis,
533 4751 614 4805 nullis
625 4753 771 4806 terroribus
782 4753 918 4824 nullisque
968 4769 1060 4808 ramur
1072 4754 1177 4826 legatos
1199 4755 1353 4820 retinuisse,
1378 4748 1496 4812 Leonem
1520 4755 1675 4828 episcopum
1692 4751 1736 4807 cht-

121 4838 254 4893 mortibus
267 4855 281 4893 a
296 4840 353 4894 suis
374 4839 556 4911 legationibus
576 4839 770 4905 discesserunt,
793 4857 917 4910 praesen·
968 4842 1106 4896 rissimum
1129 4850 1256 4912 nepotem
1277 4851 1402 4898 nostrum
1425 4843 1629 4915 apocrisiarium
1651 4851 1675 4898 et
1691 4837 1736 4894 mit·

121 4925 219 4982 tialiter
247 4927 402 4982 auctoritate
430 4928 510 4996 hujus
533 4928 654 4999 epistolae
676 4928 781 4982 initium
810 4927 844 4982 ad
867 4945 917 4984 nos
968 4945 1027 4983 surn
1038 4931 1195 5000 apostolicae
1206 4932 1288 5000 sedis,
1298 4939 1378 5003 atque
1386 4932 1495 4987 Petrum
1508 4932 1733 5005 aqueepiscopm

120 5013 276 5071 revertendi
289 5013 379 5070 facere
394 5015 536 5081 studeatis,
560 5024 587 5070 et
610 5016 632 5070 si
653 5016 779 5086 permissi
802 5015 915 5086 fueritis,
967 5017 1013 5088 qui
1028 5033 1091 5072 cum
1105 5017 1263 5074 festinantes
1278 5035 1328 5090 per
1342 5035 1391 5075 ros
1412 5021 1448 5075 ad
1460 5019 1590 5076 divinitus
1612 5023 1734 5093 protectur

122 5103 211 5157 statim
226 5101 261 5158 ad
275 5117 325 5158 nos
337 5103 520 5175 revertamini.
546 5102 574 5158 Si
598 5120 665 5158 vero
688 5102 784 5175 aliquis
799 5119 848 5160 vos
862 5105 916 5159 im·
966 5107 1118 5178 Augustum
1133 5107 1311 5173 mitterentur,
1327 5121 1342 5161 a
1358 5106 1435 5164 vobis
1450 5116 1477 5163 et
1492 5115 1557 5165 tunc
1572 5106 1668 5165 detenti
1683 5105 1733 5175 sual

120 5190 246 5260 pedierit,
269 5189 399 5247 violentia
422 5206 504 5262 quam
527 5191 651 5263 patimini
673 5193 777 5248 cunctis
799 5193 916 5248 Christi·
966 5200 993 5246 et
1007 5194 1088 5248 modo
1107 5194 1282 5251 nihilominus
1305 5211 1361 5252 non
1381 5196 1477 5253 merito
1502 5197 1657 5254 retinentur.
1677 5184 1735 5262 Quod

120 5276 188 5331 colis
215 5277 305 5334 valeat
325 5277 461 5349 propalari
484 5279 617 5351 nobisque
638 5280 765 5336 continuo
788 5280 915 5349 revelari,
967 5280 1028 5352 quia
1042 5290 1136 5337 contra
1150 5282 1235 5339 decus
1248 5284 1406 5355 apostolica
1420 5283 1504 5355 sodis,
1529 5286 1602 5359 quod
1624 5289 1736 5355 nunqttm

121 5370 254 5431 quatenus
267 5364 296 5419 in
309 5381 342 5421 eo
358 5365 430 5437 quod
445 5375 541 5423 contra
554 5382 659 5424 morem
673 5367 796 5441 gentium
810 5376 917 5441 aposto·
965 5368 1066 5425 facturn
1080 5378 1131 5437 est,
1146 5370 1269 5443 profecto
1284 5388 1339 5429 non
1353 5373 1529 5441 dimittemus,
1546 5390 1610 5430 cum
1619 5374 1678 5430 hinc
1688 5361 1738 5428 ethi

122 5454 183 5514 tica
197 5457 271 5514 sedis
284 5459 385 5532 legatio
409 5477 475 5520 ecce
497 5462 619 5521 secundo
641 5463 815 5537 naufragium
835 5481 916 5538 passa
964 5464 1107 5537 fuerimus,
1122 5468 1247 5527 inultum.
1264 5470 1331 5527 Cum
1345 5470 1418 5528 enim
1431 5485 1482 5528 nos
1496 5448 1566 5528 illos⁴
1572 5487 1624 5545 pro
1637 5461 1741 5538 multipl·
