3794 6104
119 219 166 268 nst
739 206 886 264 loannis
911 205 1007 261 ΡΜ
1038 207 1105 261 Vlil.
1713 217 1763 268 aas

115 336 174 392 uso
189 343 349 391 conservata
363 336 492 403 maiestas
505 341 533 389 et
547 342 637 389 vestra
652 333 730 404 regia
752 330 915 392 maecitudo
928 328 1371 406 ACarolomannogloriosoregi.
1381 341 1444 390 cota
1455 333 1761 406 quibusmuemunpu

119 423 227 480 sibimet
256 424 356 480 debent
382 421 487 495 placide
516 421 755 478 reverentiorem.
782 419 849 474 Data
881 422 914 474 ut
963 418 992 472 in
1007 419 1146 474 servitium
1162 421 1248 476 suncti
1264 422 1335 476 l’etri
1349 421 1432 477 alacri
1448 429 1538 478 moute
1561 422 1610 487 ire,
1637 437 1761 480 omnem·

120 529 217 585 supro.
964 522 1017 578 que
1032 515 1131 563 uestrae
1144 508 1290 563 voluntatis
1304 524 1415 565 causam
1430 518 1457 565 et
1472 512 1669 567 necessitatem
1692 513 1759 582 apud

464 615 567 671 ccxv,
965 595 1091 649 eumdem
1107 611 1201 668 regem
1216 596 1347 666 perlicere
1363 599 1502 662 studeatis.
1519 608 1566 653 eut
1577 598 1761 656 fidelissimum

367 719 404 760 q„
419 719 545 759 mom„
561 717 664 757 mm,
966 690 994 736 et
1007 683 1164 738 idoneuma
1186 684 1272 740 latere
1294 694 1340 741 tuo
1365 687 1455 741 virum
1475 687 1583 759 dirigas
1608 688 1656 759 qui
1682 688 1761 744 vicem

421 793 512 861 (qum,
527 789 601 859 sqq)
964 777 1038 824 tuam
1053 771 1080 824 in
1094 772 1220 827 omnibus
1234 774 1370 844 sagaciter
1384 774 1469 844 possit
1484 774 1608 846 explere.
1626 775 1698 830 Nam
1720 784 1761 832 tuo

122 883 256 936 Hortatur
284 886 318 936 ut
355 882 565 952 quamprimum
595 881 695 934 contro
725 875 852 943 infideles
887 878 915 930 el
966 858 1121 912 0⁰¹i⁵iIi⁰0¹
1137 859 1305 928 adjutorio...
1321 862 1432 917 widem
1447 863 1553 932 ¹08²¹⁰⁸
1569 871 1687 918 ¹¹⁰³ii⁰³
1707 879 1760 919 mo·

208 952 340 1006 eceterae
366 967 541 1023 oppressores
557 950 667 1005 auxilio
708 948 813 1003 ueniot.
966 945 1026 1000 nius
1036 947 1183 1011 hortamur.
1196 950 1410 1018 quatenussedis
1421 950 1760 1023 apostoliuulegatiouem,

154 1038 259 1094 Dilecto
273 1054 305 1094 ac
320 1039 433 1109 spiritali
448 1036 503 1092 silio
518 1038 630 1092 Canobo
645 1036 766 1108 glorioso
781 1033 851 1105 regi.
966 1042 1045 1104 prout
1059 1034 1171 1105 dignum
1194 1045 1244 1096 est.
1269 1045 1295 1090 et
1311 1037 1435 1091 instantis
1456 1038 1592 1109 temporis
1614 1040 1760 1096 necessitas

156 1126 285 1180 Miramur
300 1125 363 1196 quia
378 1142 428 1180 vos
442 1125 541 1195 saepins
556 1125 732 1180 exhortantes
745 1130 774 1176 ut
788 1121 823 1174 ad
838 1120 916 1175 exal·
967 1121 1059 1192 exigit,
1079 1123 1135 1177 Deo
1148 1123 1281 1193 propicio,
1298 1122 1432 1194 perlicere
1445 1126 1562 1196 possint.
1579 1127 1616 1181 Et
1632 1127 1697 1198 quia
1717 1143 1759 1183 eos

120 1214 248 1268 tationem
264 1223 366 1269 sauctae
381 1215 429 1268 Dei
446 1213 577 1268 Ecclesiae
593 1220 767 1280 vestrumque
784 1210 915 1263 honorem
968 1209 1026 1264 sine
1041 1209 1167 1265 tarditate
1181 1211 1221 1265 ire
1249 1226 1281 1265 ac
1309 1212 1408 1266 reverti
1435 1213 1624 1283 praecipimus,
1646 1214 1762 1270 neultra

119 1312 145 1357 ct
161 1302 242 1356 totius
256 1310 336 1356 terroe
350 1310 449 1356 nostrie
463 1299 650 1355 defensionem
674 1297 781 1353 venires
806 1297 915 1351 vocari-
967 1305 1023 1351 tres
1037 1297 1097 1352 dies
1112 1298 1171 1351 illos
1186 1314 1272 1369 penes
1286 1301 1438 1356 teretiuere
1448 1315 1584 1370 procures
1595 1320 1604 1366 ς
1617 1303 1667 1357 sed
1679 1302 1762 1359 babilo

120 1406 189 1452 mus,
207 1398 233 1444 et
248 1390 380 1444 hactenns
395 1388 531 1442 distulisti.
557 1387 674 1442 Credere
696 1401 814 1456 namque
838 1383 916 1438 nobis
967 1400 1029 1440 mox
1044 1385 1157 1440 consilio
1169 1395 1303 1458 quatenus
1318 1388 1385 1441 salvi
1400 1397 1426 1443 et
1440 1389 1529 1444 securi
1542 1389 1578 1444 ad
1592 1395 1654 1456 jam
1668 1391 1761 1446 dictum

119 1477 233 1548 potestis
249 1477 323 1547 quod
337 1476 421 1531 nimia
437 1475 556 1546 undique
571 1483 627 1528 tam
646 1488 816 1546 paganorum
837 1487 916 1543 quam
968 1488 1062 1544 regem
1081 1472 1298 1544 proficiscantur,
1328 1483 1373 1529 ant
1391 1475 1548 1531 nuliatenus
1578 1477 1761 1535 demorentur.

118 1564 250 1619 malorum
265 1564 481 1618 Christianorum
500 1562 688 1632 persecutione
711 1561 826 1633 gravati,
842 1559 918 1614 uadi·
968 1559 1047 1629 Quod
1058 1561 1080 1614 si
1090 1560 1206 1617 leuasse
1216 1563 1487 1618 udCarolomanuum
1498 1579 1549 1634 pro
1560 1566 1624 1634 ejus
1635 1581 1762 1636 corporea

120 1668 174 1722 que
189 1651 325 1711 concussi.
340 1651 402 1706 talia
416 1666 477 1722 quoe
487 1651 544 1719 iam
559 1667 573 1704 a
589 1650 672 1722 longo
698 1656 819 1718 tempore
844 1647 916 1717 puli·
931 1646 1122 1734 Biulirmitate
1136 1649 1176 1703 ire
1191 1665 1245 1705 non
1259 1664 1340 1720 posse
1353 1650 1507 1721 contigerit,
1524 1652 1558 1706 ad
1575 1652 1706 1708 carolum
1728 1668 1765 1710 re·

119 1755 183 1795 mur
197 1737 309 1794 sufferre
325 1740 468 1810 nequimus
485 1756 491 1792 :
509 1747 535 1793 et
550 1738 612 1793 ideo
625 1738 723 1792 iterum
738 1737 917 1791 admonemus
969 1751 1031 1807 gem
1047 1736 1132 1806 ipsius
1144 1752 1306 1809 germanum
1319 1754 1368 1793 eos
1383 1753 1547 1810 quocunque
1570 1742 1658 1796 modo
1683 1741 1761 1813 proi-

119 1834 149 1881 ul
167 1836 222 1881 toto
237 1827 390 1886 conamine.
407 1828 475 1881 sicut
490 1827 567 1882 vobis
597 1825 795 1890 mandarimus,
822 1823 917 1894 procul
967 1823 1033 1878 cisci
1056 1823 1145 1879 facito.
1169 1826 1312 1884 Praeterea.
1345 1826 1468 1882 veridico
1498 1824 1652 1883 inultorum
1683 1829 1761 1885 relatu

120 1915 203 1969 dubio
217 1915 373 1969 attendatis.
390 1915 459 1970 Nam
475 1930 526 1984 pro
541 1922 617 1970 certo
632 1914 704 1968 scire
719 1912 827 1968 debetis
846 1925 917 1982 quo·
968 1911 1049 1983 louge
1063 1911 1172 1982 lateque
1186 1921 1332 1968 resonante
1346 1913 1492 1969 didicimus
1506 1917 1581 1987 quod
1598 1931 1644 1970 res
1658 1926 1685 1972 et
1706 1931 1762 1987 pes·

120 2003 192 2056 niam
207 2018 257 2073 pro
272 2002 373 2057 nullius
392 2003 510 2058 hominis
538 2002 624 2066 lucro,
654 2001 696 2055 rel
723 1999 915 2063 blandimento,
968 1999 1106 2053 sessiones
1120 1999 1227 2055 dileotae
1242 2015 1275 2056 uc
1289 2001 1438 2071 spiritualis
1453 2001 1516 2058 irlioe
1530 2007 1763 2060 nostraetsauctt

118 2091 175 2145 sire
191 2100 304 2156 terrore,
321 2106 337 2145 a
352 2099 445 2146 vestro
461 2106 511 2145 nos
525 2088 664 2144 consortio
679 2097 706 2143 et
720 2085 917 2143 restraeamici·
968 2086 1039 2140 Petri
1055 2086 1253 2143 commendatae
1268 2089 1453 2161 angelbergae
1473 2090 1661 2160 imperatricis
1683 2095 1735 2146 sint
1750 2106 1763 2147 ι

118 2178 162 2233 tiae
187 2177 290 2234 loedere
312 2178 521 2249 separabimus;
546 2177 647 2232 idcirco
671 2184 775 2230 tuntum
806 2174 919 2228 viriliter
968 2174 1132 2246 quibusdam
1157 2174 1379 2231 malefactoribus
1403 2177 1570 2232 omnimodis
1594 2179 1760 2249 depraedata,

119 2282 202 2337 agere
219 2282 250 2321 ea
265 2281 326 2337 quae
336 2267 414 2321 nobis
424 2265 542 2322 scrobis
552 2263 670 2335 proficua
680 2271 753 2328 strui,
765 2262 919 2317 nullatenus
968 2276 1023 2315 non
1038 2262 1126 2316 solum
1141 2278 1201 2332 quae
1216 2262 1282 2317 loris
1297 2264 1424 2319 exstitere
1439 2265 1465 2318 iu
1481 2264 1556 2335 agris
1572 2273 1601 2320 et
1615 2267 1697 2334 villis,
1722 2269 1763 2324 sed

120 2353 257 2409 dubitetis.
275 2354 328 2409 Sed
344 2354 524 2423 praestolando
538 2360 658 2407 vestrum
678 2352 834 2412 adveutum,
856 2350 918 2402 diu·
969 2349 1050 2403 etiam
1065 2366 1125 2420 quae
1140 2349 1211 2404 intus
1235 2366 1284 2421 per
1310 2351 1476 2406 venerabilia
1504 2360 1532 2407 et
1559 2368 1617 2408 non
1645 2355 1764 2411 violanda

120 2457 174 2514 que
198 2442 351 2496 tardantem
378 2442 540 2512 putarimus,
570 2456 604 2495 ne
632 2439 701 2494 lorte
730 2436 919 2492 Cerolomunui
969 2437 1028 2491 loca
1043 2445 1200 2491 sanctorum
1226 2439 1456 2495 monasteriorum
1485 2442 1617 2510 repositae
1643 2441 1774 2498 ineunte·

120 2530 234 2602 gloriosi
246 2530 327 2600 regis.
340 2529 481 2600 germanni
493 2529 573 2584 vestri
584 2526 717 2598 praedieli,
727 2526 819 2596 aliquo
830 2526 918 2594 impe·
969 2540 1018 2594 pro
1033 2541 1087 2595 quo
1107 2525 1210 2579 scilicet
1238 2535 1292 2579 tam
1320 2527 1432 2581 immani
1461 2527 1568 2582 scelere
1600 2528 1765 2602 nefandoque

122 2617 242 2672 dimento
254 2617 311 2685 jum
327 2633 425 2671 reuera
441 2616 603 2687 nequissetis
620 2633 627 2668 ε
644 2615 715 2669 unde
735 2613 774 2668 illi
800 2620 918 2668 nostram
969 2611 1077 2682 piaculo
1106 2613 1310 2668 sanctimoniam
1339 2623 1412 2668 tuam
1440 2616 1537 2670 merito
1568 2616 1763 2688 redarguimus.

121 2705 299 2775 apostolicam
315 2705 464 2769 direaimus
479 2704 633 2774 epistelam,
655 2703 833 2756 admonentes
857 2699 919 2769 quia
970 2698 1104 2768 Quoniam
1120 2699 1265 2756 sacerdotii
1281 2702 1317 2755 tui
1332 2701 1450 2757 officium
1465 2710 1506 2758 est
1517 2703 1590 2759 male
1600 2715 1715 2776 agentes
1725 2722 1765 2761 au-

120 2793 142 2846 si
159 2794 210 2847 hoc
225 2809 340 2864 regnum
356 2793 472 2863 amplius
487 2791 576 2846 taliter
589 2798 750 2859 occupatum
766 2804 797 2843 ac
821 2786 921 2841 inordi-
970 2787 1090 2843 ctoritate
1104 2788 1196 2842 diviua
1211 2789 1364 2861 corrigere,
1380 2790 1526 2860 verbisque
1542 2791 1701 2848 salubribus
1722 2810 1764 2849 co·

28 2879 41 2889 “
120 2874 921 2944 natumetsioedetensionereuuern,animasuaedetri-
971 2876 1072 2938 bibere,
1089 2877 1346 2943 nctacendotales,
1363 2877 1667 2947 prohdolorlimitari
1683 2883 1762 2951 potius

122 2974 242 3022 mentum
257 2967 420 3020 omnimodis
435 2965 498 3030 fret3
515 2965 673 3035 nullumque
693 2963 770 3017 vobis
793 2978 843 3032 pro
867 2964 918 3017 Ec·
970 2979 1051 3033 quam
1067 2964 1210 3033 prohibere
1226 2964 1351 3019 ridearis.
1367 2966 1416 3020 Est
1429 2966 1502 3021 euim
1521 2982 1554 3021 ex
1575 2968 1629 3027 hoc
1652 2970 1763 3038 pessima

121 3055 213 3110 clesiae
241 3054 290 3108 Dei
319 3053 478 3109 defensione
506 3052 676 3106 venientibus
706 3049 917 3120 inpedimentum
968 3049 1040 3105 lama
1055 3051 1210 3106 uuiversum
1224 3052 1383 3107 discurrens
1397 3068 1447 3123 per
1462 3054 1568 3117 orbem,
1585 3057 1662 3126 quod
1683 3057 1764 3112 domi·

120 3143 224 3214 aliquot
235 3141 326 3197 lucere
341 3150 495 3212 praesumat.
513 3140 684 3211 Quapropter
697 3138 770 3209 quod
780 3137 919 3209 agendum
969 3153 1033 3193 nam
1047 3140 1183 3209 quondam
1200 3148 1227 3194 et
1240 3140 1442 3210 imperatricem
1453 3149 1586 3210 vestram,
1600 3144 1646 3198 cui
1655 3153 1762 3200 vestran

115 3239 162 3300 est
177 3238 271 3285 restra
285 3230 385 3302 regalis
399 3229 558 3285 excellentia
575 3226 741 3299 egereuullo
752 3225 834 3280 modo
844 3225 919 3280 desi·
972 3224 1053 3281 fidem
1069 3243 1120 3297 per
1132 3227 1318 3296 jusjurandum
1333 3228 1456 3291 dedistis,
1473 3229 1547 3284 mele
1571 3233 1704 3295 tractatis.
1727 3232 1763 3290 uti

120 3327 184 3383 uat;
201 3334 263 3373 uam
279 3319 302 3373 si
316 3334 367 3389 per
381 3334 430 3374 vos
446 3325 541 3372 sancta
556 3317 679 3372 liomuna
694 3314 817 3370 Ecclesia
839 3313 920 3368 luerit
971 3314 1116 3386 pristinum
1131 3316 1263 3371 honorem
1278 3316 1445 3388 dignamque
1459 3319 1646 3373 reverentiam
1665 3335 1763 3390 semper

121 3407 239 3462 exaltata
253 3415 335 3478 atque
349 3406 473 3472 defensa,
490 3414 582 3461 vester
596 3405 682 3459 honor
707 3411 732 3458 el
754 3402 840 3474 gloria
864 3402 918 3470 bic,
970 3403 1099 3458 exhibere
1114 3403 1280 3458 debueratis.
1296 3404 1376 3460 Nune
1389 3405 1481 3475 itaque
1495 3421 1546 3474 pro
1568 3420 1668 3462 amore
1686 3408 1761 3463 sancti

120 3503 147 3549 et
162 3496 189 3548 iu
204 3494 293 3549 futuro
309 3495 367 3550 sine
382 3495 465 3549 dubio
491 3509 581 3549 coram
605 3491 722 3547 Domino
745 3489 920 3561 multiplicata
971 3491 1051 3558 Petri,
1068 3491 1119 3544 sub
1135 3492 1213 3560 cujus
1229 3492 1342 3562 speciali
1356 3491 1515 3548 defensioue
1543 3494 1683 3559 consistit,
1709 3509 1759 3551 cam

120 3583 248 3638 manebit.
267 3583 333 3638 Data
348 3587 380 3637 ul
395 3599 491 3656 supra.
971 3579 1100 3647 adjurare
1116 3595 1170 3633 nou
1191 3580 1391 3649 pretermittas.
1428 3596 1573 3651 quousque
1601 3598 1652 3637 sua
1680 3582 1758 3638 omna

460 3723 568 3778 CCXVI
970 3683 1032 3738 quae
1046 3667 1144 3734 injuste
1157 3668 1285 3738 perdidit,
1314 3670 1347 3738 [s.
1375 3669 1453 3724 deert
1477 3669 1654 3742 recuperare]
1670 3670 1752 3741 possit.

972 3755 1038 3809 Data
1053 3759 1084 3810 ul
1098 3772 1194 3826 supro.

322 3826 358 3864 nn
377 3827 528 3866 wranoonu
557 3825 720 3866 aerscoeutr.

434 3901 523 3967 (Auno
539 3900 615 3967 ais.)

127 3988 159 4042 lll
170 4003 228 4041 uno
241 4002 305 4041 cum
318 3988 417 4056 tequtis
432 4003 498 4057 quos
509 3987 544 4040 ud
559 3986 797 4041 carolomannum
819 3984 921 4051 mittit,

85 4057 89 4061 ’
160 4060 215 4119 eol,
230 4056 273 4110 uel
294 4056 417 4180 aliquem
436 4057 494 4110 uice
510 4072 561 4110 ruo
580 4057 697 4120 millot;
730 4054 838 4125 aequit,
852 4054 923 4126 quod

161 4125 232 4181 dono
244 4127 331 4196 Auqel
350 4141 420 4196 erqo
429 4125 514 4195 diripi
524 4141 581 4180 nor
591 4125 778 4195 prohibuerit:
791 4125 924 4181 lrrrrtntnr¹
973 4120 1108 4173 Hortatur
1119 4120 1153 4171 ut
1162 4116 1197 4170 od
1207 4116 1394 4171 obedientium
1403 4117 1535 4170 llomcnoe
1547 4118 1753 4187 barlaamumque

160 4201 236 4252 uteo
255 4197 448 4266 recuperando
465 4201 554 4251 curet.
1007 4187 1141 4242 seductus
1151 4190 1315 4250 recesserat,
1327 4203 1392 4241 cum
1403 4190 1548 4258 suuqeule
1557 4191 1726 4244 reuertatur.

164 4284 305 4340 Wraaono
326 4285 465 4354 episeopo.
1006 4291 1110 4347 Dilecto
1125 4290 1180 4345 filio
1194 4291 1330 4345 brennam
1346 4291 1406 4363 regi
1425 4291 1616 4364 bulgarorum.

161 4373 296 4444 Quoniam
312 4389 369 4443 prce
383 4373 509 4427 omnibus
524 4373 610 4443 quiin
625 4372 667 4426 his
681 4373 808 4428 videntur
831 4370 920 4427 cousi·
937 4363 964 4424 D
1009 4380 1080 4447 Quia
1094 4395 1143 4433 vos
1157 4379 1329 4448 omnipotens
1344 4379 1417 4433 Dens
1432 4379 1504 4433 dono
1518 4380 1646 4451 munite
1666 4377 1755 4434 miseri-

126 4472 196 4520 stere
212 4462 342 4533 partibus,
360 4462 417 4516 Deo
432 4462 538 4516 dilectis
557 4461 754 4527 sacerdotibus,
779 4469 806 4516 te
829 4468 922 4529 utpote
971 4467 1143 4523 condiaesuae
1171 4475 1334 4538 gentemque
1349 4475 1467 4521 vostram
1484 4464 1755 4538 adcognirionernsni
1804 4516 1807 4521 Α

126 4552 314 4609 charissimum
329 4548 413 4604 lilium
429 4557 455 4604 et
470 4555 584 4604 tratrem
600 4549 756 4604 unanimem
777 4548 922 4619 specialius
972 4555 1089 4610 nominis
1099 4570 1196 4609 vocare
1206 4554 1333 4626 dignatus
1343 4554 1706 4621 esqmeminisscdebenens
1716 4555 1756 4607 noc

125 4640 272 4710 diligimus,
289 4646 316 4693 et
335 4654 385 4707 pro
416 4646 488 4692 tanta
516 4646 568 4692 tuae
592 4637 758 4692 sinceritatis
778 4636 923 4690 devotione
973 4646 1045 4716 quod
1061 4642 1192 4698 Dominus
1205 4643 1285 4697 beate
1302 4643 1380 4696 Petro
1393 4643 1517 4712 apostolo
1533 4642 1615 4698 diclt:
1631 4646 1705 4699 iuer
1718 4643 1757 4696 Pr·

125 4743 205 4799 quam
220 4728 293 4782 circe
309 4725 508 4781 nosetsedem
524 4724 922 4795 apostolieambaberediguo·
974 4737 1045 4792 erne,
1063 4731 1270 4801 acceperitque
1304 4733 1415 4800 petram
1444 4730 1588 4797 adimere
1620 4733 1757 4787 scelestam

127 4813 521 4878 sceris‚1010mooiisoffoelo
546 4812 745 4882 implectimur,
770 4819 797 4866 el
820 4811 923 4866 iiioil00
974 4816 1760 4889 mecrultilottluvrjtmuiresinprimordiocbrisliauitatis

126 4902 306 4959 reverentiam
320 4912 391 4958 tuam
408 4902 451 4973 pie
467 4901 546 4956 uobis
560 4916 652 4956 amore
677 4900 849 4969 conjunctam
872 4915 923 4955 cu·
974 4917 1071 4965 vestrae
1086 4909 1119 4961 ad
1134 4906 1286 4979 regendum
1301 4905 1474 4961 commisistis
1483 4906 1598 4977 opisque
1609 4904 1760 4964 successori-

125 4993 215 5064 pimus
230 4989 379 5061 apostolica
394 4989 680 5060 semperbenignitate
694 4986 796 5051 serere,
808 4986 926 5042 auctori·
975 4998 1025 5050 bus
1040 4996 1072 5050 ad
1087 4994 1278 5049 obediendum.
1296 4993 1349 5047 Sed
1366 4993 1459 5047 nescio
1474 5008 1529 5063 qua
1548 4997 1653 5050 ratione
1668 4996 1701 5050 ab
1714 4993 1761 5061 eju

126 5088 179 5135 tate
195 5078 299 5134 fulcire.
316 5078 393 5132 Nune
407 5078 490 5150 igitur
513 5076 650 5132 dilectioni
674 5085 727 5130 tum
749 5084 842 5129 notum
863 5090 924 5129 esse
975 5083 1134 5156 magisterio
1149 5082 1296 5137 ealliditate
1312 5080 1491 5151 quorumdam
1506 5082 1574 5135 estis
1597 5082 1714 5147 abducti,
1734 5080 1762 5132 ita

126 5169 250 5223 volumus
265 5166 329 5238 quia
343 5181 394 5236 pro
409 5173 447 5219 iol
462 5175 488 5221 el
507 5166 588 5219 tantis
611 5163 820 5228 culamilulibus,
844 5178 922 5234 quas,
975 5181 1002 5226 ut
1018 5171 1218 5241 cumApostolo
1231 5169 1763 5239 dicamus:Quisnoesasginpm'teinon

126 5257 195 5311 sicul
222 5257 280 5326 ipse
307 5256 377 5310 beno
404 5255 558 5324 cognoscis.
580 5253 688 5308 assiduo
717 5252 845 5322 potimur.
876 5252 926 5305 hoo
976 5261 1094 5323 obedire,
1108 5259 1271 5314 cuidurlum
1284 5257 1539 5312 collosubmire'slie
1554 5258 1629 5324 (Gal.
1643 5258 1704 5328 urii
1725 5259 1763 5310 aut

127 5354 276 5413 praesenles
292 5344 391 5398 missos
406 5342 680 5407 uestrosdireximns,
693 5348 777 5410 petie
788 5339 866 5411 quasi
876 5355 927 5408 pet·
976 5347 1206 5410 illiseredidistrs,
1224 5353 1338 5415 nrt-pace
1359 5345 1518 5400 Graeeorum
1545 5344 1698 5416 loquamur,
1725 5340 1763 5412 qui

138 5431 274 5501 quoddam
289 5431 388 5486 ostium
416 5431 569 5485 intraturos
591 5429 723 5499 spirituali
752 5426 807 5482 filio
833 5436 927 5482 1¹0⁵er
978 5436 1099 5510 quetidie
1112 5434 1190 5490 novis
1204 5440 1229 5488 et
1253 5433 1334 5486 variis
1344 5431 1497 5502 disciplinis
1506 5440 1589 5504 atque
1606 5430 1768 5504 dogmatibus

1304 3852 1433 3907 ccxvii.

1109 3955 1145 3994 nn
1160 3954 1321 3994 utcrraauau
1336 3955 1428 3995 nauare
1444 3954 1644 3997 nuaaaaoauu.

1273 4034 1364 4097 launo
1393 4028 1468 4097 87⁹.)
