3826 6098
85 246 133 301 tta
456 242 579 301 OPUSC.
610 242 656 300 ΕΤ
682 242 793 300 aelst.
827 243 864 298 ΙΝ
891 241 1004 300 clusa
1032 242 1205 300 maula}
1231 243 1386 309 Lauourt.
1672 247 1725 303 lit

383 365 498 423 CAPUT
515 368 583 424 LIV.
894 365 1057 438 Axxxvu),
1073 374 1100 423 et
1113 368 1200 424 cauda
1222 368 1330 439 pecoris
1348 367 1376 423 in
1395 366 1530 425 sacrificia
1554 367 1669 425 Domino
1684 369 1728 425 al-

108 457 140 514 lll
154 471 213 512 aaa
228 470 257 512 rc
268 455 420 529 permittat
434 456 526 529 decipi
540 474 558 511 a
570 457 639 525 flore
651 456 813 529 juventutis
828 459 857 511 et
932 454 997 512 terri
1010 456 1174 527 precipitur,
1200 457 1264 528 quia
1284 459 1333 530 qai
1356 459 1576 530 perseveraverit
1598 457 1729 530 usquein
1783 453 1786 461 ’

185 545 310 601 sanitate
324 545 461 617 corporis,
477 544 616 600 elmundi
630 546 778 601 illecebris.
931 544 1028 613 puero,
1053 545 1097 601 liic
1126 546 1220 601 saluus
1245 548 1302 602 erit
1321 546 1429 616 (ldaltb.
1446 547 1487 609 xi.
1503 546 1538 599 Et
1552 544 1728 601 obaudiamus

117 631 241 688 Tandem
255 632 349 689 hortor
369 640 405 698 te,
423 631 508 688 irater
522 648 554 689 ac
568 632 616 702 lili,
633 640 660 689 et
673 648 772 688 moneo
786 639 882 688 utnon
932 631 1005 703 quod
1022 632 1158 703 Sapientia
1173 650 1222 705 per
1236 634 1409 690 Salomonem
1424 649 1474 688 nos
1489 633 1613 705 singulos
1627 635 1727 689 exhor·
1782 660 1785 664 ·

85 728 109 776 te
131 719 273 793 permittas
296 720 386 792 decipi
408 736 425 776 a
445 719 513 776 flore
538 720 695 790 juventutis,
723 729 749 776 et
766 720 882 777 sanitate
932 728 993 774 tans
1003 719 1086 777 dicit:
1102 722 1286 795 Quodcunque
1297 727 1390 795 polest
1398 740 1501 779 marsus
1514 725 1562 778 lua
1572 725 1667 794 facere
1680 723 1728 778 iu·

86 808 217 880 corporis,
234 809 368 865 elmundi
390 809 538 877 illecebris,
564 809 668 864 habens
690 825 798 881 semper
821 817 882 864 ante
932 813 1044 864 stanter
1052 825 1165 881 operare
1176 812 1259 882 :qaia
1266 828 1318 867 nec
1328 829 1404 884 opus,
1417 827 1468 867 uec
1478 813 1562 877 ralia,
1574 827 1626 867 nec
1639 811 1728 868 sclea-

86 896 181 953 urentis
205 897 299 953 oculos
321 898 394 969 quod
416 897 480 953 hinc
496 906 605 953 sanctus
621 896 737 969 Spiritus
752 913 802 969 per
814 898 882 952 bea·
933 898 984 963 tia,
1000 913 1053 953 aea
1067 900 1209 970 rapientia
1233 904 1318 956 eruut
1338 900 1412 972 apul
1426 900 1533 970 inseras
1548 915 1600 971 qua
1615 903 1648 956 lu
1658 916 1727 972 pro·

85 993 140 1040 tum
153 985 206 1041 iob
221 985 305 1041 dicit:
316 987 400 1043 llorua
414 985 681 1052 ualusdemuliere,
697 986 773 1042 breui
787 987 882 1041 viceor
932 1002 1014 1059 peras
1029 985 1131 1056 (licata.
1147 988 1200 1058 rx).

87 1078 219 1147 tempore,
229 1074 464 1146 repleturmultis
474 1075 596 1130 miseriis
605 1093 614 1130 .·
623 1074 705 1146 quasi
713 1074 764 1143 llas
774 1074 884 1146 aqretli-
1239 1110 1351 1167 CAPUT
1369 1112 1415 1168 LV

87 1163 684 1234 lur,etcouleritur,etsuqiluclutumbra,
697 1166 883 1234 etuuuquam
1417 1153 1424 1166 ⁸

86 1251 114 1305 ia
131 1249 228 1307 eodem
237 1253 316 1306 slata
323 1254 483 1322 permanet.
493 1252 592 1307 Breues
602 1250 660 1307 dies
671 1251 793 1306 bominis
803 1254 881 1318 suut,

86 1353 223 1394 namanes
232 1339 375 1394 meusium
383 1340 443 1412 ejus
453 1338 529 1411 apud
541 1343 630 1406 least,
642 1340 819 1396 cartrtituistl
827 1343 883 1395 ler-

87 1429 178 1483 miros
187 1429 259 1497 ejus,
270 1427 319 1499 qul
328 1427 469 1498 preteriri
479 1444 536 1483 uau
542 1431 677 1499 poterunt
688 1427 755 1496 (lob.
766 1429 836 1498 xvv).
848 1427 884 1482 Et

86 1531 134 1586 per
141 1514 327 1570 Psalmistam:
339 1516 536 1572 Verumtamen
546 1516 578 1571 iu
588 1517 714 1588 imaqiue
724 1517 883 1588 pertransit

88 1603 175 1669 bama,
197 1603 245 1659 sed
261 1606 289 1659 et
307 1604 418 1673 frastra
437 1603 634 1660 conturbatur.
659 1605 841 1661 'thesaurizat
856 1607 884 1660 el

87 1693 197 1764 iqaorat
221 1691 269 1747 cui
292 1695 469 1764 couqreqaut't
490 1692 780 1763 ea(Psal.xuxv111).
807 1691 881 1747 Habe

87 1795 194 1852 semper
217 1787 279 1834 ante
302 1780 401 1835 mentis
422 1780 525 1849 oculos,
549 1797 631 1853 quam
652 1781 782 1836 terribilis
797 1781 882 1850 judex

934 1215 1079 1272 Conclusio
1107 1215 1231 1288 epistolae
1249 1217 1338 1272 aeriis
1361 1217 1439 1284 Elia,
1464 1216 1544 1287 Quod
1564 1233 1656 1277 meum
1678 1218 1728 1276 luit

1264 1285 1317 1342 ieci
1334 1285 1393 1341 tibi.

968 1392 999 1446 ln
1012 1391 1186 1448 conclusione
1210 1399 1298 1447 autem
1319 1392 1418 1448 borum
1441 1392 1621 1451 omniumtibi
1635 1396 1726 1454 scribo

933 1479 1006 1551 quod
1019 1479 1114 1535 beatus
1135 1479 1209 1534 Elias
1233 1480 1334 1550 Spiritu
1357 1488 1450 1536 sancto
1473 1482 1593 1553 repletus
1617 1483 1652 1538 od
1670 1485 1727 1540 illi-

932 1583 1009 1622 seum
1024 1567 1121 1623 eodem
1137 1567 1239 1638 Spiritu
1253 1574 1347 1625 sancto
1370 1568 1529 1639 replendum
1546 1569 1635 1626 dixit:
1653 1571 1730 1638 Quod

932 1672 1028 1712 meum
1040 1658 1098 1728 suit
1112 1657 1168 1727 leci
1184 1657 1235 1712 libi
1249 1656 1300 1727 (lll
1309 1659 1374 1728 Req.
1385 1659 1459 1727 xix).
1476 1658 1563 1715 Credo
1577 1658 1649 1714 enim
1664 1659 1729 1731 quia

933 1744 1040 1800 etiamsi
1063 1744 1134 1816 quod
1148 1744 1218 1798 absit
1232 1760 1277 1800 me
1299 1761 1354 1800 nou
1369 1745 1534 1813 obaudieris,
1552 1746 1631 1802 labor
1650 1764 1730 1804 meus

931 1849 986 1888 non
1008 1832 1060 1888 erit
1081 1832 1109 1887 iu
1138 1840 1163 1887 te
1183 1833 1256 1903 apud
1278 1833 1365 1888 Deum
1385 1832 1475 1888 inanis
1497 1842 1523 1889 et
1542 1850 1654 1891 vacuus.
1670 1836 1729 1892 Etsi

931 1921 1004 1976 enim
1022 1920 1144 1991 AEthiops
1167 1920 1246 1993 niger
1260 1920 1287 1975 in
1305 1920 1434 1976 balneum
1452 1920 1543 1986 intrat,
1560 1929 1585 1977 et
1600 1923 1680 1995 niger
1693 1924 1729 1981 de

931 2009 1028 2065 bdneo
1042 2009 1097 2064 exit
1112 2026 1119 2063 :
1135 2017 1295 2064 nontamen
1318 2008 1458 2064 balneator
1476 2008 1628 2079 denarium,
1643 2011 1672 2064 id
1687 2018 1730 2067 est

931 2097 1048 2168 pretium
1072 2095 1114 2153 sui
1136 2096 1227 2152 balnei
1246 2095 1344 2168 perdit.
1360 2098 1418 2152 Nos
1442 2104 1531 2152 sutem
1546 2105 1572 2152 et
1585 2112 1728 2154 sermones

931 2185 1016 2241 nostri
1030 2185 1060 2240 in
1074 2200 1155 2241 manu
1169 2186 1220 2240 Dei
1234 2202 1339 2252 sumus,
1356 2185 1403 2256 qui
1418 2185 1483 2241 dicit
1499 2201 1505 2240 ε
1521 2186 1624 2243 Plaam
1643 2202 1729 2260 super

931 2274 1730 2346 uuamcivitatem,elsuperalleramuaaplaaruffimor,

932 2365 991 2433 rv);
1009 2370 1036 2419 et
1049 2363 1212 2434 quibusdam
1235 2361 1353 2434 loquitur
1377 2378 1428 2433 per
1440 2376 1546 2428 vocem,
1563 2370 1590 2418 et
1604 2362 1730 2434 exigente

932 2450 1020 2521 culpa,
1038 2450 1145 2507 occidte
1168 2458 1247 2521 atque
1265 2450 1339 2519 justo
1350 2449 1463 2519 jndicio,
1479 2465 1532 2506 non
1546 2449 1667 2523 loquitur
1678 2467 1728 2522 per

932 2539 1089 2594 unctionem
1105 2555 1112 2593 ε
1128 2538 1291 2610 quibusdam
1323 2554 1388 2594 vero
1410 2538 1503 2610 grstia
1532 2538 1651 2609 loquitur
1677 2554 1732 2595 uu·

88 2663 165 2720 nobis
180 2665 222 2719 es't
242 2663 271 2718 in
294 2663 475 2736 consessione,
501 2672 528 2721 et
549 2665 713 2737 plorandum
736 2673 799 2721 ante
823 2681 885 2720 eum
933 2627 1140 2770 ῗὲῑῃῧοᾘὶἒ
1155 2627 1377 2780 ἶῖῗυθῗῖιζέἒῗ
1391 2632 1733 2783 ὲῖεξὲἷξὲοἶῒοὲἓθζὲθὲἐ

89 2752 132 2825 qui
146 2751 212 2809 fecit
234 2767 285 2809 ¹¹⁰⁵
299 2751 386 2823 (Μ’
402 2754 491 2824 xm
508 2754 706 2810 Auendendum
728 2762 770 2810 est
792 2754 882 2822 ΘΗΜ
934 2818 1019 2876 agere
1041 2819 1102 2874 quae
1120 2803 1222 2872 jussit:
1238 2809 1307 2857 etta
1329 2802 1434 2868 audire,
1461 2809 1489 2857 et
1509 2802 1637 2860 exaudire
1661 2802 1735 2875 quod

88 2857 146 2913 quae
168 2839 250 2896 nobis
271 2840 437 2897 verecundia
457 2842 584 2898 tuucerit
598 2842 625 2897 iu
641 2849 789 2914 conspectu
804 2841 886 2897 totius
1024 2892 1030 2902 ,
1167 2891 1172 2901 .
1633 2891 1639 2903 .
1709 2891 1715 2902 .

88 2928 199 2985 humaui
226 2928 345 3003 generis,
375 2928 550 3002 omniumque
579 2930 708 2988 virtutum
736 2930 886 2986 coelestium
935 2892 1052 2989 eipedu'
1069 2899 1096 2947 et
1109 2891 1190 2947 ηοω
1213 2890 1346 2945 amb⁰bu⁸
1361 2906 1392 2946 ⁶⁸
1407 2888 1478 2946 velle
1492 2898 1519 2946 et
1533 2906 1651 2962 ⁰pem¹⁹
1667 2898 1738 2948 Μ

90 3016 228 3085 confundi,
243 3025 270 3073 et
284 3024 347 3090 post
368 3016 556 3074 confusionem
579 3036 639 3091 quae
664 3036 714 3075 nos
735 3035 816 3089 poena
839 3035 886 3075 Se·
935 2979 978 3034 hus
996 2994 1173 3050 perseverare
1196 2995 1257 3051 quae
1280 2978 1411 3051 praecipit,
1437 2987 1467 3036 ut
1488 2994 1643 3038 mereamur
1665 2979 1738 3037 dont

90 3114 195 3179 quatur,
217 3122 280 3162 cum
301 3106 419 3162 animam
440 3106 628 3162 immortaliter
648 3108 810 3164 morientem
824 3124 888 3164 rea·
904 3072 1082 3140 Cpempere
1096 3085 1156 3141 ‘1¹¹ae
1169 3074 1310 3140 Pwmnm·

90 3202 130 3250 tus
151 3193 281 3263 involvet,
307 3203 334 3250 et
357 3193 542 3252 indeficienter
574 3195 745 3254 deficientem
777 3212 890 3253 carnem
1261 3231 1407 3245 ,—

91 3283 890 3446 {titillatuillicitilli{illl
1047 3338 1217 3396 iusve
1236 3340 1407 3397 nucum
1430 3339 1632 3397 ussurus

87 1875 178 1923 noster
193 1868 228 1922 sit
242 1868 270 1922 in
284 1867 404 1923 consiliis
418 1884 500 1940 super
514 1867 584 1924 filios
599 1869 747 1935 homiuum,
760 1876 786 1924 et
800 1885 882 1941 quarn

87 1957 224 2013 districtus
244 1956 278 2011 ad
292 1955 467 2026 judicandum
491 1957 590 2025 veniet,
609 1957 686 2013 coelis
700 1966 727 2013 et
740 1957 818 2014 terris
833 1973 881 2013 ar-

86 2043 222 2112 dentibus,
251 2052 279 2099 et
302 2045 436 2100 universis
458 2044 588 2101 coelorum
617 2045 771 2112 virtutibus,
802 2053 882 2118 atquc

87 2132 211 2190 omnibus
232 2132 365 2188 creaturis
378 2132 406 2187 iu
420 2132 580 2205 obsequium
601 2134 643 2189 sui
667 2134 781 2189 terroris
803 2150 882 2190 ccm-

86 2222 175 2278 motis.
201 2219 316 2290 Quando
338 2220 410 2293 ignis
433 2229 495 2277 ante
518 2221 607 2294 ipsum
631 2223 776 2295 praecedet,
798 2230 824 2277 et
837 2222 883 2277 iu·

86 2308 235 2367 flammabit
249 2309 278 2365 in
291 2308 404 2367 circuitu
414 2310 537 2366 inimicos
549 2311 606 2380 ejus
619 2326 625 2366 ε
637 2312 774 2368 advocans
784 2311 883 2367 coelum

87 2398 242 2466 desursum,
271 2406 298 2455 et
325 2405 425 2454 terram
453 2399 609 2456 discernere
636 2401 763 2472 populum
792 2416 881 2468 suum,

88 2486 195 2560 quaudo
220 2485 311 2543 veniet
333 2503 384 2543 nos
404 2486 572 2557 judicaturus
599 2488 633 2544 de
662 2488 881 2562 cogitationibus,

87 2575 187 2646 verbis,
216 2581 243 2631 et
272 2575 374 2630 actibus
406 2576 507 2631 nostris
522 2594 528 2630 :
545 2593 627 2648 quem
663 2577 884 2649 praeveniendum

92 3468 118 3515 ut
127 3460 260 3533 seriptum
277 3467 328 3527 est,
341 3462 386 3517 bic
400 3461 521 3532 paudere
532 3479 597 3518 cam
607 3465 718 3530 saecula,
728 3467 757 3520 et
767 3464 828 3519 illic
842 3478 890 3519 re·
1106 3458 1143 3499 ᾸῙ)
1162 3460 1328 3501 mmmm
1350 3459 1567 3502 “UDUNENSW

92 3564 176 3620 9710?ss
196 3565 261 3605 cum
278 3551 405 3606 Domino.
423 3548 512 3605 Simus
526 3550 619 3624 igitur,
635 3559 664 3605 ut
678 3552 758 3606 (locet
771 3553 891 3622 Aposto.
941 3539 1058 3611 Accepto
1073 3540 1133 3610 ejus
1148 3541 1293 3624 missatico
1307 3554 1359 3665 ἶθῗ
1383 3540 1543 3624 Ht‘ddollem
1555 3541 1738 3615 proepossimm

92 3635 892 3712 lus,quasimorieater,etecceviuimussutcasliqati,et
1164 3611 1289 3666 “dem
1330 3611 1515 3667 munem·

94 3726 891 3801 mmorqqfifflqqmmmmm,semperaupemywden,
941 3714 1166 3772 (apudsumond,
1183 3715 1302 3794 exueterl
1321 3714 1407 3763 codice
1426 3714 1589 3763 bibliotheca
1608 3716 1745 3774 tauma.)

95 3815 365 3887 ustricaleqeales,
377 3817 893 3889 mattaratiumlocupletarentur
977 3823 1336 3893 nrvcuunus,1themorun
1354 3822 1509 3894 episcopus,
1542 3822 1640 3880 dilecto
1662 3822 1742 3879 fratri

94 3919 175 3974 quam
185 3903 414 3972 aililbabauter,
433 3909 461 3961 al
478 3908 575 3961 amaia
593 3905 767 3978 possidentes
777 3905 816 3976 (ll
830 3906 890 3961 Cor.
942 3911 1098 3979 Hincmaro‚
1113 3911 1244 3968 Ecclesiae
1259 3911 1447 3968 laudunensis
1462 3911 1601 3983 episcopo,
1614 3910 1738 3968 salutem.
1828 3954 1831 3958 .

95 3991 142 4061 rr).
156 3991 303 4047 Momentis
324 3992 381 4048 suis
402 3993 476 4049 bora
499 3993 615 4066 lugiunt,
633 4001 660 4049 et
674 4001 798 4066 tempora
820 3992 892 4049 dila·
978 4001 1091 4057 Decimo
1107 4000 1200 4071 quinto
1214 3999 1351 4056 Kalendas
1365 4001 1482 4073 Augusti
1498 4000 1641 4072 presentis
1655 4000 1743 4060 tertia

95 4077 214 4134 buntur..
228 4079 390 4154 Satsqarnus
411 4096 480 4153 ergo
507 4089 537 4136 ut
556 4081 584 4136 in
606 4081 686 4137 bonis
710 4089 736 4138 et
758 4080 894 4139 continuio
943 4087 1107 4155 indictionis,
1121 4088 1179 4157 jam
1199 4089 1308 4160 vesperi
1322 4088 1396 4145 venit
1410 4088 1443 4144 ad
1457 4104 1502 4145 me
1517 4089 1669 4145 communis
1683 4088 1741 4145 lra-
1803 4078 1806 4082 ’

96 4165 222 4239 operibus
246 4174 413 4224 teneantur:
430 4169 491 4241 quia
514 4170 645 4241 scriptum
671 4177 712 4225 est
729 4187 736 4225 t
752 4170 831 4226 Beati
846 4171 894 4242 qui
944 4184 986 4231 ter
1000 4184 1026 4231 et
1040 4176 1225 4233 comminister
1247 4183 1340 4231 noster
1359 4176 1464 4240 liedda,
1486 4177 1649 4249 praepositus
1664 4191 1743 4233 cum-

97 4254 258 4312 cuttodiaul
273 4256 427 4328 judiciam,
443 4263 472 4313 et
481 4258 595 4329 saciuut
612 4260 755 4327 iustitiam
770 4260 802 4314 iu
816 4259 895 4314 omui
943 4262 1036 4320 missa
1050 4264 1097 4318 tibi
1112 4263 1244 4329 ecclesia,
1263 4264 1358 4319 dicens
1381 4263 1447 4317 mihi
1461 4279 1495 4319 ex
1509 4272 1552 4319 tua
1567 4271 1643 4334 parte
1656 4263 1743 4322 missa

98 4345 219 4415 tempore
232 4343 320 4415 (Pral.
336 4346 392 4417 cv).
409 4346 444 4402 Et
466 4345 608 4418 descriptis
622 4346 673 4402 viri
695 4347 783 4402 sancti
805 4345 894 4401 conti·
944 4352 1037 4419 ticum,
1054 4351 1123 4407 sicut
1139 4351 1182 4406 hic
1196 4350 1310 4405 habetur
1325 4351 1486 4405 subnexum.

97 4429 153 4485 uuis
165 4430 247 4486 bonis
261 4432 400 4504 operibus,
417 4433 605 4505 scriptumest
621 4452 628 4489 ε
644 4436 690 4492 Sic
706 4434 828 4506 saciabat
842 4436 890 4491 lob
904 4425 933 4489 D
982 4462 993 4491 «
1011 4441 1032 4495 1.
1048 4441 1124 4496 bleus
1148 4439 1240 4495 senior
1261 4438 1338 4495 vobis
1359 4438 1471 4495 mandat
1492 4437 1594 4495 salutes
1609 4447 1635 4495 et
1648 4435 1743 4495 fideles

98 4520 206 4576 cunctis
217 4519 314 4577 diebus
328 4522 387 4592 (lob
401 4523 432 4595 ι).
449 4523 524 4579 Sicut
538 4538 605 4595 ergo
620 4523 788 4595 quotidianas
803 4530 829 4577 et
845 4539 890 4578 ne·
942 4527 1089 4584 orationes.

98 4606 226 4664 cesserim
247 4609 394 4680 pensiones
409 4611 519 4683 corpori
533 4611 684 4678 reddimus,
700 4610 738 4666 ita
753 4610 891 4683 quotidia—
980 4640 990 4664 a
1004 4617 1037 4672 11,
1053 4615 1162 4671 Mandat
1176 4615 1263 4685 vobis,
1280 4615 1344 4688 quia
1357 4630 1408 4672 aas
1421 4615 1513 4687 sapitis
1528 4615 1602 4687 quod
1615 4613 1654 4669 illi
1668 4627 1742 4672 nunc

99 4710 143 4750 uas
176 4703 258 4768 alque
293 4697 435 4754 conannas
470 4699 602 4755 bonorum
635 4715 758 4771 operum,
789 4699 893 4755 scilicet
943 4702 1040 4761 lactum
1055 4704 1104 4760 fuit
1117 4704 1146 4761 iu
1159 4704 1301 4771 attimaro,
1317 4713 1430 4776 propter
1451 4703 1523 4776 quod
1538 4701 1741 4759 iudeambula·

98 4783 277 4853 aucmentis,
300 4783 457 4858 lectionum,
479 4786 644 4859 vigiliarum,
674 4795 701 4844 et
728 4787 890 4855 orationum,
942 4792 988 4860 vit,
1010 4792 1078 4848 sicut
1098 4792 1176 4848 vobis
1200 4809 1249 4864 per
1269 4791 1450 4847 teutlandum
1470 4790 1619 4857 mandavit,
1642 4797 1669 4846 et
1692 4805 1742 4847 vos

98 4878 177 4944 atque
197 4871 391 4945 lacrymarum,
408 4882 434 4930 et
447 4875 691 4948 eleemosynarum,
713 4884 792 4948 atque
807 4891 893 4932 sacrae
943 4879 1035 4951 sapitis
1059 4896 1113 4952 quo
1136 4880 1217 4935 modo
1241 4879 1281 4935 illi
1302 4880 1360 4948 jnm
1383 4879 1469 4935 alteru
1493 4878 1553 4936 vice
1566 4877 1666 4935 lactum
1679 4876 1741 4948 luit,

97 4958 190 5029 hostiae
204 4959 382 5031 oblationum,
399 4963 549 5036 gemituum
569 4979 676 5037 quoque
691 4980 723 5018 ex
738 4963 893 5036 praeterilo·
943 4968 1051 5041 quaudo
1066 4984 1114 5023 reu
1128 4967 1205 5022 illum
1219 4967 1342 5022 detinuit.

98 5063 157 5105 rum
186 5049 355 5121 peanitentia,
384 5058 411 5107 et
437 5062 531 5109 sancto
561 5051 710 5108 futurorum
746 5052 892 5121 desiderio,
982 5057 1053 5110 «111.
1071 5056 1180 5111 blandut
1192 5055 1279 5120 vobis,
1298 5055 1362 5127 quia
1384 5070 1430 5110 res
1445 5055 1479 5110 de
1499 5071 1548 5110 sua
1571 5052 1742 5112 ecclesisilli

98 5137 242 5208 pensiones
265 5138 407 5194 animabus
422 5141 523 5196 uostris
539 5140 707 5197 effundentes
722 5156 768 5196 eas
782 5139 810 5195 in
825 5156 894 5196 cou—
944 5145 1045 5201 tollutae
1059 5151 1130 5211 sunl,
1147 5150 1173 5198 et
1182 5142 1333 5198 Flotharius
1347 5143 1423 5215 regis
1436 5143 1536 5199 missus
1546 5159 1592 5199 eas
1600 5141 1743 5215 consigna·

98 5233 190 5296 speum
213 5224 323 5283 Domini
346 5227 459 5285 reddere
481 5229 647 5297 studeamus,
673 5237 700 5285 et
721 5229 749 5284 in
764 5228 806 5282 his
833 5244 894 5286 uum
944 5232 981 5288 vit
995 5230 1155 5287 Narlmauni
1170 5230 1281 5296 bomini,
1299 5238 1325 5286 el
1339 5231 1392 5288 boc
1406 5248 1485 5287 meus
1499 5230 1591 5286 senior
1602 5230 1658 5298 iam
1672 5228 1744 5287 scie·

98 5311 148 5370 fide
162 5320 246 5382 recta,
262 5330 312 5386 spe
324 5312 410 5386 firma,
427 5325 454 5373 et
468 5318 599 5373 charitate
617 5315 747 5388 perfecta,
764 5332 894 5388 perseve-
945 5321 1001 5387 but,
1017 5318 1124 5392 quando
1139 5318 1173 5375 de
1189 5318 1322 5376 attiniaco
1347 5317 1503 5385 ambulavit,
1524 5316 1588 5391 quia
1602 5316 1641 5375 sic
1655 5317 1742 5374 deve·

96 5401 252 5459 rantissime
274 5403 429 5478 vigilemus,
458 5406 575 5464 scientes
599 5405 663 5478 quia
689 5405 791 5475 loseph
820 5404 895 5460 solus
944 5409 1022 5474 niret,
1039 5402 1745 5480 quiahomoNortmauuiHerimuudushocseniori

98 5488 166 5548 inter
194 5489 295 5548 tratres
320 5491 401 5549 talari
429 5494 519 5553 tunica
542 5494 653 5552 indutus
688 5491 787 5566 legitur
814 5491 894 5564 (Gerr.
946 5511 1009 5553 meo
1022 5495 1098 5563 dixit,
1115 5494 1223 5567 quando
1236 5511 1286 5552 rex
1299 5495 1334 5551 de
1349 5494 1510 5552 Silvanectis
1523 5495 1638 5552 revenit.
