3794 6104
45 242 99 299 iil
797 241 986 304 EPISTOLAE.
1584 280 1590 287 ⁴
1649 260 1700 315 ttt

43 368 191 437 paratione
207 369 372 424 sanaverint.
384 370 557 427 Incestuosos
567 386 633 428 tero
644 371 717 427 nullo
729 371 851 444 conjugii
863 371 892 432 Α
902 374 1025 432 Christus
1040 383 1067 431 et
1080 375 1211 447 Ecclesia,
1227 378 1290 434 huic
1306 378 1396 434 eidem
1420 380 1509 436 ordini
1533 381 1647 436 maritus
1673 391 1700 438 et

44 458 161 513 nornine
175 473 321 514 censemus
337 459 516 530 deputandos,
525 476 593 531 quos
608 461 688 516 etiam
703 460 850 533 designare
902 479 970 518 uxor
993 464 1164 537 astringitur.
1199 466 1253 522 Sed
1277 467 1434 537 videndum,
1461 477 1489 524 ut
1511 470 1648 541 quomodo
1672 470 1701 526 in

46 542 189 600 funestum
206 555 257 602 est.
274 548 309 602 Et
324 547 353 603 S.
371 548 522 622 Gregorius
532 549 679 620 inepistola
690 550 723 604 ad
733 549 851 605 Felicem
903 551 1008 607 Christo
1023 560 1051 607 et
1064 553 1092 607 irt
1106 553 1230 610 Ecclesia
1244 563 1336 611 sancta
1350 556 1506 626 conjunctio
1521 566 1571 628 est,
1588 557 1625 614 ita
1640 557 1702 616 etin

48 633 225 690 Siciliensem
259 635 433 708 episcopum,
462 654 542 708 quem
573 639 696 694 audierat
721 654 852 709 perverso
902 639 1017 696 muliere
1031 649 1124 698 sancta
1139 643 1173 698 sit
1188 645 1294 715 copula.
1321 645 1397 701 Sicut
1422 654 1512 703 autem
1535 661 1590 702 non
1613 648 1702 702 omnis

48 722 226 794 interpretari
241 725 314 795 quod
330 724 425 780 beatus
450 725 601 799 Gregorius
623 727 777 799 Augustino
792 728 851 781 Αιι-
903 731 1079 803 congregatio
1094 731 1282 788 haereticomm
1294 733 1394 790 Christi
1402 734 1526 791 Ecclesia
1536 734 1589 792 dici
1599 744 1700 808 potest,

49 811 159 884 giorum
175 812 307 884 episcopo
322 814 465 869 consilium
481 816 630 871 seeundum
657 815 852 888 indulgentiam
902 833 953 873 nec
967 827 1048 889 caput
1063 835 1158 875 eorum
1172 821 1293 878 Christus
1307 829 1365 891 est;
1383 823 1423 879 sic
1441 839 1497 880 non
1510 840 1590 879 omne
1606 824 1702 881 matri·

50 900 84 954 de
100 900 220 972 Paganis
236 917 253 956 a
268 909 367 973 quarto
382 920 465 976 genu,
481 912 507 960 et
522 904 550 958 in
566 904 709 976 reliquum,
726 919 784 959 nea
798 903 852 960 fide
902 907 1033 973 monium,
1051 910 1123 980 quod
1134 925 1188 963 uon
1204 910 1263 966 viro
1277 927 1327 967 suo
1342 912 1490 968 secundum
1511 912 1609 969 Christi
1627 929 1701 986 prae-

51 987 222 1060 relugerent,
239 989 362 1059 dederat,
380 991 508 1063 quodque
523 992 575 1063 ipsi
597 994 755 1049 venerando
773 1010 852 1064 papae
903 1002 982 1066 cepta
997 997 1180 1069 conjungitur,
1200 997 1249 1054 rite
1273 1000 1430 1071 conjugium
1441 1000 1575 1072 appellari
1598 1008 1699 1073 potest,

52 1085 242 1149 suggesserat,
259 1079 293 1133 ad
308 1080 433 1135 eumdem
448 1080 566 1136 Felicem
591 1082 747 1137 rescribens
762 1082 827 1137 dicit
844 1099 850 1137 :
903 1084 950 1139 sed
965 1084 1052 1156 magis
1068 1085 1239 1141 adulterium.
1255 1087 1295 1142 De
1309 1088 1407 1160 quibus
1423 1089 1459 1144 ita
1476 1089 1545 1146 sacri
1568 1088 1702 1145 definiunt

53 1166 228 1238 Progeniem,
246 1166 382 1239 inquiens,
399 1185 475 1223 suam
496 1186 727 1243 unumquemque,
752 1171 786 1225 de
810 1170 853 1225 his
903 1188 1023 1228 canones
1039 1191 1044 1229 :
1062 1174 1237 1246 Sanequibus
1248 1176 1402 1244 conjunctio
1415 1176 1508 1233 illicito
1518 1177 1699 1245 interdicitur,

53 1254 96 1326 qui
119 1253 240 1310 hdehter
264 1256 364 1322 edocti,
390 1265 416 1313 et
436 1257 494 1327 iam
518 1258 596 1314 firma
626 1260 717 1316 radice
742 1259 853 1331 plantati
903 1261 1040 1317 habebunt
1063 1263 1174 1319 ineundi
1198 1263 1320 1320 melioris
1347 1265 1467 1337 conjugii
1491 1265 1648 1323 libertatem.
1665 1267 1701 1322 Et

55 1351 122 1398 stant
136 1343 304 1411 incontulsi,
321 1361 407 1417 usque
421 1347 454 1401 ad
469 1348 612 1419 septimam
634 1349 781 1404 observare
806 1349 852 1404 dc·
902 1350 930 1404 in
945 1352 1134 1423 synodoapud
1149 1351 1270 1424 Liptinas
1289 1354 1346 1419 (an.
1375 1356 1438 1425 ata)
1462 1354 1561 1421 habita,
1584 1355 1628 1412 cui
1647 1355 1699 1410 sub

55 1432 191 1486 cernimus
215 1434 431 1505 generationem,
454 1444 481 1490 et
502 1437 622 1507 quandiu
646 1454 676 1492 se
700 1445 852 1508 agnoscunt
903 1434 1083 1490 Carlomanno
1098 1436 1221 1508 principe
1238 1437 1373 1510 Georgius
1386 1437 1541 1509 episcopus,
1567 1446 1594 1494 et
1613 1439 1697 1494 Joan·

58 1519 185 1576 affinitate
202 1522 383 1594 propinquos,
398 1524 433 1577 ad
447 1525 601 1593 huiusmodi
616 1526 721 1597 oopulae
736 1542 791 1581 uon
804 1541 853 1581 ac·
883 1531 885 1535 ·
903 1539 951 1578 nes
964 1523 1131 1592 sacellarius,
1148 1540 1181 1581 ac
1196 1533 1307 1581 sanctus
1321 1525 1483 1593 bonifacius,
1505 1542 1537 1583 cx
1564 1535 1700 1598 praecepto

56 1608 151 1664 cedere
167 1610 329 1665 societatem
345 1628 351 1666 :
368 1628 418 1667 uec
433 1629 504 1680 eam,
521 1630 601 1685 quam
617 1614 714 1686 aliquis
737 1632 770 1670 ex
785 1630 852 1685 pro·
903 1612 1039 1669 Zachariae
1053 1629 1130 1684 papae
1144 1615 1342 1685 praesederunt,
1364 1614 1473 1686 legitur,
1490 1622 1519 1670 ut
1534 1615 1557 1669 si
1572 1615 1614 1670 vir
1636 1632 1699 1671 mu-

58 1696 112 1767 pria
134 1698 372 1770 consanguinitate
396 1701 540 1774 conjugem
564 1703 667 1770 habuit,
693 1703 737 1758 rel
761 1699 963 1790 sliquaBlieri
977 1701 1158 1772 desponsatae,
1174 1703 1284 1767 dotatae,
1301 1718 1333 1759 ec
1347 1704 1462 1774 publicis
1487 1703 1587 1776 nuptiis
1610 1705 1700 1761 ducta

58 1784 146 1841 illicita
169 1787 320 1857 pollutione
347 1789 503 1858 maculavit,
526 1791 555 1845 in
577 1792 732 1864 conjugium
752 1793 853 1847 ducere
904 1786 1054 1842 secundum
1064 1786 1222 1858 Apostolum
1233 1786 1354 1843 debiturn
1368 1788 1510 1861 conjugale
1538 1795 1702 1860 nonpotue-

57 1873 97 1929 dh
113 1874 240 1945 prolecto
257 1876 473 1934 Christianorum
497 1878 570 1946 licet,
593 1880 635 1935 vel
658 1880 772 1937 licebit:
790 1880 853 1952 quia
903 1874 937 1929 nl
952 1875 1075 1945 neddere,
1090 1882 1116 1932 θῑ
1130 1877 1182 1931 h00
1200 1883 1247 1930 nni
1271 1877 1413 1932 flntb⁰nnn
1439 1876 1621 1945 confessione,
1652 1886 1700 1934 flul

58 1962 227 2019 incestuosus
241 1974 282 2020 est
298 1965 359 2020 talis
374 1967 469 2035 coitus,
487 1977 511 2023 et
520 1968 711 2024 abominabibs
726 1970 851 2038 Domino,
904 1972 976 2018 centn
996 1964 1116 2035 qnnlibet
1139 1964 1335 2035 nnnt'Obnlionn
1355 1964 1436 2021 sueni
1459 1966 1642 2034 manifestum·
1672 1974 1701 2024 nt

58 2061 78 2119 et
90 2053 200 2108 eunctis
215 2051 342 2109 fidelibus
359 2072 365 2109 :
381 2055 551 2112 incestuosos
565 2074 631 2114 vero
645 2058 720 2114 nullo
735 2057 854 2129 conjugii
905 2060 1072 2124 separentur,
1100 2061 1126 2108 et
1151 2054 1258 2124 mulier,
1279 2054 1302 2108 si
1321 2070 1350 2110 se
1374 2054 1514 2111 continere
1537 2055 1698 2128 nequiverit,

61 2141 165 2196 nomine
182 2142 355 2214 deputandos
369 2159 384 2197 a
399 2144 501 2202 sanctis
514 2147 636 2216 patribus
659 2148 761 2202 dudum
782 2147 853 2220 legi·
904 2139 983 2196 alteri
998 2141 1057 2197 viro
1070 2140 1194 2214 legaliter
1206 2142 1299 2199 nubat.
1316 2142 1458 2210 Videlicet,
1474 2143 1537 2216 quia
1550 2144 1700 2200 secundum

58 2245 109 2284 nus
119 2230 311 2286 constitutum.
904 2229 1091 2286 diffinitionem
1106 2231 1193 2286 sancti
1207 2231 1305 2287 Leonis
1318 2247 1408 2302 papae,
1425 2240 1452 2289 et
1466 2233 1636 2289 traditionem
1647 2233 1699 2290 do-

86 2319 146 2375 Nec
161 2320 219 2376 hoc
234 2335 344 2392 quoque
358 2319 450 2377 iubae
465 2322 655 2379 sollicitudinis
669 2332 745 2395 parte
768 2325 847 2380 relin-
904 2325 1008 2374 ctomm
1031 2318 1157 2390 superius
1180 2319 1404 2386 demonstratam,
1436 2320 1548 2376 dubium
1570 2337 1625 2378 non
1649 2328 1700 2388 esi,

60 2407 170 2478 quimus,
188 2409 264 2479 quod
279 2409 403 2465 hominos
423 2411 602 2483 iooestoosio
625 2413 764 2469 liminibus
788 2430 854 2469 sao.
905 2407 1114 2464 eammulierem
1124 2424 1180 2463 non
1193 2408 1332 2480 pertinere
1342 2409 1378 2464 ad
1388 2409 1599 2479 matrimonium,
1610 2410 1638 2467 in
1649 2426 1703 2483 qua

59 2505 99 2553 cte
113 2497 252 2553 Ecclesiae
266 2506 328 2553 sunt
351 2500 508 2569 separandi,
524 2517 668 2574 usquequo
682 2518 732 2574 per
747 2502 855 2559 satissa-
905 2497 1094 2566 conJunctione
1109 2514 1224 2554 sexuum
1238 2513 1292 2554 non
1316 2497 1428 2554 docetur
1443 2499 1540 2554 Christi
1554 2507 1581 2555 et
1604 2500 1701 2557 Eccle-

60 2585 169 2642 ctionem
185 2586 317 2657 precibus
342 2589 514 2643 sacerdotum
530 2589 619 2645 eidem
642 2599 743 2647 sanctas
766 2593 857 2648 Eccle-
906 2584 954 2640 Sin*
969 2593 1181 2652 sacramentum,
1193 2586 1245 2642 ¹100
1256 2585 1701 2659 estnuptialetuissemysterium.

60 2673 96 2730 sia
111 2674 261 2731 catholica}
273 2675 494 2731 reconcilientur.
513 2678 547 2732 Et
561 2678 590 2732 in
611 2678 701 2735 edicto
725 2681 855 2737 canonico
941 2673 1025 2746 Mulio
1040 2674 1128 2744 magis
1142 2674 1414 2743 outemhujusmodi,
1430 2676 1465 2730 (Ῑθ
1480 2690 1533 2747 <1¹¹0
1548 2676 1703 2749 agitur,se·
1757 2718 1761 2725 ·

61 2772 112 2818 nte
123 2779 228 2834 corpus
239 2764 310 2818 beati
321 2764 392 2820 Petri
402 2765 507 2836 prolato
517 2782 523 2820 :
534 2766 562 2822 Si
577 2767 638 2838 quis
648 2768 800 2839 depropria
810 2786 856 2825 oo·
905 2769 1003 2833 parato
1016 2762 1153 2834 conjugio,
1170 2762 1253 2818 eliam
1268 2761 1392 2836 legaliter
1406 2763 1481 2819 adire
1504 2763 1596 2820 licebit
1619 2779 1705 2836 copu-

60 2852 191 2923 parione,
209 2851 254 2908 vel
268 2868 350 2924 quam
364 2862 496 2923 cognatus
511 2855 615 2925 habuit,
628 2857 857 2914 ‹luxerituxorem
907 2848 971 2916 lam,
988 2851 1034 2922 qui
1046 2850 1221 2906 concubitum
1234 2866 1289 2907 110ss
1305 2850 1436 2908 Contraxit
1458 2850 1616 2923 impnlentin
1639 2868 1704 2910 nnn·

61 2942 197 2997 anathema
213 2940 257 2995 sit.
265 2942 299 2995 Et
313 2943 514 3013 responderunt
525 2960 621 2999 omnes
637 2946 727 3014 tertio,
742 2949 856 3002 anathe-
907 2938 958 3007 nis,
976 2939 1025 2994 sed
1040 2938 1193 2996 reverentia
1207 2939 1313 2995 meniis·
1330 2940 1360 2995 1¹¹
1375 2939 1703 3016 copulaveroconjugali.

62 3044 96 3083 tna
110 3030 156 3086 sit.
171 3031 209 3086 Et
223 3045 279 3084 non
294 3029 407 3084 dubium
422 3039 462 3086 est
477 3032 539 3088 huic
558 3035 784 3090 anathematismo
802 3052 856 3091 nu·
885 3025 936 3108 ,in
951 3043 1002 3099 qun
1025 3027 1248 3099 desponsatione,
1274 3029 1413 3084 dotatione
1437 3036 1463 3085 el
1482 3030 1635 3102 nuptiarum
1660 3046 1692 3087 sa

62 3118 120 3187 pias
135 3117 270 3190 stephani
284 3118 428 3188 subjacere
452 3120 590 3187 debuisse,
606 3121 629 3175 si
644 3138 704 3177 cum
720 3123 771 3178 ista
794 3140 855 3179 con·
880 3123 1054 3181 1cramento,
1071 3115 1195 3187 corporis
1211 3116 1324 3185 scilicet,
1340 3117 1450 3184 unitate,
1468 3118 1566 3174 Christi
1577 3119 1706 3176 etEcclc·

64 3207 206 3274 camberei,
224 3206 314 3278 quise
329 3224 391 3263 oum
406 3216 519 3282 cognato
541 3210 599 3278 ejus
622 3212 855 3268 concubuisset.
906 3203 954 3259 siae
968 3204 1080 3259 docetur
1095 3204 1179 3260 luisse
1199 3205 1369 3275 mysterium,
1397 3206 1450 3260 nisi
1472 3215 1559 3264 morte
1581 3208 1705 3279 corporis

64 3301 132 3350 tetur.
150 3295 187 3349 Et
198 3294 264 3350 item
275 3295 303 3350 in
314 3295 465 3351 canonibus
475 3297 606 3367 scriptum
616 3308 656 3353 est
667 3301 756 3370 (corte.
769 3302 851 3357 llcrd.
907 3291 1103 3359 intercedente,
1121 3293 1241 3364 conjugii
1255 3309 1311 3348 1¹0⁰
1325 3293 1425 3366 poterit
1439 3293 1538 3350 ⁵⁰¹11150
1552 3294 1620 3362 fieri,
1633 3294 1704 3351 Sinni

64 3397 117 3437 cca.
129 3384 157 3455 i)
170 3399 177 3437 τ
188 3383 282 3438 Dehis
292 3383 338 3455 qui
347 3399 377 3439 se
385 3384 479 3439 incesti
485 3384 632 3455 pollutione
641 3388 852 3455 commaculant,
906 3381 1063 3452 evangelica
1078 3389 1104 3437 et
1118 3382 1264 3453 apostolica
1279 3389 1394 3437 testatur
1412 3383 1570 3449 auctoritas,
1597 3391 1624 3439 et
1647 3398 1706 3440 om·

63 3470 172 3538 placuit,
195 3479 225 3526 nt
254 3488 397 3543 quousque
427 3473 456 3526 in
483 3473 542 3544 ipso
566 3475 726 3531 detestando
758 3485 784 3531 et
806 3477 855 3532 illi-
905 3469 981 3526 nium
996 3469 1193 3526 catholicorum
1203 3471 1345 3526 doctorum
1362 3471 1472 3526 chorus.
1489 3471 1523 3525 Et
1536 3471 1631 3526 beatus
1646 3474 1705 3527 hu-

67 3558 608 3631 citocarniscontubernioperseverant,
626 3565 761 3635 usquead
785 3566 854 3620 rois-
905 3558 1032 3629 gustinus
1056 3558 1084 3611 in
1107 3557 1178 3613 libro
1207 3559 1240 3613 de
1265 3557 1425 3613 adulterinis
1454 3559 1594 3630 Coniugiis
1615 3559 1702 3617 dicit:

67 3661 113 3701 sam
127 3657 233 3704 tantum
248 3650 505 3706 cathecumenorum
520 3651 547 3705 in
563 3651 689 3708 Ecclesia
712 3654 856 3709 adgnitum.
907 3645 1041 3714 Quoniam
1056 3646 1078 3700 Si
1093 3647 1137 3701 vei
1150 3661 1200 3718 plo
1214 3646 1377 3702 intolerabili
1392 3661 1426 3703 80
1438 3646 1567 3703 diuturna
1590 3647 1705 3705 infirmi·

68 3743 118 3802 tur;
134 3754 197 3792 cum
212 3738 313 3809 quibus
337 3737 429 3805 etiarn,
449 3755 500 3795 nec
524 3740 613 3795 eibum
638 3757 745 3797 sumere
768 3741 854 3798 olium
907 3741 958 3790 tate
974 3735 1145 3791 concubitum
1160 3735 1202 3790 vir
1215 3751 1353 3802 exercere,
1371 3744 1417 3791 aut
1440 3735 1542 3791 semina
1570 3737 1705 3794 sustinere

69 3822 283 3891 Christianorum,
309 3825 378 3882 siout
399 3828 546 3899 Apostolus
566 3829 657 3897 jussit,
683 3838 799 3902 oportet,
821 3830 855 3886 Et
904 3824 1067 3896 nequiverit,
1082 3839 1134 3881 nec
1149 3823 1230 3880 etiam
1245 3840 1293 3896 pro
1318 3825 1467 3893 sterilitate,
1493 3841 1541 3882 seu
1566 3825 1706 3898 religionis

69 3910 120 3968 hirto
133 3915 212 3985 plura
226 3932 267 3970 ex*
276 3915 429 3970 canonibus
445 3917 629 3987 potuissemus
653 3933 812 3991 congerere,
833 3919 857 3974 si
905 3913 1083 3976 continentia,
1099 3920 1146 3969 aut
1159 3928 1211 3985 pro
1225 3913 1279 3968 alia
1293 3914 1413 3985 qualibet
1428 3921 1541 3986 excepta
1555 3914 1707 3974 iomicatio·

70 3998 160 4057 hcestu
186 4003 375 4059 intercedente
394 4005 466 4076 quod
492 4005 644 4076 Stephanus
662 4007 800 4073 devitavit,
824 4023 854 4063 se
904 4002 947 4056 nis
961 4017 1054 4068 cnnsn.
1072 4003 1113 4057 nin
1127 4010 1155 4057 θῑ
1168 4018 1247 4069 uxor»
1268 4001 1396 4076 lessnllinn
1421 4011 1448 4059 θῑ
1471 4004 1574 4060 carnali
1595 4005 1707 4061 commi·

71 4095 90 4142 et
101 4105 210 4148 uxorem
225 4107 305 4146 suam
320 4101 434 4163 propter
447 4092 499 4149 hoc
514 4109 627 4150 necesse
642 4094 738 4150 fuisset
753 4095 856 4165 disjun-
904 4091 992 4146 stione
1007 4091 1154 4160 conjuncti,
1171 4091 1292 4163 separari
1307 4107 1361 4149 non
1376 4091 1515 4149 valebunt.
1527 4092 1705 4166 Quapropter

71 4193 130 4248 gere.
146 4180 225 4237 Nunc
246 4190 346 4248 autern,
372 4197 406 4236 ne
430 4182 543 4253 nuptiali
567 4182 730 4239 simulationi
755 4201 853 4255 super·
903 4180 973 4235 hanc
987 4179 1078 4252 legem
1092 4195 1109 4235 a
1123 4179 1240 4236 Domino
1257 4178 1401 4236 audientes
1416 4181 1544 4254 discipuli
1559 4183 1705 4239 dixerunt:

72 4266 170 4324 addatur
187 4269 319 4337 incestus,
345 4271 473 4342 quonism
497 4279 605 4342 oportet
626 4289 682 4338 eos,
708 4281 735 4328 et
762 4289 852 4329 coram
906 4269 935 4324 Si
944 4269 1001 4322 boec
1011 4269 1145 4323 conscita
1154 4285 1219 4324 cam
1227 4284 1317 4325 uxore
1327 4270 1516 4336 hecatomben
1525 4272 1703 4342 expeditne·

72 4353 151 4412 divinis
165 4367 191 4413 et
205 4374 302 4415 coram
315 4359 442 4415 humanis
457 4360 544 4417 ocubs
560 4360 683 4432 legaliter
693 4376 723 4417 ac
734 4363 854 4417 rationa—
903 4356 1085 4426 berc(llnttlt.
1101 4356 1174 4426 xix).
1186 4356 1248 4413 Non
1259 4364 1349 4414 tamen
1358 4373 1409 4430 pro
1419 4360 1471 4415 hoc
1483 4358 1615 4415 Dominus
1625 4375 1702 4415 suam

71 4441 142 4501 biliter
155 4447 286 4520 disiungi,
304 4447 350 4520 qui
364 4463 419 4503 non
441 4448 565 4521 legabter
589 4450 616 4504 in
639 4449 729 4506 divina
747 4451 852 4520 justitio
865 4441 893 4505 D
904 4444 1016 4501 mutarit
1029 4444 1200 4501 sententiam.
1212 4445 1290 4501 Unde
1302 4453 1329 4501 et
1348 4446 1403 4502 Leo
1423 4446 1458 4502 ad
1478 4446 1600 4503 Nicetam
1615 4447 1702 4519 Aqui-

71 4530 110 4586 tisi
123 4532 195 4592 luere
210 4536 370 4605 conjuncti;
386 4535 450 4592 talia
465 4543 622 4593 sanctorum
641 4538 752 4594 Petrum
766 4540 851 4596 done·
901 4532 1033 4589 leiensem
1047 4532 1204 4605 episcopum
1218 4534 1336 4605 scripsit,
1353 4542 1381 4590 ut
1393 4535 1416 4590 si
1430 4551 1480 4607 per
1494 4533 1618 4591 bellicam
1642 4534 1699 4590 cla·

71 4634 117 4676 nns
130 4624 290 4693 testimonia,
308 4641 368 4696 qnae
383 4627 418 4680 ad
433 4627 567 4699 agendam
587 4643 700 4684 causam
719 4627 773 4683 sint
796 4646 852 4683 ma·
902 4622 976 4688 dem,
992 4630 1017 4678 et
1032 4622 1211 4695 gravissimos
1225 4623 1380 4679 hostihtatis
1394 4623 1528 4689 incursus,
1554 4622 1596 4678 ira
1620 4639 1697 4694 quaa-

70 4707 228 4769 uilestissime
242 4713 417 4785 pertinentia.
901 4711 966 4766 dam
980 4711 1079 4767 luerint
1093 4711 1180 4768 divisa
1193 4712 1330 4784 conjugia,
1346 4718 1375 4766 ut
1397 4711 1518 4767 abductis
1532 4711 1561 4766 in
1584 4711 1699 4783 captivi·

96 4798 202 4858 Sanctus
217 4802 380 4859 Ambrosius
403 4802 432 4857 in
457 4803 608 4875 Epistolam
634 4805 670 4860 ad
698 4804 852 4862 Corinthios
902 4808 985 4855 tatem
1003 4800 1080 4869 viris,
1098 4801 1205 4857 seminar
1228 4816 1323 4857 eorum
1344 4799 1527 4857 remanserint
1550 4801 1694 4872 destitutae,

69 4884 120 4942 dicit
134 4908 141 4944 ε
155 4892 216 4947 Non
231 4899 274 4947 est
289 4893 361 4946 enim
376 4891 469 4962 irater,
486 4901 534 4949 aut
545 4908 630 4959 soror,
647 4894 770 4950 servituti
783 4894 852 4949 sub·
902 4905 962 4960 quae
976 4889 1051 4946 viros
1064 4890 1198 4961 proprios,
1214 4897 1260 4944 aut
1273 4889 1449 4959 interemptos
1464 4890 1625 4960 putaverint,
1651 4898 1698 4946 aut

67 4972 140 5041 iectus
153 4979 180 5034 in
195 4979 341 5049 ejusmodi,
357 4981 410 5037 hoc
424 4989 475 5047 est,
491 4997 545 5036 non
569 4982 651 5037 debet
673 4982 852 5039 reverentiam
902 4993 1041 5050 nunquam
1051 4994 1066 5033 a
1076 4977 1259 5033 dominatione
1270 4976 1387 5032 hostium
1399 4977 1567 5034 crediderint
1577 4979 1697 5049 liberan-

68 5067 181 5140 eoajugii,
198 5068 224 5123 ci
239 5069 287 5140 qui
300 5069 406 5124 horruit
419 5077 558 5125 auctorem
572 5071 764 5142 conjugii.Non
780 5071 852 5126 enirn
885 5067 963 5149 tdos,
978 5067 1007 5122 in
1021 5067 1135 5122 aliorum
1159 5066 1305 5138 conjugum
1325 5065 1467 5137 amplexus
1491 5065 1635 5124 solitudine
1654 5081 1697 5124 co·

70 5161 142 5210 ratum
156 5164 197 5213 est
210 5157 416 5213 matrimonium
431 5160 504 5231 quod
519 5159 576 5214 sine
586 5160 695 5216 Domini
708 5161 852 5217 devotione
902 5165 984 5230 gente
998 5155 1162 5220 transierint,
1175 5153 1240 5226 quia
1249 5169 1266 5210 a
1275 5153 1392 5212 Domino
1402 5156 1534 5229 scriptum
1547 5164 1588 5212 est
1604 5174 1611 5210 :
1626 5157 1698 5211 Jun-

68 5249 106 5298 est.
121 5245 152 5300 Et
167 5254 276 5302 sanctus
287 5246 471 5317 hieronymus
486 5248 514 5301 in
527 5249 606 5304 tertio
622 5248 692 5304 libro
707 5250 853 5306 commenti
901 5245 1177 5318 giturmulietoiro;
1194 5251 1221 5298 et
1237 5260 1244 5297 ε
1263 5244 1338 5313 Quod
1345 5246 1418 5301 Dent
1424 5247 1537 5318 junxit,
1550 5246 1630 5301 homo
1638 5260 1696 5302 noa

68 5325 181 5400 Epistola
197 5334 272 5390 Pauli
287 5335 321 5390 ad
336 5335 472 5405 Ephesios
488 5353 495 5390 z
512 5336 654 5405 Quomodo
665 5337 756 5410 itaque
771 5337 852 5394 Chri·
902 5339 1013 5407 separet
1023 5332 1123 5404 (loidi,
1140 5332 1163 5387 si
1178 5332 1292 5402 reversi,
1309 5333 1353 5390 vel
1367 5342 1452 5405 raptae
1466 5349 1585 5389 reversae
1597 5332 1697 5391 luerint

68 5425 100 5473 tte
112 5423 231 5493 obieeta
247 5432 289 5479 est
304 5422 437 5492 Ecclesia,
455 5425 494 5480 sic
506 5426 627 5494 subjecta
643 5426 677 5480 sit
700 5443 769 5482 uxor
793 5428 852 5484 tiro
902 5423 1041 5496 conjuges,
1059 5420 1179 5493 legitima
1193 5420 1296 5477 ioedera
1319 5422 1473 5494 nuptiarum
1488 5422 1700 5495 redintegranda

69 5520 115 5566 suo.
128 5510 215 5581 Quem
229 5512 304 5570 enim
316 5513 401 5569 habet
415 5512 597 5585 principatum
613 5521 640 5571 ει
656 5514 852 5585 subjectionem
902 5518 1053 5592 perdocuit.
1073 5518 1132 5576 Nec
1150 5525 1241 5577 tamm
1264 5528 1395 5593 tanquam
1416 5535 1595 5590 pervasorem
1618 5535 1700 5597 quem
