3794 6104
125 219 152 275 ,5
465 264 476 273 ‚
823 199 1010 270 aersrosn,
1231 250 1239 261 .
1709 202 1746 265 st

127 329 292 398 senescalcus
314 328 431 384 scribit:
450 349 461 380 ι
479 327 556 384 hbsit
570 329 668 401 procul
691 343 708 384 ι
732 343 787 394 me,
803 335 832 381 ut
853 326 896 381 vel
912 325 1017 386 Atsre.
1034 328 1113 385 Unde
1127 345 1182 385 nou
1197 316 1286 387 solum
1300 329 1399 385 idiotas
1422 330 1452 384 in
1475 329 1683 386 admirationem
1705 331 1749 386 eui

127 425 180 484 illud
193 418 352 476 solummodo
367 416 448 473 velim
463 417 609 483 somniare,
626 417 726 473 nedum
742 416 827 471 semel
848 432 897 470 su·
949 417 1095 487 abducere,
1112 435 1208 475 verum
1222 429 1248 475 et
1263 419 1364 475 sciolos
1378 428 1403 474 et
1417 418 1551 486 incautos,
1563 427 1645 492 atque
1658 419 1747 474 zelum

128 526 225 575 sumere,
239 515 265 560 ut
280 506 366 561 ullum
389 522 484 561 eorum
508 506 701 578 perpetualiter
720 521 813 561 secum
833 494 913 576 per?
949 506 999 560 Dei
1011 507 1123 562 sednon
1140 509 1291 564 seeundum
1305 508 1447 564 scientiam
1461 508 1603 575 habentes,
1629 508 1657 564 in
1679 525 1746 564 sen-

127 607 208 661 iturum
219 595 338 667 antiquus
353 611 449 666 rapere
460 596 548 650 valeat
563 595 671 668 anguis,
683 611 734 665 pro
745 595 844 666 quibus
854 609 897 647 re·
948 594 1060 649 tentiam
1080 612 1156 651 suam
1171 597 1266 653 solitus
1281 605 1341 652 erat
1355 598 1507 654 traducere.
1525 598 1558 653 Et
1582 612 1637 652 non
1659 597 1748 652 solum

129 685 239 748 dimendis
253 693 305 738 tam
333 684 467 755 pretiosus
484 686 541 740 Deo
556 684 628 739 Patri
638 684 746 739 Domini
756 682 842 738 nostri
855 680 898 735 Fi·
949 683 1091 739 doctorum
1106 702 1214 742 suorum
1230 687 1325 743 doctor
1339 686 1425 742 videri
1440 687 1553 758 appetit,
1579 687 1628 742 sed
1648 694 1674 741 ιι
1695 687 1749 742 hoo

130 777 196 834 liisui
209 773 275 828 lusus
290 780 333 826 est
348 773 469 845 sanguis,
492 775 617 828 Amen.»
639 774 672 827 Et
695 773 760 827 item
781 770 898 842 loquens
949 773 1065 828 solerter
1081 775 1148 828 satis
1172 775 1296 843 intendit,
1321 784 1350 830 ut
1373 791 1467 831 secum
1485 783 1630 848 loquentes
1654 774 1698 831 vel
1722 776 1749 830 in

132 869 156 923 ad
167 867 259 921 lleum:
275 882 286 911 ι
300 861 390 917 Claret
404 861 494 932 itaque
509 863 574 916 satis
589 870 693 932 aperte,
711 861 784 932 quod
809 860 899 914 nullus
951 878 1076 918 sermone
1093 879 1191 934 capere
1204 865 1309 919 valeat:
1325 872 1352 919 et
1365 863 1388 918 si
1403 865 1438 919 de
1452 863 1566 920 veritate
1589 879 1643 920 non
1665 868 1748 936 pote-

133 956 168 1010 tibi
182 952 248 1024 perit,
269 950 395 1022 quisquis
420 950 576 1021 redemptus
598 960 640 1006 est
661 967 711 1021 per
738 949 899 1021 sanguinem
950 951 993 1016 rit,
1007 951 1198 1008 invincibiliter
1213 953 1391 1008 sacramentis
1414 952 1550 1008 ailirmare
1574 953 1688 1022 curabit,
1716 967 1751 1009 es

136 1042 262 1098 cneistuae.
277 1059 288 1090 ι
306 1038 385 1108 Quod
400 1039 750 1095 Praedestinatianiveteres
760 1037 899 1093 nondixe·
951 1055 1044 1095 secum
1059 1041 1202 1112 loquentes
1217 1040 1329 1109 dixisse,
1346 1056 1405 1112 quac
1416 1040 1483 1096 sorte
1497 1057 1552 1097 non
1568 1041 1703 1108 dixemnt,
1720 1048 1752 1096 nt

137 1138 187 1197 runt,
199 1129 239 1183 iste
252 1135 280 1182 ut
301 1127 433 1182 audacius
454 1127 492 1182 ita
516 1127 695 1199 perniciosius
705 1126 779 1188 dicit,
803 1126 899 1180 Deita—
951 1127 1010 1199 ipse
1025 1145 1119 1198 verax,
1135 1138 1162 1185 et
1176 1130 1215 1184 illi
1231 1129 1277 1202 qui
1292 1130 1317 1184 ei
1331 1130 1519 1186 contradicunt
1527 1130 1677 1201 probentur
1686 1144 1750 1185 esse

137 1224 271 1274 emanata
284 1216 422 1270 Trinitatis
437 1217 537 1270 trinam
551 1233 623 1271 esse.
636 1216 702 1271 Sunt
718 1223 745 1270 ot
769 1215 821 1270 alia
839 1231 901 1286 quae
951 1218 1115 1286 mendaces,
1150 1226 1176 1274 et
1197 1219 1328 1274 adversus
1360 1234 1437 1273 suam
1468 1218 1620 1275 doctrinam
1648 1219 1751 1276 docen-

138 1308 179 1377 ipse
190 1306 257 1361 etalii
271 1304 366 1376 plures
380 1304 408 1358 in
423 1305 481 1359 istis
491 1306 614 1376 partibus
629 1305 730 1370 dicunt,
747 1321 808 1376 qum
822 1304 900 1358 nobis
952 1312 1004 1361 ιιι.

139 1411 192 1450 saue
203 1393 256 1448 lidei
268 1393 411 1448 adversari
425 1394 560 1449 videntur.
576 1393 643 1461 Qttae
666 1393 731 1447 dum
752 1409 802 1463 per
820 1392 901 1447 alium
1236 1377 1408 1434 EPISTOLA
1419 1379 1465 1433 ΠΙ·

140 1500 196 1554 quam
207 1500 250 1554 per
262 1483 394 1537 vilitatem
410 1498 534 1553 personae
549 1499 617 1537 meae
639 1481 787 1537 auctoritas
810 1490 903 1536 vestra
1072 1481 1108 1520 ΑΒ
1124 1481 1273 1521 39130οΡθῦ
1288 1482 1390 1522 SYNON
1404 1481 1629 1523 ⁸³⁸³SlONENSlS·

140 1571 272 1644 cognoverit,
289 1570 358 1627 forte
372 1572 492 1626 attendet
509 1570 644 1637 solertius,
661 1578 687 1625 et
702 1587 763 1642 quae
778 1570 841 1624 inde
866 1569 902 1624 ti·
952 1573 990 1628 Dc
1008 1572 1122 1642 Vulsado
1133 1577 1161 1627 ιι
1175 1575 1297 1645 collepis,
1321 1591 1440 1647 quorum
1455 1574 1600 1646 judicium
1614 1574 1747 1632 Nioointst

140 1661 210 1715 nenda
222 1667 278 1714 sunt
296 1660 396 1716 docere
422 1659 539 1715 studebit
559 1659 732 1731 quantocius.
750 1659 807 1714 Erit
831 1658 902 1713 enim
917 1684 945 1744 B
1054 1660 1129 1716 popu
1143 1647 1272 1716 summi
1285 1648 1318 1700 ιη
1333 1647 1384 1701 '¹¹¹⁶
1399 1646 1502 1717 59ιοἀο
1516 1647 1660 1703 seminari·

139 1749 267 1819 irproximo
281 1749 346 1804 inde
361 1749 511 1804 necessitas
528 1765 535 1803 ι
552 1748 616 1820 quia
631 1756 657 1803 et
668 1748 690 1802 si
711 1765 804 1803 eorum
821 1747 904 1802 corda
1019 1747 1023 1754 '
1221 1733 1312 1804 (ΛΡΜ1
1336 1733 1488 1805 Silffl⁰⁰d·)

139 1837 249 1893 inhania
262 1838 388 1909 perversi
409 1854 506 1892 sensus
530 1837 672 1903 ebulliunt,
698 1836 842 1892 orthodoxi
865 1844 905 1890 ta·
990 1837 1164 1903 ercstxnus,
1182 1840 1347 1895 Ithemorum
1363 1840 1519 1912 episcopus,
1540 1841 1754 1907 heninowa·

138 1941 180 1980 nen
192 1927 256 1998 regis
270 1927 355 1981 nostri
372 1936 493 1997 tempore
508 1943 589 1997 prava
605 1943 666 1998 quae
681 1925 800 1980 sentiunt
814 1923 905 1997 eloqui
954 1941 1061 1994 ninom,
1084 1936 1110 1982 et
1125 1928 1231 1984 caeteris
1254 1929 1469 2001 archiepiscopis
1483 1939 1510 1985 et
1534 1930 1681 2002 episcopis,
1701 1931 1754 1986 do-

138 2030 175 2070 non
191 2025 364 2086 presumunt.
394 2017 432 2070 lta
453 2023 481 2069 ut
513 2025 605 2086 aperte
629 2013 770 2071 videamus
798 2013 906 2085 impleri
954 2016 1011 2071 mni
1024 2031 1102 2087 papae
1117 2017 1222 2072 Nicolai
1246 2018 1404 2073 auctoritate
1428 2020 1462 2073 ιιι
1484 2019 1629 2090 synodum,
1654 2034 1708 2092 quo
1728 2027 1757 2075 et

139 2104 189 2174 quod
200 2105 326 2176 scripturn
338 2113 380 2159 est
395 2123 404 2160 :
422 2106 598 2176 conpreqcns
609 2105 684 2160 sicut
698 2104 729 2159 in
741 2107 805 2159 utre
818 2119 905 2175 aquus
956 2105 1133 2178 exiguitatem
1147 2122 1236 2161 meatu
1251 2122 1312 2162 cum
1341 2107 1513 2178 coepiscopis
1536 2108 1637 2162 nostris
1660 2108 1755 2163 venire

138 2195 199 2249 mods
215 2196 300 2265 (Psnl.
316 2209 411 2263 xxxu,
428 2194 466 2263 7).
484 2197 562 2265 Aqua
584 2192 656 2247 enim
678 2192 762 2246 maris
786 2191 855 2246 sicut
878 2191 906 2245 in
954 2194 1103 2265 praecepit3
1120 2195 1148 2248 in
1164 2196 1235 2250 hanc
1260 2195 1422 2251 Suessorum
1445 2182 1581 2251 civitatem
1602 2211 1651 2267 pro
1673 2210 1755 2252 causa

137 2288 177 2337 utre
185 2290 346 2356 congregata
361 2291 411 2339 est.
429 2282 492 2353 quia
506 2298 596 2336 amara
611 2282 799 2337 haereticorum
814 2280 905 2336 scien·
956 2281 1063 2339 Vuliadi
1076 2291 1103 2337 et
1116 2282 1287 2356 collegarum
1302 2284 1361 2353 ejus
1374 2284 1541 2340 convocatis.

137 2369 160 2423 tia
168 2371 287 2443 quidquid
303 2372 386 2427 hodie
400 2371 428 2425 in
451 2371 503 2425 isto
527 2386 614 2443 regno
638 2369 685 2423 hlii
707 2369 791 2424 uestri
814 2369 906 2424 domni
993 2371 1021 2427 Si
1037 2372 1114 2427 vobis
1125 2372 1212 2427 visum
1224 2371 1304 2427 suerit
1319 2388 1369 2443 per
1384 2388 1561 2445 quoscunque
1575 2371 1610 2427 ιιι
1631 2372 1670 2428 ιιι
1686 2372 1757 2429 noti·
1850 2430 1855 2451 ⁸

135 2459 201 2514 Caroli
214 2477 326 2531 pravum
341 2460 433 2525 sentit,
450 2460 476 2513 in
488 2469 598 2530 pectore
606 2458 768 2529 comprimit,
779 2466 804 2513 et
814 2466 907 2528 aperte
956 2460 1031 2528 tiam,
1047 2461 1198 2516 seeundum
1214 2461 1313 2516 seriem
1328 2460 1479 2516 litterarum
1496 2461 1590 2516 domni
1604 2461 1757 2533 apostolici,

134 2546 201 2604 dicere
214 2564 267 2604 non
278 2548 430 2619 praesumit.
447 2550 535 2602 lieam
556 2564 664 2619 quoque
685 2546 860 2619 exiguitatem
881 2553 908 2600 et
957 2550 1088 2605 canonice
1099 2566 1148 2620 per
1162 2549 1288 2605 ordinem
1310 2559 1409 2606 cuncta
1432 2566 1492 2622 quae
1513 2549 1542 2604 in
1565 2550 1757 2621 suprascriptis

131 2637 212 2694 occulte
225 2638 324 2693 canino
339 2637 594 2693 dente'corrodunt.
612 2635 699 2692 Facile
714 2644 814 2704 nutem,
831 2634 908 2703 adju·
956 2636 1084 2692 fratribus
1101 2646 1180 2711 gesta
1195 2647 1266 2705 sunt,
1284 2638 1440 2693 examinare
1455 2646 1482 2693 et
1492 2637 1625 2693 subtiliter
1638 2639 1754 2694 investi-

131 2734 190 2781 ιιιιι
199 2727 323 2792 Domino,
340 2734 453 2797 portare
468 2726 573 2781 valebo.
592 2724 663 2792 Quia
677 2724 778 2779 etmihi
792 2738 907 2794 paucum
957 2742 1031 2799 gare,
1049 2734 1077 2780 ut
1099 2727 1171 2798 quod
1193 2728 1295 2796 justum
1319 2734 1347 2781 et
1368 2727 1441 2797 pium
1469 2742 1580 2782 sensum
1610 2725 1692 2782 inerit
1720 2727 1756 2784 de

129 2824 233 2885 superest
247 2815 381 2885 temporis
396 2814 523 2885 spatium,
542 2822 568 2868 et
588 2813 611 2868 si
626 2813 696 2867 iuter
715 2811 785 2867 lilios
808 2812 907 2867 Eccle-
956 2830 1040 2871 causa
1054 2830 1149 2887 eorum
1162 2815 1221 2870 sine
1238 2815 1463 2881 contradictione,
1478 2814 1628 2870 sieutidem
1639 2815 1757 2872 domnus

127 2903 171 2971 sie,
183 2904 355 2975 permittente
370 2904 438 2973 Deo,
454 2903 481 2957 id
505 2919 549 2958 me
571 2902 726 2972 acceperint
745 2908 907 2972 potestatem
957 2903 1122 2974 apostolicus
1138 2912 1165 2959 et
1180 2902 1341 2958 fraternitati
1355 2911 1454 2959 vestras
1477 2911 1504 2958 et
1525 2903 1669 2959 humilitati
1688 2920 1758 2961 meae

126 2993 282 3064 totpomhter
296 2991 447 3065 affligendi,
460 2991 645 3063 divinagratia
655 2991 807 3059 adjurante,
824 3005 906 3044 exer·
956 2991 1756 3064 scripsit,possitisperficere,devoteaclibenterneoipium.

125 3081 208 3136 cebant
222 3081 390 3153 patientiam.
421 3081 476 3136 Sed
492 3080 540 3134 etsi
552 3079 739 3133 tantummodo
754 3078 823 3133 male
838 3094 905 3132 sen·
920 3040 991 3136 CEt
1014 3079 1038 3135 si
1059 3082 1130 3137 hanc
1153 3097 1214 3152 quae
1245 3081 1369 3152 sequitur
1392 3081 1506 3136 brevem
1539 3081 1757 3153 responsionem,

124 3168 201 3225 tiendo
230 3169 457 3235 adversabuntur,
493 3168 659 3224 exercebunt
682 3168 907 3239 quantulamcun-
957 3178 1087 3242 quantum
1103 3186 1135 3224 ex
1152 3178 1261 3236 meast,
1281 3170 1316 3224 nd
1338 3169 1487 3240 apostolica
1510 3169 1612 3241 scripta
1635 3170 1759 3226 videritis

123 3274 166 3330 que
178 3258 329 3327 scientiam,
345 3267 372 3313 et
385 3266 413 3313 ut
437 3257 519 3312 etiam
537 3256 640 3312 inimici
657 3256 806 3311 secundum
833 3270 907 3326 prae·
956 3258 1035 3314 vobis
1049 3257 1184 3324 sufficere,
1196 3274 1251 3312 non
1266 3257 1404 3331 ingratum
1419 3256 1489 3314 forte
1512 3258 1667 3329 habebitur,
1684 3258 1758 3331 quod

121 3356 217 3418 ceptum
241 3347 351 3403 Domini
375 3347 531 3419 diligantur,
556 3345 719 3401 exercebunt
744 3344 909 3400 benevolen·
956 3348 990 3402 ad
1005 3363 1062 3401 rem
1077 3346 1239 3417 pertinentia
1265 3346 1482 3402 succinctissime
1503 3346 1601 3402 resero.
1625 3346 1758 3404 videlicet

119 3435 182 3491 tiam
198 3435 344 3492 Praeiatum
358 3444 446 3490 autem
469 3434 689 3502 Gothescaleum,
707 3433 729 3488 si
744 3442 837 3488 uestra
861 3449 908 3487 au·
957 3436 1021 3508 quia
1036 3435 1197 3491 Rhemensis
1210 3434 1340 3490 Ecclesiae
1356 3433 1447 3491 iiliide
1461 3434 1578 3507 collegio
1593 3433 1711 3501 vulsadi,
1723 3435 1758 3489 ab

118 3525 218 3580 ctoritas
230 3525 298 3580 mibi
312 3524 451 3595 scripserit
474 3532 503 3578 ut
526 3539 589 3579 eum
610 3538 625 3577 a
648 3522 771 3579 custodia
792 3521 906 3588 solvam,
956 3521 1052 3578 Ebone
1074 3531 1136 3593 post
1161 3522 1358 3593 depositionem
1383 3538 1460 3576 suam
1476 3520 1600 3591 ordinati,
1624 3537 1678 3578 non
1696 3537 1758 3579 meo

117 3621 193 3670 aaut
208 3621 236 3669 ιιι
250 3614 287 3670 sd
301 3629 351 3670 vos
369 3613 462 3679 cundi,
485 3621 514 3667 ut
537 3629 589 3684 per
607 3626 659 3668 uos
678 3612 736 3680 ejus
755 3610 908 3666 doctrinam
954 3611 1065 3681 judicio,
1082 3611 1178 3666 neceb
1193 3610 1758 3682 episcopissolummodoRhemorumpto·

117 3702 294 3774 experiamini,
311 3701 405 3757 autad
424 3716 613 3773 quemcunque
636 3716 670 3755 ex
698 3698 808 3755 nomine
835 3697 909 3753 desi·
958 3699 1063 3766 vinciae,
1080 3698 1198 3770 primum
1213 3698 1341 3770 suspensi
1357 3706 1383 3753 et
1402 3706 1498 3771 postea
1512 3697 1620 3768 deiecti,
1643 3705 1673 3754 ut
1694 3713 1759 3755 meo

116 3792 222 3866 pastum
235 3790 372 3865 pergendi
386 3789 524 3845 licentium
538 3790 646 3855 donem,
672 3788 737 3860 quia
760 3796 788 3842 ιιι
811 3785 909 3841 melius
958 3788 1002 3843 vel
1016 3786 1154 3844 communi
1168 3803 1228 3842 cum
1245 3787 1285 3842 eis
1295 3794 1398 3841 tantum
1414 3785 1525 3858 placito,
1539 3786 1617 3857 juxta
1630 3786 1758 3843 Nicanos

113 3878 161 3952 ipsi
173 3879 259 3945 scitis,
275 3879 346 3934 siout
359 3878 481 3933 absolute
496 3879 611 3949 quisque
622 3876 742 3932 ordinari
756 3891 811 3930 non
827 3875 907 3941 valet,
958 3884 985 3933 et
999 3877 1183 3932 antiochenos
1204 3891 1324 3932 conones
1347 3877 1464 3946 (Nicen.
1491 3892 1556 3932 con.
1582 3878 1608 3942 b,
1625 3875 1757 3932 democh.

114 3968 261 4025 itsninex
275 3968 363 4040 ipsius
378 3983 523 4036 consensu,
539 3967 617 4035 cujus
636 3982 697 4021 esse
726 3963 907 4037 dignoscitur,
959 3981 984 4022 c.
998 3966 1035 4037 ι),
1049 3964 1234 4020 humaniorem
1249 3972 1294 4020 aut
1309 3965 1421 4019 alteram
1431 3964 1570 4035 suscipere
1594 3964 1758 4020 sententiam

115 4066 191 4115 certae
204 4073 333 4130 personae
347 4056 589 4121 commendandus,
606 4062 632 4110 et
647 4055 681 4109 ad
696 4062 802 4110 certum
818 4053 910 4108 locum
959 4054 1083 4119 valeant;
1100 4053 1148 4108 sed
1160 4054 1236 4125 prius
1260 4053 1397 4124 suspensi,
1422 4061 1448 4108 et
1471 4068 1604 4125 processu
1626 4053 1758 4125 temporis

115 4147 272 4214 muschus,
295 4145 340 4202 vel
362 4145 478 4218 quisque
497 4145 547 4198 sub
580 4143 676 4216 regula
698 4142 869 4209 constitutus,
893 4155 910 4195 ι
958 4142 1092 4214 asynodo
1116 4142 1305 4213 episcoporum
1335 4142 1455 4214 quinque
1484 4140 1697 4213 provinciarum,
1721 4141 1757 4197 ad

116 4233 172 4292 loco
185 4252 235 4293 suo
249 4233 559 4306 absolvijuxtaregulas
577 4248 670 4288 sacras
688 4247 743 4287 uon
766 4231 846 4296 valet,
864 4245 911 4285 ve·
960 4248 1040 4304 quam
1056 4239 1280 4302 provocaverant,
1305 4230 1455 4286 secundum
1477 4230 1589 4286 decreta
1609 4229 1759 4286 muscentii

120 4326 177 4379 stris
196 4324 367 4394 jussionibus
391 4322 549 4378 nullomodo
569 4320 717 4377 resultabo.
742 4320 856 4375 Tantum
882 4325 911 4372 ut
958 4320 994 4375 ad
1009 4318 1107 4376 Rufum
1123 4328 1148 4374 et
1173 4319 1329 4384 Eusebium,
1356 4318 1488 4389 inspectis
1508 4335 1569 4390 quae
1592 4318 1701 4389 scripsit
1723 4316 1759 4373 ad

121 4413 303 4469 auctoritatem
316 4419 438 4468 vestram
453 4410 575 4479 habeam,
593 4427 627 4464 ne
642 4418 777 4464 tantorum
799 4407 908 4478 episco-
922 4394 1132 4472 ll³hiartianum,
1149 4415 1175 4461 et
1195 4407 1273 4475 juxta
1297 4406 1397 4461 Zosimi
1416 4406 1584 4462 successoris
1607 4404 1758 4462 iunocentii

123 4517 208 4572 porum
228 4501 362 4571 judicium
394 4516 455 4555 mea
478 4498 690 4570 presumptione
712 4496 911 4568 parvipendere
959 4498 1070 4553 decreta
1082 4497 1117 4551 ad
1131 4495 1287 4551 Patroclum
1301 4495 1492 4551 Arelatensem
1511 4495 1672 4566 episcopum
1682 4501 1708 4547 et
1723 4491 1758 4547 ad

124 4590 213 4646 rideat.
229 4591 293 4646 Non
309 4591 381 4645 enim
396 4589 467 4643 illius
482 4588 612 4654 delector,
634 4603 714 4659 quam
736 4587 809 4655 juste
831 4584 911 4639 susti·
960 4585 1157 4641 Massiliensem
1178 4584 1332 4640 Ecclesiam
1356 4584 1576 4656 (Innocent.,ep.
1595 4584 1626 4638 at
1653 4588 1680 4636 et
1703 4583 1760 4648 ιι;

123 4687 162 4735 net
174 4678 353 4752 pertinaciter
379 4685 534 4746 contumax,
560 4676 799 4749 quantulacunque
824 4673 911 4730 reclu·
961 4674 1094 4739 zozimus,
1111 4689 1153 4746 cp.
1170 4675 1195 4739 6,
1217 4677 1245 4726 ιι
1265 4681 1292 4727 et
1308 4672 1361 4741 ts),
1379 4672 1426 4727 ted
1443 4667 1756 4738 etaliaspluresEcole-

123 4768 201 4824 sionis
214 4768 338 4825 molestia
355 4785 361 4821 :
379 4767 427 4822 sed
438 4766 543 4822 doleoa
559 4781 614 4837 qua
637 4763 763 4820 revocari
787 4779 842 4819 non
863 4778 912 4834 po·
962 4763 1027 4826 sias,
1044 4763 1078 4817 de
1092 4762 1135 4817 his
1150 4778 1218 4834 quos
1233 4761 1364 4816 Proculus
1374 4759 1436 4814 vitae
1451 4774 1507 4812 suae
1527 4756 1664 4824 conscius,
1687 4756 1759 4813 datis

124 4862 169 4912 test
182 4856 335 4930 perfidiam.
353 4855 441 4925 Quem
456 4856 478 4909 si
493 4855 646 4926 cuicunque
667 4852 913 4910 commendandum
962 4851 1059 4906 litteris
1073 4853 1100 4906 in
1117 4851 1316 4906 abdicationem
1332 4848 1383 4913 sui,
1403 4861 1454 4917 per
1475 4844 1655 4916 professionis
1680 4854 1760 4918 etque

125 4956 206 5002 restra
236 4945 386 5003 auctoritas
410 4944 516 5009 viderit,
547 4945 601 4999 hoc
623 4942 651 4996 in
680 4941 914 4998 commendatione
964 4939 1171 5011 subscriptionis
1205 4955 1261 4993 sua>
1291 4935 1413 4991 libellum
1442 4934 1596 4991 sacerdotio
1620 4935 1762 4991 submotus

126 5035 197 5090 ctiam
210 5034 377 5108 providebit,
394 5041 423 5087 ut
438 5033 480 5089 cui
502 5030 740 5088 commendabitur
763 5029 914 5086 catholicus
963 5030 1109 5092 ordinavit,
1126 5029 1255 5098 juxtaque
1277 5041 1367 5079 sacros
1396 5039 1526 5090 canones,
1553 5032 1580 5079 et
1608 5024 1706 5080 Leonis
1728 5039 1760 5079 ae

126 5124 163 5193 sit,
186 5133 213 5180 ιι
235 5125 401 5197 gravitatem
439 5121 662 5189 ecclesiasticam,
691 5128 717 5175 et
752 5119 915 5193 vigoreme
964 5127 1124 5174 caeterorum
1151 5117 1279 5171 Rotnauae
1308 5112 1380 5168 sedis
1397 5110 1683 5184 pontificumdecreta,
1698 5127 1760 5183 quae

126 5209 321 5286 Scripturarum
345 5212 487 5268 seientiam
505 5211 613 5276 habeat,
646 5209 709 5280 quia
742 5224 796 5263 uon
827 5207 915 5262 solum
963 5207 1008 5262 bic
1031 5221 1134 5277 ponere
1152 5201 1323 5274 praetermisi,
1350 5210 1376 5257 et
1396 5202 1485 5257 studio
1508 5201 1658 5265 brevitatis,
1684 5207 1710 5253 et
1732 5206 1762 5254 ιιι

126 5300 320 5376 Scripturasad
341 5317 421 5357 suum
436 5317 547 5356 sensum
562 5299 693 5355 violenter
716 5296 841 5364 iuflexus,
867 5296 916 5351 sed
965 5296 1042 5352 vobis
1056 5293 1206 5355 notissima,
1224 5299 1286 5345 suut
1307 5290 1429 5359 judicati,
1455 5297 1481 5346 et
1504 5290 1539 5344 ab
1567 5286 1759 5344 ecclesiasticis

125 5393 361 5451 acatholicorum
383 5391 455 5447 dicta
477 5390 638 5446 detruncata
658 5404 709 5460 per
731 5394 815 5443 totum
844 5387 916 5442 diem
965 5383 1106 5441 ordinibus
1120 5380 1228 5452 deJecti,
1243 5380 1437 5452 praejudicante
1461 5379 1551 5434 Leone
1574 5392 1654 5449 papa,
1681 5378 1766 5450 atquc=

126 5481 373 5556 mmsphatione
387 5479 476 5551 aliqua
493 5477 624 5550 prevalet
647 5475 805 5533 memoriter
818 5476 917 5531 decan·
968 5473 1074 5530 dicente
1085 5470 1178 5543 (epist.
1192 5473 1219 5540 t,
1234 5470 1271 5528 ad
1292 5471 1431 5546 episcopos
1447 5465 1621 5542 composite)
1638 5482 1646 5522 τ
1664 5462 1763 5545 «Ὀιιξ
