3794 6104
128 199 163 254 at
592 193 760 250 HlNCllAlll
791 191 990 249 llHEblENSlS
1007 191 1283 249 ineflfflalscort,
1748 198 1787 251 ⁸8

132 322 246 381 modum
258 336 313 377 nou
328 319 549 376 inconvenienter
573 318 692 389 coaptari
716 333 797 389 posse
826 317 932 372 videtur
946 317 1057 378 Anodo
1083 325 1174 373 restra
1187 317 1346 396 auctoritate
1359 323 1534 391 congregata
1557 331 1622 372 cum
1637 315 1787 390 priuilegio¹

133 411 311 485 quodbeatus
325 409 492 482 Augustinus
507 408 623 479 scripsit,
640 408 673 461 de
697 407 775 475 cujus
798 422 881 461 sensu
902 422 935 462 ac
983 415 1082 461 vestrae
1096 405 1244 462 sanctitatis
1258 406 1373 472 ostendi,
1391 414 1417 460 et
1437 406 1607 477 incorruptas
1632 405 1784 477 scripturas

133 499 226 557 verbis
242 497 401 554 Anastasius
415 512 487 568 papa
501 497 528 550 in
542 495 654 568 praefata
663 495 775 566 epistola
786 494 849 550 hinc
860 511 934 565 quae·
983 501 1064 566 atque
1080 494 1170 566 sigilla
1184 495 1342 560 monstravi,
1358 503 1385 550 et
1408 511 1441 549 ex
1464 495 1582 565 integro,
1608 510 1704 550 coram
1728 493 1784 551 filio

133 589 197 644 dnm
218 585 374 658 assumpsit.
400 607 412 630 ι
437 586 464 641 Si
488 601 569 657 quem
592 583 672 650 forte,
695 583 790 655 inquit,
815 583 935 654 coegerit
983 591 1074 638 vestro
1097 583 1198 638 domno
1220 599 1286 654 rege
1315 583 1423 652 Carolo,
1450 582 1622 638 audientibus
1655 582 1784 639 omnibus

133 683 256 733 extrema
270 674 430 742 necessitas,
447 673 492 728 ubi
507 672 667 728 catholicam
681 688 731 744 per
754 687 835 743 quem
859 671 934 727 acci·
984 672 1120 743 episcopis
1145 680 1171 727 et
1195 672 1239 743 qui
1268 672 1373 743 synodo
1401 669 1592 738 interfuerunt,
1615 671 1704 742 relegi
1718 671 1781 728 feci.

134 765 190 838 piat
204 779 260 820 non
287 762 428 828 invenerit,
446 771 472 817 et
497 761 524 815 in
549 761 639 817 auimo
662 775 758 832 pacem
774 759 934 814 catholicam
983 759 1061 816 Unde
1074 760 1102 814 in
1118 760 1229 832 epistola
1249 760 1347 831 synodi
1375 768 1473 815 vestra
1500 759 1654 815 auctoritati
1680 760 1783 816 directa

130 853 278 920 custodiat,
308 868 358 924 per
381 850 499 922 aliquem
526 857 603 905 extra
622 848 751 903 unitatem
774 848 934 904 catholicam
983 848 1112 919 scriptum
1126 848 1196 903 iuter
1212 856 1308 904 caemra
1323 849 1439 903 habetur
1460 848 1495 903 ad
1518 848 1608 904 locum
1625 864 1632 903 :
1652 869 1663 899 a
1680 849 1712 903 lu
1727 849 1784 904 suis

132 942 250 1014 positum
264 939 400 1011 acceperit
415 939 487 1010 quod
502 945 560 994 erat
573 938 600 992 in
625 937 683 1008 ipsa
709 936 844 992 catholica
870 936 933 991 uni·
983 936 1125 992 ordinibus
1140 936 1285 992 restituere
1312 946 1523 1001 maturaremus,
1550 937 1615 1008 quin
1637 936 1785 1007 praedictos

132 1038 187 1087 tata
201 1037 372 1099 accepturus,
389 1027 411 1082 si
427 1027 518 1082 statim
534 1026 661 1081 etiamde
675 1025 727 1080 hac
746 1024 799 1078 vita
813 1024 933 1097 emigra·
983 1024 1093 1095 fratres,
1117 1024 1169 1079 nisi
1197 1024 1349 1096 privilegiis
1378 1034 1478 1081 sanctae
1492 1026 1621 1081 Romana
1636 1024 1721 1091 sedis,
1736 1041 1785 1096 per

128 1119 207 1185 verit,
223 1133 276 1174 non
292 1133 357 1172 curn
374 1114 782 1184 nisicatbolicumdeputamus.
800 1113 828 1168 Si
843 1121 935 1167 autem
983 1114 1164 1169 reverendum
1187 1113 1352 1169 confratrem
1376 1121 1501 1169 nostrum
1524 1114 1711 1182 Hincmarum,
1734 1129 1783 1168 ar-

129 1206 243 1263 fuerita
266 1204 402 1275 corporali
428 1212 514 1258 morte
551 1202 690 1269 liberatae,
717 1217 778 1256 curn
794 1201 934 1256 catlrolicae
983 1202 1186 1273 chiepiscopum
1209 1211 1307 1258 nostra
1322 1201 1492 1257 unanimitati
1505 1201 1630 1272 prolatis,
1660 1218 1722 1273 quae
1750 1202 1784 1258 de

128 1293 338 1369 congregationi
368 1292 449 1347 etiam
478 1291 621 1362 prasentia
648 1290 783 1360 corporali
812 1289 931 1355 redierit,
983 1290 1049 1361 ipsis
1079 1290 1144 1345 viris
1172 1291 1293 1363 quadam
1321 1299 1480 1359 statuerunt,
1509 1290 1600 1345 debita
1629 1291 1786 1346 reverentia

126 1384 199 1440 unde
228 1397 364 1452 nunquam
394 1380 475 1435 corde
503 1379 676 1443 discesserat,
704 1394 758 1433 non
773 1378 861 1432 solum
877 1394 930 1432 nou
982 1380 1175 1443 exhiberetnr;
1204 1394 1317 1450 quorum
1343 1393 1449 1433 summa
1477 1377 1600 1451 perfecta
1628 1385 1656 1433 ει
1675 1378 1785 1449 integra

129 1471 317 1542 improbamus
332 1469 405 1540 qnod
420 1467 493 1534 lecit,
510 1468 558 1522 sed
573 1466 833 1522 etiamsacurissimc
848 1467 933 1522 veris·
982 1465 1104 1532 sinaitas,
1120 1475 1149 1521 ut
1164 1467 1248 1522 claret
1263 1474 1289 1522 et
1301 1468 1403 1535 justum
1419 1475 1470 1533 est,
1497 1468 1524 1521 in
1537 1466 1697 1537 apostolicae
1712 1466 1785 1521 sedis

92 1562 96 1569 “
131 1559 256 1630 timeque
270 1557 423 1622 laudamus,
440 1557 503 1628 quia
518 1564 682 1627 praesentem
703 1557 791 1610 Deum
817 1554 934 1610 credidit
982 1565 1119 1611 reservata
1135 1565 1175 1610 est
1191 1556 1303 1610 arbitrio
1318 1556 1467 1626 potestatis.
1487 1577 1498 1604 ι
1516 1553 1596 1623 Quod
1606 1555 1729 1626 synodus
1741 1571 1786 1610 ro-

131 1647 208 1704 cordi
223 1661 283 1712 suo,
294 1646 341 1701 ubi
356 1645 484 1700 unitatem
499 1645 633 1699 servabat.
653 1666 663 1692 ι
681 1643 831 1714 Exemplar
852 1643 931 1698 deni·
946 1644 1025 1731 Bbis
1039 1659 1094 1698 non
1111 1644 1249 1712 scriberet,
1266 1644 1289 1698 si
1303 1643 1411 1714 integra
1424 1643 1568 1715 privilegia
1578 1644 1618 1698 eis
1628 1659 1684 1698 non
1695 1652 1785 1699 osteu-

134 1752 186 1809 quc
200 1734 339 1807 privilegii
354 1742 455 1789 sanctas
470 1733 609 1788 memoriae
625 1731 771 1796 Benedicti,
801 1732 858 1786 sine
877 1732 931 1786 ulla
983 1731 1096 1787 dissem.

132 1824 302 1879 mutilatione
316 1823 359 1878 vel
373 1821 525 1890 adjectione
539 1837 587 1876 seu
602 1820 799 1887 immutatione,
816 1837 865 1891 per
881 1837 930 1874 ve·
1017 1822 1057 1875 De
1072 1837 1106 1875 eo
1121 1822 1193 1891 quod
1209 1820 1407 1894 benignissima
1423 1830 1449 1876 et
1474 1820 1647 1876 sanctissima
1661 1820 1785 1890 paterni·

133 1911 280 1967 ncrabilem
296 1911 409 1965 fratrem
424 1917 449 1964 et
464 1909 658 1979 coepiscopum
669 1916 792 1962 nostrum
807 1907 931 1962 Orionem
982 1917 1023 1963 tas
1039 1918 1131 1964 vestra
1146 1908 1211 1962 mibi
1226 1917 1268 1963 est
1283 1910 1385 1982 dignita
1401 1909 1531 1975 scribere,
1554 1917 1654 1964 utnon
1670 1908 1786 1963 arbitra-

126 2000 311 2056 ›sanctissimae
326 1997 481 2070 paternitati
495 2006 593 2052 vestrae
608 1997 756 2051 transmisi.
772 1998 812 2051 Dc
837 2013 890 2067 quo
905 2007 932 2050 at
980 2013 1025 2051 rer
1039 1998 1073 2051 ad
1087 1997 1233 2052 discrimen
1250 1998 1391 2068 quodlibet
1405 2015 1466 2069 qnae
1486 1997 1553 2052 mibi
1581 1997 1709 2052 mandata
1724 2005 1785 2053 sunt

129 2089 157 2144 ιιι
173 2087 288 2160 epistola
303 2104 318 2141 a
333 2103 377 2142 me
391 2102 441 2158 per
460 2085 536 2140 illum
551 2086 629 2140 vobis
643 2086 757 2152 directa,
781 2085 852 2139 inter
879 2085 931 2140 alia
981 2101 1176 2157 exaggerasse,
1192 2101 1255 2141 cum
1271 2085 1385 2141 meliora
1400 2102 1461 2141 esse
1491 2086 1604 2141 vulnera
1634 2085 1785 2157 diligentis,

16 2158 36 2208 ⁵<
131 2177 154 2233 si
183 2176 273 2248 placet
292 2176 407 2247 potestis
436 2175 569 2247 relegere,
585 2174 630 2228 ubi
646 2174 775 2244 scriptum
790 2173 929 2228 habetur:
980 2190 1061 2245 quam
1076 2173 1249 2229 fraudulenta
1264 2173 1380 2229 odientis
1394 2175 1562 2230 osculaesse
1577 2190 1633 2229 non
1648 2174 1781 2241 nesciam,

130 2287 142 2316 ι
173 2265 318 2329 Μιιιειειιι,
347 2265 469 2335 inquam,
494 2264 581 2333 ipsam
595 2262 780 2316 authenticam
795 2262 930 2334 privilegii
980 2263 1029 2317 sed
1044 2278 1079 2316 ne
1095 2262 1164 2317 adeo
1179 2262 1207 2315 in
1222 2262 1427 2335 privilegiorum
1447 2279 1571 2318 meorum
1594 2261 1783 2318 defensionem

126 2354 260 2418 cbartam,
276 2367 359 2422 quarn
374 2352 462 2405 beatae
476 2349 670 2405 recordationis
704 2365 857 2419 praeoessor
880 2365 930 2404 ve·
980 2351 1023 2404 vel
1038 2350 1182 2405 clationem
1211 2350 1416 2405 immoderatius
1441 2351 1540 2422 erigar,
1569 2359 1598 2405 ut
1628 2351 1784 2422 apostolica

128 2448 185 2497 ster
199 2441 316 2495 domnus
330 2439 491 2494 Benedictus
513 2438 579 2492 mihi
601 2454 651 2492 sua
673 2437 834 2492 auctoritate
855 2437 930 2493 dire·
980 2438 1053 2492 sedis
1065 2439 1125 2506 jura
1140 2439 1333 2510 quoquomodo
1348 2446 1450 2494 temere
1465 2439 1588 2512 tetigisse
1613 2439 1720 2504 videar,
1736 2456 1786 2495 re-

130 2529 169 2584 xit
184 2546 192 2596 ς
209 2528 258 2584 sed
273 2527 349 2582 timui
372 2543 407 2582 ne
427 2527 494 2581 mihi
518 2526 581 2581 inde
600 2526 704 2597 aliquid
728 2526 829 2579 sinistri
845 2526 873 2579 in
886 2526 931 2580 via
981 2527 1077 2581 raciter
1091 2526 1186 2594 fateor,
1203 2528 1405 2598 hocnunquam
1417 2527 1444 2581 in
1469 2543 1518 2583 cor
1543 2543 1635 2582 meum
1650 2528 1786 2593 ascendit,

130 2616 311 2689 contingeret,
328 2615 474 2679 etsolatio,
493 2614 565 2686 quod
590 2613 653 2668 inde
678 2614 809 2668 adversus
837 2614 930 2668 insur-
980 2616 1026 2687 qui
1043 2632 1152 2686 semper
1167 2616 1364 2686 etapostolicre
1379 2616 1448 2681 sedi,
1479 2624 1505 2669 et
1531 2616 1590 2684 ejus
1619 2617 1785 2682 rectoribus,

128 2705 252 2778 gentium
266 2704 383 2774 impetus
396 2703 494 2768 habeo,
529 2701 625 2757 fierem
648 2702 802 2756 destitutus.
834 2702 931 2757 Vestra
979 2713 1123 2775 postquam
1137 2720 1181 2759 me
1196 2720 1278 2759 nosse
1292 2704 1376 2775 potui,
1391 2719 1442 2775 pro
1457 2719 1518 2758 meo
1534 2704 1605 2760 scire
1621 2712 1648 2759 ει
1663 2703 1786 2775 possefr-

128 2809 196 2850 vcro
206 2794 327 2866 dignatio
342 2793 370 2847 in
385 2792 487 2848 scrinio
515 2800 614 2848 sanctae
643 2793 773 2847 Romanae
799 2791 931 2846 Ecclesia.
980 2792 1049 2847 delis
1064 2800 1089 2846 et
1105 2793 1230 2857 devotus,
1243 2800 1268 2846 et
1280 2792 1390 2846 humilis
1400 2808 1430 2847 ac
1441 2792 1581 2861 subjectus
1596 2792 1697 2859 exstiti,
1715 2809 1787 2860 sum,

129 2896 163 2937 ex
178 2897 256 2937 more
271 2880 411 2951 exemplar
425 2879 496 2935 illins
529 2888 618 2951 potest
633 2879 782 2950 requirere,
799 2888 824 2932 et
841 2887 930 2933 utrum
948 2916 952 2925 -
981 2888 1007 2934 et
1022 2881 1166 2949 adjuvante
1190 2880 1316 2945 Domino,
1342 2879 1518 2951 permanebo.
1534 2880 1680 2952 Privilegia
1696 2889 1789 2936 autem

127 2969 167 3024 ita
181 2984 211 3023 ae
226 2968 323 3023 babeat
338 2969 479 3022 evidenter
493 2983 657 3040 agnoscere.
674 2969 703 3021 ln
720 2983 773 3038 quo
790 2967 812 3020 si
834 2975 930 3021 vestran
980 2967 1222 3039 sedisapostolicae
1238 2983 1292 3023 non
1306 2968 1369 3024 ideo
1383 2968 1447 3039 petii
1461 2977 1490 3023 ut
1504 2968 1570 3022 mibi
1582 2983 1637 3022 nou
1649 2967 1788 3026 sufficeret

130 3057 266 3113 sanctitati
279 3055 379 3127 placet,
391 3071 505 3111 necesse
521 3063 562 3109 est
577 3055 657 3109 nobis
673 3063 701 3109 ut
731 3055 855 3126 quaedam
881 3025 966 3109 suc
988 3058 1060 3129 quod
1076 3056 1148 3111 sacri
1164 3072 1282 3111 canones
1297 3064 1324 3110 et
1339 3057 1448 3112 decreta
1463 3056 1536 3111 sedis
1551 3056 1681 3112 Romanae
1696 3058 1789 3128 ponti-

128 3143 296 3217 peraddatia,
312 3160 373 3216 quae
387 3143 431 3200 hic
449 3143 535 3197 frater
562 3158 595 3198 ac
621 3142 693 3196 lilius
721 3151 825 3208 noster,
852 3143 930 3212 juxta

128 3233 201 3306 quod
215 3233 393 3288 necessitates
401 3240 508 3286 nostras
518 3231 670 3303 cognoscit,
686 3238 785 3286 rastrae
800 3241 930 3303 suggeret

128 3321 272 3378 sanctitati.
291 3320 360 3389 Quia
374 3320 443 3376 sicut
458 3327 567 3375 sanctus
583 3318 750 3392 Augustinus
778 3319 853 3386 dicit,
882 3336 931 3374 ne-

127 3424 205 3467 cesse
219 3416 261 3464 est
275 3417 303 3464 ut
318 3409 353 3464 ad
368 3423 439 3465 nora
453 3408 610 3463 morborum
626 3423 728 3480 genera
753 3423 824 3463 nova
853 3423 930 3478 quae-

126 3507 222 3554 rantur
250 3498 512 3554 medicamentorum
540 3495 734 3566 experimenta.
768 3496 823 3551 Sed
851 3497 931 3552 etde

128 3588 234 3660 synodo
261 3586 333 3658 apud
362 3585 517 3641 Suessionis
544 3585 647 3651 habita,
678 3586 713 3638 de
736 3601 798 3655 qua,
814 3584 930 3640 factione

126 3677 269 3746 cujusdam
284 3674 378 3731 clerici
397 3674 491 3740 nostri,
508 3673 579 3744 quia
594 3672 673 3728 nobis
688 3673 864 3744 negligentiis
875 3673 931 3726 suis

19 3784 25 3793 ’
126 3764 238 3820 territus
261 3761 415 3834 aufugerat,
447 3760 577 3831 quiddam
599 3759 636 3813 ibi
662 3759 712 3812 sub
736 3759 854 3829 quadam
877 3760 930 3813 du-

128 3850 256 3906 bitatione
271 3857 313 3904 est
328 3848 456 3918 positum,
473 3847 517 3901 hic
532 3845 616 3900 frater
630 3861 663 3901 ac
677 3844 748 3900 filius
777 3854 869 3900 noster
883 3862 930 3901 vo·

129 3937 172 3992 bis
193 3937 234 3993 rei
262 3935 403 3991 veritatem
432 3942 522 4005 potest
551 3949 669 4002 narrare,
687 3933 733 4004 qui
765 3933 852 3989 eidem
883 3951 930 4005 sy-

127 4025 201 4080 nodo
215 4022 344 4090 interfuit,
360 4031 386 4077 et
400 4022 490 4078 adhuc
505 4022 532 4075 in
547 4021 657 4076 nomine
677 4021 783 4075 abbatis
807 4022 930 4077 subscri·

79 4168 90 4185 ,
130 4113 221 4186 pail.»

163 4202 228 4257 llaec
243 4207 306 4254 sunt
321 4199 405 4254 verba
420 4215 480 4254 mea
494 4199 522 4253 ιιι
544 4198 659 4270 epistola
683 4206 784 4253 sanctae
812 4199 927 4269 paterni·

129 4290 178 4346 tati
192 4297 290 4345 vestrae
303 4288 417 4343 directa.
434 4288 513 4356 Nam,
530 4287 553 4341 si
566 4287 631 4342 inde
646 4287 719 4358 qnod
733 4286 771 4341 ibi
785 4295 826 4341 est
853 4286 930 4356 posi-

988 3144 1069 3200 frcum
1084 3146 1183 3218 cuique
1198 3145 1342 3216 metropoli
1367 3145 1426 3200 sedi
1438 3145 1601 3211 concedunt,
1617 3155 1644 3200 et
1659 3145 1788 3213 uenalia,

986 3234 1031 3288 rel
1046 3234 1160 3305 amplius
1175 3250 1256 3305 qnam
1272 3233 1402 3288 Ecclesia
1418 3233 1584 3288 Rhemorum
1599 3233 1731 3288 collatum
1747 3243 1790 3290 est

986 3337 1019 3375 ex
1034 3322 1155 3393 antiquo,
1173 3322 1238 3376 milri
1263 3320 1356 3392 largiri
1380 3320 1534 3391 specialiter
1543 3320 1619 3392 petii,
1636 3338 1726 3394 neque
1742 3338 1790 3394 ap-

985 3419 1057 3480 peto.
1077 3409 1130 3465 Sed
1144 3411 1208 3482 quia
1222 3426 1276 3465 non
1291 3409 1380 3464 solum
1394 3409 1532 3476 dioecesis,
1550 3425 1647 3464 verum
1661 3418 1688 3465 ει
1704 3425 1789 3481 paro·

985 3499 1045 3554 chia
1059 3515 1130 3565 mea,
1146 3500 1284 3554 interduo
1299 3514 1384 3570 regna
1395 3497 1560 3552 subduobus
1575 3498 1688 3570 regibus
1705 3498 1790 3554 habe·

984 3595 1028 3641 tur
1042 3588 1137 3652 ditisn,
1154 3596 1180 3642 et
1194 3604 1240 3643 res
1254 3586 1319 3641 milti
1334 3585 1487 3641 commissae
1499 3586 1630 3642 Ecclesia
1646 3587 1698 3642 sub
1714 3587 1787 3642 mul-

985 3683 1075 3730 torum
1102 3676 1253 3747 principum
1280 3683 1415 3745 potestate
1430 3675 1573 3744 conjacere
1599 3675 1737 3742 videntur,
1755 3677 1789 3730 de

984 3763 1082 3834 quibus
1097 3772 1141 3818 aut
1153 3779 1250 3834 parum
1265 3772 1311 3817 aut
1326 3762 1394 3817 nillil
1408 3762 1529 3817 utilitatis
1545 3763 1669 3818 Ecclesia
1694 3772 1790 3818 nostra

983 3858 1073 3921 potest
1086 3851 1187 3906 habere
1197 3869 1204 3906 ε
1216 3851 1279 3922 quia
1295 3859 1403 3906 veteres
1411 3851 1618 3906 constitutiones
1630 3850 1689 3920 J'am
1704 3853 1785 3923 quasi

982 3954 1033 4009 pro
1047 3938 1095 3994 vili
1108 3940 1179 4010 apud
1197 3939 1329 4011 quosdam
1344 3939 1486 4004 habentur,
1503 3938 1546 3994 his
1560 3939 1639 3996 novis
1665 3939 1786 3996 decretis

982 4027 1106 4082 camales
1121 4035 1148 4082 et
1164 4026 1296 4082 animales
1311 4027 1435 4082 homines
1446 4027 1542 4094 territi,
1558 4027 1690 4098 quiddam
1706 4044 1785 4083 reve·

981 4212 1104 4276 agerent.
1122 4206 1162 4259 De
1176 4204 1273 4276 quibus
1287 4204 1450 4276 privilegiis,
1467 4220 1584 4276 quornm
1598 4204 1790 4261 defensionem

981 4291 1046 4345 milri
1061 4307 1115 4347 non
1129 4307 1239 4365 arrogo,
1255 4292 1303 4346 sed
1316 4307 1368 4347 nec
1382 4293 1417 4347 de
1432 4291 1493 4347 aliis
1516 4293 1726 4364 quibuscunque
1749 4302 1792 4348 est

131 4386 188 4432 tum
202 4378 228 4433 ri
242 4378 286 4432 ito
300 4380 343 4432 est
358 4375 512 4444 erasissem,
526 4375 662 4445 superflue
674 4375 747 4446 qnod
758 4373 884 4445 quiddam
896 4374 968 4434 ibiD
983 4378 1056 4433 unde
1080 4379 1172 4434 inflari
1183 4378 1288 4435 valeam
1312 4379 1356 4435 vel
1368 4377 1469 4447 efferri,
1487 4379 1533 4451 qui
1548 4387 1574 4435 at
1587 4379 1611 4435 si
1622 4381 1713 4449 justas
1728 4380 1791 4436 fue-

131 4467 182 4522 sub
198 4466 314 4538 quadam
329 4463 497 4520 dubitatione
512 4471 585 4517 esset
599 4463 715 4533 positum
732 4463 889 4518 scriberem.
901 4464 935 4517 Et
984 4482 1027 4533 ro,
1044 4482 1099 4522 uon
1114 4467 1211 4522 levabo
1227 4474 1308 4538 caput
1322 4473 1459 4522 saturatus
1474 4466 1618 4523 afflictione
1636 4476 1663 4523 et
1678 4468 1792 4525 miseria

132 4555 157 4609 si
171 4553 274 4626 aliquid
288 4553 327 4608 ibi
342 4551 482 4616 adderem,
503 4559 647 4617 mutarem,
673 4550 716 4605 vel
740 4550 890 4615 demerem,
906 4559 936 4604 ιιι
985 4556 1127 4611 Ροειιειιιο
1142 4557 1176 4612 (ιε
1192 4556 1282 4626 pallio,
1299 4573 1315 4610 a
1330 4572 1392 4611 maa
1405 4557 1617 4628 presumptione
1632 4574 1688 4613 non
1700 4559 1787 4615 certis

131 4642 161 4696 in
175 4641 277 4698 εειιιιιο
291 4649 394 4697 sanctae
408 4641 539 4696 llomanm
552 4639 685 4694 Ecclesiae
700 4638 840 4709 exemplar
864 4639 935 4693 illius
987 4645 1153 4715 temporibus
1168 4653 1195 4701 et
1206 4644 1283 4713 juxta
1296 4660 1400 4700 morem
1414 4644 1474 4700 aliis
1498 4645 1717 4717 metropolitanis
1732 4647 1789 4702 dif-

130 4729 319 4799 requireretis,
335 4737 361 4783 et
376 4735 465 4783 utrum
479 4732 517 4781 ita
537 4743 567 4782 se
597 4726 709 4781 baberet
737 4727 935 4798 agnosceretis,
987 4731 1071 4787 linitis
1086 4749 1146 4803 uso,
1163 4733 1235 4788 unde
1250 4741 1350 4788 vestrae
1364 4733 1514 4789 sanctitatis
1537 4734 1650 4789 auribus
1679 4735 1792 4792 intima-

133 4816 256 4872 scribere
271 4831 326 4870 non
341 4819 479 4872 auderem.
497 4817 632 4872 Caeterum
661 4815 683 4868 si
698 4831 860 4886 quocunque
874 4831 936 4870 rno-
987 4828 1044 4875 tnm
1073 4836 1135 4877 esse
1164 4821 1317 4894 indignitati
1353 4836 1422 4876 mea
1450 4822 1608 4893 scripsistis,
1638 4825 1794 4880 auctoritati

133 4905 178 4970 do,
196 4918 356 4975 quacunque
371 4905 525 4970 occasione,
542 4920 558 4959 a
574 4920 734 4975 quocunque
746 4904 826 4958 aliter
839 4903 874 4958 ad
888 4919 937 4958 tos
987 4918 1086 4965 restra
1100 4910 1234 4965 veraciter
1247 4908 1343 4976 fateor,
1360 4910 1433 4980 quod
1449 4918 1475 4966 ει
1496 4911 1523 4965 in
1549 4911 1608 4965 istis
1631 4912 1794 4985 regionibus

139 4991 260 5048 delatum
276 4990 334 5060 fuit,
351 4999 439 5047 tamen
454 5009 506 5065 ego
521 5009 570 5063 per
588 4991 729 5064 praefatum
754 4991 938 5046 venerabilem
989 5014 1039 5067 per
1061 4997 1130 5053 alios
1154 4998 1176 5051 si
1200 4997 1279 5052 vobis
1300 4997 1433 5067 placuerit
1457 4998 1559 5054 rescire
1575 4998 1712 5065 valebitis,
1730 5003 1794 5073 quia

139 5079 334 5151 coepiscopum
363 5087 495 5145 nostrum,
523 5081 593 5135 sicut
622 5097 651 5135 se
678 5081 770 5145 habet,
801 5079 939 5149 exemplar
988 5085 1041 5138 nisi
1055 5085 1082 5139 in
1097 5085 1141 5140 die
1155 5085 1260 5140 Natalis
1276 5085 1420 5151 Dominici,
1436 5094 1461 5140 et
1478 5086 1556 5142 indie
1571 5097 1672 5143 sanctae
1687 5089 1795 5144 Resur-

139 5168 224 5240 ipsius
239 5166 375 5238 privilegii
391 5167 469 5221 vobis
483 5167 579 5222 direxi.
592 5168 672 5237 Quod
683 5169 705 5222 si
721 5167 798 5222 vobis
813 5183 867 5222 non
881 5166 940 5221 fue-
990 5173 1116 5228 rectionis
1131 5173 1199 5242 ejus,
1215 5173 1259 5227 vix
1273 5173 1301 5226 in
1316 5180 1371 5228 ιοιο
1386 5189 1457 5229 auno
1482 5175 1578 5229 eodem
1606 5176 1691 5246 pallio
1720 5183 1794 5233 utor.

137 5256 172 5312 rit
187 5255 297 5311 taedium
314 5262 452 5309 reservato
467 5255 493 5309 in
509 5256 631 5311 Romano
661 5255 762 5311 scrinio
786 5254 852 5308 illud
867 5255 939 5324 qnod
991 5259 1125 5329 Quoniam
1138 5261 1173 5316 de
1187 5261 1294 5316 illorum
1309 5277 1432 5328 numero,
1449 5263 1569 5332 peccatis
1583 5263 1653 5318 meis
1669 5264 1788 5337 exigen-

138 5359 189 5416 per
216 5358 280 5397 eum
305 5342 368 5396 misi
396 5343 533 5410 conferre,
550 5360 643 5401 rerrrm
665 5343 818 5399 invenietis.
845 5343 941 5397 Sedet
991 5347 1072 5414 tibus,
1090 5347 1185 5414 factus,
1201 5348 1234 5403 de
1249 5349 1346 5419 quibus
1361 5349 1548 5420 scriptumest
1565 5367 1571 5404 :
1589 5351 1793 5423 lmpedimenta

136 5440 213 5495 illam
226 5439 315 5511 ipsum
329 5439 464 5512 privilegii
479 5449 592 5504 tomum,
608 5451 634 5495 et
648 5457 701 5496 non
729 5440 875 5510 exemplar,
893 5456 941 5508 sp·
992 5434 1056 5488 milri
1071 5433 1195 5490 fecerunt
1226 5452 1273 5490 eos
1287 5436 1412 5501 miseros,
1437 5452 1501 5492 raro
1517 5438 1544 5491 in
1561 5437 1680 5494 decretis
1696 5441 1798 5497 festivi-
