3794 6104
47 261 99 325 457
439 259 561 319 OPUSC.
585 260 631 317 ΕΤ
655 260 764 317 unsa.
794 259 830 314 lN
858 258 971 317 CAUSA
994 261 1166 322 HlNletllll
1188 265 1343 324 LAUDUN.
1640 274 1692 332 fbf

48 389 204 448 consilium.
234 389 345 458 Depone
365 385 472 441 noxiam
495 385 543 440 tibi
574 384 784 450 animositatem,
820 381 1028 456 etAsubJectis
1052 390 1197 446 intentaret
1218 392 1432 463 damnationem,
1459 408 1570 469 repente
1610 404 1694 462 fronti

47 478 107 533 illas
121 477 237 545 naeuias,
256 475 320 546 quin
334 475 424 545 potius
438 473 596 546 tragoedias,
614 488 674 544 quae
696 471 774 527 vadis
799 489 849 543 per
900 476 978 546 signo
993 478 1083 534 crucis
1098 479 1233 550 impresso
1249 497 1329 536 omne
1345 481 1372 538 iu
1382 500 1412 538 se
1426 485 1582 545 incendium
1592 490 1693 550 furoris

48 576 107 622 tuas
136 564 313 621 collectiones
336 570 362 627 et
385 561 600 632 subscriptiones
634 560 847 632 interpretando,
900 566 1081 635 exstinxisset,
1094 568 1407 640 etminasdeposuisset.
1418 573 1453 628 Et
1462 574 1596 634 sibomini
1611 596 1696 639 saecu·

47 655 114 710 mibi
128 653 253 719 ostende,
271 660 297 708 ct
310 659 435 722 tempore
458 666 592 722 congruo,
618 665 681 706 cum
703 650 801 722 quibus
823 655 849 705 et
899 653 951 709 lari
965 664 1098 725 potestate
1113 657 1228 728 praedito
1242 658 1283 714 sic
1297 659 1390 730 utique
1406 670 1447 716 est
1463 665 1602 736 agendum
1630 669 1695 741 quid

46 759 108 801 cnm
124 741 234 814 quantis
249 739 368 796 volueris
383 740 417 794 de
432 738 563 794 fratribus
578 745 604 793 et
619 737 790 809 coepiscopis
804 753 850 792 no
899 758 950 797 nos
960 743 1054 799 miseri
1064 746 1222 800 sacerdotes
1231 746 1368 815 injudicio
1379 749 1429 804 Dei
1438 750 1561 808 dicemus
1581 708 1696 827 qiriloco

48 831 120 897 stris,
138 830 188 885 sed
205 837 231 885 et
247 829 282 884 de
296 827 485 884 communibus
500 826 601 881 nostris
616 824 750 890 fidelibus,
775 824 850 880 fami·
900 832 1064 886 sacerdotali
1078 833 1206 900 devincti,
1218 843 1388 891 nonnostras
1398 836 1554 906 ullomodo,
1564 795 1614 898 sed
1624 844 1696 901 divi·

48 919 153 1017 liariter
165 917 226 973 illas
241 917 374 990 legamus,
390 924 417 971 et
431 914 601 971 inveniamus
615 913 679 969 inde
693 913 848 981 consilium,
901 935 952 975 nas
965 920 1079 989 iniurias
1094 937 1156 977 cum
1166 921 1353 979 misericordia
1363 933 1389 979 et
1399 926 1565 984 discretione
1574 929 1603 986 in
1613 930 1684 987 alios

50 1007 168 1080 qualiter
181 1013 208 1061 et
223 1005 340 1060 sinetuo
353 1003 483 1089 periculo,
507 1009 533 1058 et
558 1001 617 1057 sine
638 1001 783 1073 opprobrio
803 1015 851 1055 so·
902 1017 1005 1064 etcum
1029 1009 1174 1064 severitate
1196 1009 1224 1064 in
1247 1011 1439 1082 nosmetipsos,
1456 1014 1595 1074 vindicare
1609 972 1697 1076 debeI

50 1096 169 1194 piantur,
187 1092 249 1165 quia
262 1092 309 1147 illa
325 1101 369 1148 tua
384 1090 561 1161 subscriptio,
578 1089 676 1144 divinae
699 1088 850 1144 auctorita·
902 1114 973 1162 mus,
992 1098 1015 1154 si
1027 1097 1062 1152 ad
1078 1097 1305 1154 evindicationem
1320 1101 1408 1170 parati
1422 1118 1531 1174 semper
1545 1106 1687 1164 existimus

51 1193 94 1271 ns,
111 1199 175 1256 quaa
191 1198 241 1253 per
256 1181 363 1237 beatum
378 1181 497 1236 Leonem
512 1178 586 1247 dicit,
609 1178 673 1250 quin
695 1177 723 1231 iu
748 1177 849 1244 causis,
903 1186 1002 1257 quibus
1012 1186 1110 1241 dicitur
1128 1202 1134 1241 :
1147 1188 1307 1257 benefacite
1322 1188 1365 1243 liis
1380 1191 1428 1262 qui
1442 1190 1562 1248 oderunt
1576 1210 1622 1251 uos
1639 1150 1698 1252 non

51 1288 111 1343 qnae
125 1270 163 1370 ad
177 1269 334 1343 generalem
357 1269 556 1325 observantium
574 1265 707 1336 pertinent
731 1264 852 1320 omnium
902 1274 1052 1330 reddentes
1067 1277 1176 1331 mutum
1190 1274 1446 1345 promuloffluttlr.
1458 1237 1699 1352 suscripsimus

53 1360 161 1416 Domini
184 1358 367 1422 sacerdotum,
393 1356 461 1410 nihil
479 1355 538 1410 sine
557 1354 716 1425 primatibus
746 1360 853 1425 oportet
903 1363 976 1417 enim
992 1381 999 1417 ι
1016 1364 1084 1419 lfitri
1090 1363 1254 1431 uindictam,
1267 1369 1346 1434 etho
1356 1366 1520 1436 retribuum,
1530 1369 1600 1424 dicit
1609 1371 1700 1439 Domi·

51 1447 168 1521 impleri,
192 1456 234 1504 est
258 1445 445 1502 contradictio.
471 1444 506 1498 Et
526 1444 548 1497 si
573 1443 601 1496 in
614 1442 793 1514 plurimomm
809 1457 854 1496 sa·
903 1468 977 1508 nus:
989 1451 1035 1506 sed
1044 1452 1070 1506 si
1088 1451 1221 1506 esurierit
1236 1452 1371 1508 inimicus
1382 1455 1459 1519 tuus,
1477 1455 1538 1511 cilo
1550 1456 1650 1512 illuns·
1674 1459 1700 1515 si

53 1537 174 1609 pientum
189 1535 315 1591 notitiam
342 1533 444 1605 perlata
464 1530 544 1587 fuerit
563 1538 608 1584 tua
631 1530 745 1595 derisio,
776 1531 852 1586 inci·
903 1539 1178 1609 sitit,potumduitli
1186 1537 1211 1608 (Ι
1223 1541 1298 1594 Petr.
1312 1553 1357 1604 nr;
1369 1541 1446 1596 llom.
1455 1542 1518 1611 nur).
1528 1542 1563 1597 Et
1573 1501 1703 1600 Salomon

52 1628 140 1698 pient,
158 1623 246 1697 inquit
260 1623 403 1690 Dominus,
417 1637 514 1677 omnes
529 1619 649 1675 illudere
658 1620 694 1682 ei,
704 1619 829 1674 dicentes
843 1637 852 1673 .·
904 1626 969 1682 dicit
982 1644 988 1679 :
1001 1628 1096 1684 Melior
1106 1627 1266 1696 estpotiens
1278 1629 1335 1683 uiro
1343 1629 1429 1697 sorte,
1441 1632 1525 1702 etqui
1536 1630 1702 1688 dominatur

55 1714 122 1782 Quia
134 1712 272 1768 bicbomo
282 1709 522 1783 cepitoedificere,
532 1708 889 1788 etnonpotuitconsum·ss
905 1716 1001 1771 animo
1011 1719 1263 1786 sucexpupnutore
1278 1715 1388 1770 urbium
1405 1717 1498 1786 (Pecu.
1524 1719 1596 1790 xvi).
1613 1720 1702 1776 blinor

54 1803 216 1873 mure(luc.
229 1801 300 1871 xiv).
311 1798 462 1868 Quiaenim
471 1796 537 1851 nihil
548 1795 587 1862 sn,
598 1795 650 1849 nisi
660 1795 734 1867 quod
744 1803 788 1850 aut
799 1795 853 1850 Do-
905 1811 946 1858 est
961 1820 1029 1877 ergo
1044 1803 1158 1860 victoria
1174 1803 1257 1858 urbes
1272 1818 1441 1875 expugnare.
1459 1805 1524 1877 quia
1538 1815 1616 1863 extra
1639 1816 1702 1863 aunt

54 1891 140 1945 minus
151 1885 490 1952 voluntatefacit,autfleri
501 1883 854 1941 coutravoluutatemsuem
905 1909 967 1964 quae
982 1892 1128 1948 vincuntur
1144 1908 1150 1947 ε
1167 1892 1256 1960 majus
1271 1898 1363 1947 autem
1377 1899 1419 1946 est
1434 1894 1507 1963 quod
1523 1910 1571 1965 per
1594 1895 1701 1966 patien-

55 1978 190 2034 interdum
202 1978 276 2047 juste
286 1975 426 2047 permittit,
439 1982 466 2029 et
479 1973 548 2028 miro
562 1970 644 2028 modo
659 1970 696 2036 fit,
724 1972 787 2042 quia
797 1971 854 2040 ejus
905 1979 971 2034 tiam
986 1979 1111 2049 vincitur,
1128 1980 1192 2052 quia
1217 1980 1277 2051 ipse
1291 1995 1306 2034 a
1321 1995 1350 2034 se
1366 1979 1472 2034 animus
1494 1990 1649 2053 superatur,
1675 1991 1703 2038 et

56 2065 168 2137 musitio
183 2063 301 2120 militant
316 2064 396 2121 etiam
412 2078 471 2134 quae
486 2061 545 2129 ejus
561 2058 676 2117 consilio
691 2067 853 2132 repugnant,
905 2068 1082 2139 semetipsum
1097 2068 1258 2139 sibimetipsi
1272 2067 1390 2136 subjicit,
1402 2071 1583 2139 quaudoeum
1593 2069 1702 2140 patien-

56 2157 77 2213 εἰ
89 2152 510 2228 quaedamaliquaudoperverse
524 2148 854 2221 aperuersisobtinentur,
906 2157 944 2212 tia
958 2157 988 2212 in
1002 2156 1152 2212 bumilitate
1166 2157 1316 2213 tolerantire
1339 2158 1497 2214 substernit.
1526 2159 1590 2226 Qui,
1614 2158 1702 2230 inquit

56 2244 96 2300 vel
108 2242 311 2308 evindicantur,
328 2249 374 2296 aut
388 2240 527 2295 eduorum
542 2237 754 2306 damnationem,
766 2235 857 2292 autad
908 2245 1066 2317 Apostolus,
1078 2250 1146 2302 sunt
1157 2246 1271 2310 Christi,
1280 2247 1702 2315 curnemsucmerucifixerunt

57 2331 203 2389 electorum
220 2330 421 2402 purgationem,
439 2335 484 2382 aut
494 2326 529 2381 ad
539 2333 683 2397 utrumque
692 2323 750 2380 fieri
761 2324 857 2380 Domi·
908 2351 973 2390 cum
982 2335 1058 2390 vitiis
1069 2339 1098 2389 et
1107 2335 1343 2403 concupiscentiis
1353 2336 1426 2405 (Gal.
1438 2318 1478 2404 v),
1488 2342 1517 2388 ut
1526 2349 1582 2390 non
1592 2332 1704 2389 solum

57 2436 102 2476 nus
109 2417 362 2492 justepermittit,et
372 2417 401 2471 in
411 2423 589 2486 suotempore
598 2428 645 2469 eos
654 2412 859 2483 irridebit,quia
908 2438 993 2493 pravo
1007 2438 1101 2495 opere,
1114 2422 1163 2478 sed
1173 2421 1281 2477 etiama
1292 2421 1513 2493 concupiscentia
1523 2422 1602 2495 pravi
1612 2420 1704 2494 operis

59 2508 209 2565 sicutitem
228 2507 435 2578 scriptumest:
456 2503 636 2560 illusionibus
661 2503 721 2574 ipse
746 2500 860 2557 deludet
909 2510 1042 2575 crucifixi,
1057 2526 1113 2565 non
1127 2525 1275 2582 sequamur
1297 2510 1505 2575 deliberatione,
1531 2508 1705 2565 minimeau·

60 2598 148 2667 (prov,
169 2597 223 2665 m),
245 2592 452 2666 propterquod
472 2590 616 2646 Psalmista
640 2589 741 2659 Spiritu
765 2596 860 2643 sancto
909 2606 965 2654 tem
979 2615 1072 2671 opepe,
1090 2598 1163 2669 quod
1178 2613 1292 2669 pravea
1312 2598 1392 2653 uobis
1419 2596 1631 2667 concupiscitur,
1661 2596 1706 2653 vel

59 2685 186 2757 repletus,
200 2677 861 2755 unumquemquefidelemadmouetdicens:ltoli
909 2687 938 2742 in
960 2694 1050 2742 mente
1075 2685 1241 2758 suggeritur,
1266 2685 1374 2741 Domini
1401 2685 1569 2741 incessanter
1583 2691 1708 2756 petentes

61 2773 192 2830 mim
201 2773 234 2827 t„
244 2786 275 2828 ρο
286 2773 333 2843 qni
341 2771 525 2842 prosperatur
536 2769 567 2823 in
581 2768 625 2821 uio
635 2781 696 2828 suc,
709 2765 861 2820 innomine
910 2774 1093 2838 clementiam,
1110 2783 1140 2828 ut
1155 2773 1200 2845 qui
1215 2788 1266 2827 nos
1277 2772 1358 2842 jussit
1373 2771 1489 2846 vigilare
1511 2779 1538 2827 ει
1557 2787 1650 2841 orare,
1679 2779 1709 2827 ut

61 2853 861 2933 ,mainwaringquonamquimattpnantureatrr·
911 2879 966 2919 non
980 2862 1112 2918 intremus
1126 2861 1154 2915 in
1169 2860 1356 2928 tentationem,
1373 2877 1488 2916 suanos
1503 2859 1591 2933 gratia
1614 2867 1709 2930 prote·

61 2950 258 3006 minabuntur.
270 2947 325 3002 Et:
344 2946 403 3002 Vidi
421 2946 543 3017 impium
562 2941 864 3013 superuacaneum
911 2959 967 3023 gat,
984 2967 1020 3006 ne
1034 2950 1196 3006 inducamur
1211 2949 1238 3005 in
1253 2948 1450 3005 tentationem:
1468 2957 1494 3004 et
1508 2948 1532 3004 si
1542 2956 1571 3003 ut
1585 2947 1710 3003 homines

62 3036 400 3104 elevatumsupercedros
411 3035 521 3090 libum.
536 3031 673 3098 Transiui,
685 3034 713 3086 et
723 3046 786 3086 ecce
802 3046 859 3085 non
875 3037 1041 3138 Clabimur,
1057 3038 1136 3094 citius
1149 3038 1185 3094 ad
1213 3037 1400 3108 poenitentiam
1429 3037 1572 3093 redeamus
1601 3044 1631 3092 ul
1655 3051 1711 3092 ¹¹⁰³

62 3132 129 3195 erat,
146 3124 266 3200 quasin
275 3140 351 3191 eum,
363 3127 391 3178 et
413 3125 521 3178 nonest
538 3120 673 3174 inventus
697 3119 773 3174 locus
787 3120 857 3191 ejus.
910 3134 1008 3199 regnet
1021 3133 1162 3197 peccatum
1178 3125 1314 3182 innostro
1329 3124 1437 3181 mortali
1452 3124 1617 3196 corporead
1645 3124 1712 3179 obe·

64 3214 178 3272 Custodi
201 3213 399 3269 innocentium
414 3215 443 3266 et
456 3207 518 3264 uide
533 3208 706 3280 equitatem,
727 3207 860 3280 quonium
910 3213 1041 3270 diendum
1055 3213 1198 3269 desideriis
1215 3214 1274 3281 eius
1290 3232 1297 3278 ;
1314 3214 1358 3269 cui
1384 3212 1511 3268 videlicet
1534 3219 1656 3282 peccato,
1685 3210 1709 3265 Si

63 3306 129 3360 ,m
142 3302 274 3376 reliqum
287 3299 396 3356 pompm·
409 3299 525 3370 pacifico
545 3296 602 3366 (ps.
620 3296 733 3365 xxxvi),
911 3301 1008 3357 tollere
1023 3318 1077 3358 nou
1093 3317 1249 3372 possumus,
1266 3309 1295 3355 ut
1310 3316 1364 3355 non
1379 3299 1455 3354 sitin
1480 3299 1560 3354 nobis
1583 3297 1714 3353 tollamus

350 3422 463 3479 CAPUT
478 3423 574 3478 XLVI·
911 3399 1002 3445 tamen
1018 3407 1068 3460 per
1082 3390 1133 3445 Dei
1145 3389 1311 3457 adjutorium
1320 3387 1359 3441 illi
1369 3402 1493 3458 regnum,
1506 3403 1540 3442 ne
1558 3385 1713 3441 dominetur

64 3511 227 3599 pggoqwg
248 3511 390 3585 storiam,
413 3526 442 3566 ω
463 3511 494 3566 5„
516 3511 654 3573 omnim
678 3524 738 3581 w
762 3507 862 3562 congru
911 3478 1008 3535 nostri.
1025 3478 1143 3533 Maxima
1167 3477 1267 3547 quippe
1291 3474 1438 3530 infelicitas
1461 3482 1503 3529 est
1528 3471 1654 3538 bominis,
1680 3470 1710 3527 in

78 3581 451 3658 gucslcbetsuscepit,suisse
461 3598 493 3637 uc
503 3583 683 3654 sernpertore
694 3580 839 3633 uictorem.
911 3566 984 3621 melo
998 3582 1048 3621 suo
1066 3563 1225 3635 prosperari
1250 3561 1375 3618 feliciter.
1401 3561 1539 3632 Scriptum
1555 3567 1597 3616 est
1611 3559 1688 3615 enim
1704 3577 1711 3614 ε

95 3673 165 3744 Quze
190 3670 296 3728 idcirco
319 3669 391 3737 dico,
414 3669 477 3742 quia
498 3668 568 3725 sicut
591 3684 608 3723 a
626 3665 750 3738 pluribus
771 3662 861 3728 audio,
915 3656 978 3711 frio
988 3657 1057 3710 sunt
1068 3669 1128 3726 quoe
1136 3651 1203 3708 bene
1213 3651 1397 3722 gradiuntur,
1409 3653 1437 3705 et
1445 3647 1713 3722 quartumquodin-

64 3758 272 3832 perennitatem
287 3755 443 3827 tejactitas,
469 3756 597 3830 quoniam
621 3767 790 3827 quacunque
818 3750 863 3804 in·
913 3741 987 3798 cedit
1001 3741 1126 3812 feliciter
1141 3740 1232 3808 (Pron.
1245 3737 1377 3808 xxxviii).
1393 3737 1538 3792 Nonenim
1548 3733 1716 3808 omnequod

64 3848 168 3921 cepisti,
185 3853 235 3904 aut
247 3853 341 3903 contra
355 3860 459 3917 regem,
475 3853 521 3901 auc
535 3853 628 3901 eontra
642 3858 696 3908 me,
713 3848 757 3896 aut
767 3847 864 3895 conti-n
913 3828 1037 3892 feliciter,
1055 3830 1123 3884 bene
1140 3845 1146 3880 :
1164 3841 1215 3882 nec
1229 3842 1310 3882 omne
1324 3825 1398 3897 quod
1412 3825 1493 3890 bene,
1504 3823 1631 3880 feliciter.
1647 3821 1718 3878 Feli·

66 3950 244 4009 quoscunque
256 3943 373 4001 tuorum,
389 3931 446 3988 sive
460 3932 587 3997 clericos,
612 3931 669 3987 sive
691 3929 787 3993 laicos,
818 3925 864 3997 qui
914 3919 983 3974 citer
1009 3917 1082 3972 enim
1111 3931 1221 3986 semper
1249 3913 1387 3979 incedere,
1416 3911 1472 3968 filio
1499 3910 1661 3983 perditionis
1675 3917 1718 3966 est

66 4033 158 4081 eontra
175 4033 250 4079 tuam
264 4022 429 4078 voluntatem
444 4020 578 4086 fecerunt,
594 4018 638 4075 vel
653 4026 749 4075 contra
760 4014 864 4070 viciuos
915 4005 1066 4077 proprium.
1084 4026 1095 4055 s
1114 4002 1231 4060 Grandis
1246 4018 1364 4073 namque
1379 4000 1484 4056 offense
1499 4007 1550 4068 est,
1566 4009 1595 4055 ut
1618 3999 1717 4054 Hiero·

66 4101 864 4185 tuos‚qnisecontrateerexemnt‚totumexpartemaxima
915 4110 1013 4164 nvmus
1028 4093 1103 4159 dicit,
1129 4100 1276 4164 postquam
1296 4089 1467 4161 peccaveris,
1493 4088 1564 4142 iram
1587 4086 1638 4142 Dei
1661 4101 1717 4142 nou

68 4215 175 4273 semper
186 4197 304 4264 evicisti,
321 4204 347 4254 et
363 4196 435 4269 quod
450 4197 540 4252 adbuc
555 4204 640 4251 restat
655 4193 774 4249 evinces.
787 4189 865 4247 Unde
915 4181 1026 4237 mereri.
1046 4202 1057 4231 ι
1074 4181 1109 4234 Ει
1124 4188 1236 4235 sanctus
1251 4178 1405 4250 Gregorius
1422 4195 1428 4229 :
1448 4197 1459 4226 ι
1476 4175 1598 4230 Necesse
1622 4181 1663 4229 est
1686 4179 1717 4229 nt

68 4295 126 4345 tnnc
141 4295 224 4360 potes
238 4287 266 4342 in
281 4285 399 4342 Domino
417 4293 443 4340 te
463 4284 573 4358 gloriari
597 4283 736 4345 victorem,
770 4280 792 4334 si
816 4294 866 4349 per
916 4277 1062 4342 peccantes
1076 4283 1200 4340 quosque
1214 4275 1278 4320 tunc
1293 4264 1498 4321 consideremus
1520 4259 1638 4331 amplius
1660 4258 1716 4313 rni-

68 4375 255 4432 rectitudinem
269 4374 357 4431 vincis
372 4389 512 4439 errorem3
529 4372 551 4428 si
566 4379 656 4427 autern
670 4369 704 4425 dc
721 4382 866 4424 erroreer-
917 4375 993 4414 seros
1007 4372 1078 4423 esse,
1095 4355 1205 4426 quando
1220 4369 1268 4409 eos
1275 4350 1458 4422 conspicimus
1468 4350 1496 4405 in
1504 4348 1585 4419 culpa
1598 4360 1648 4401 sna
1657 4345 1716 4400 sine

70 4479 166 4532 rorem,
182 4471 230 4521 aut
246 4462 335 4519 vincis
347 4461 536 4518 rectitudinem
551 4477 601 4531 per
617 4474 748 4521 errorem,
759 4472 813 4512 non
838 4461 865 4509 te
879 4419 1027 4519 Dflagello
1041 4442 1196 4500 derelictos.
1216 4433 1233 4491 ῐ
1252 4441 1320 4495 lliuc
1343 4438 1445 4494 etenim
1467 4453 1518 4509 per
1543 4433 1718 4490 Salomonem

70 4562 139 4621 potes
145 4551 261 4627 gloriari
269 4550 467 4616 rictorem,sed
473 4548 631 4605 debesflere
639 4544 832 4602 miserabiliter
840 4551 866 4598 te
916 4535 1016 4591 dicitur
1032 4532 1162 4587 :Aversis
1175 4529 1360 4599 paruulorum
1370 4527 1526 4595 interficiet
1537 4539 1592 4587 eos,
1603 4525 1631 4577 et
1649 4536 1717 4591 pro·

73 4641 316 4707 rictumerrore,et
326 4639 349 4693 si
359 4638 456 4694 itauon
466 4630 867 4708 sapis,insipidedesipis,quia
917 4625 1037 4693 speritus
1048 4621 1202 4676 stultorum
1212 4617 1311 4688 perdet
1321 4616 1385 4671 illos
1396 4614 1479 4685 (Prou
1498 4614 1528 4681 t),
1544 4609 1597 4678 Qui
1611 4607 1718 4664 anime

75 4730 137 4786 unde
150 4727 257 4784 tristari
272 4734 299 4784 ει
315 4726 382 4782 flere
397 4726 542 4790 debueras,
560 4723 623 4778 inde
640 4721 762 4792 jactaris.
794 4721 867 4774 Grn—
918 4720 976 4774 Deo
998 4715 1128 4773 avertitur
1152 4723 1180 4769 et
1198 4718 1387 4785 prosperatur,
1414 4716 1489 4764 tanto
1509 4703 1654 4777 perditioni
1688 4701 1724 4763 fit

76 4817 143 4874 riore
158 4817 235 4873 enim
263 4824 328 4873 suut
355 4814 473 4870 vindicta
501 4810 646 4884 plectendi,
675 4809 721 4882 qui
748 4808 868 4882 gaudent
918 4814 1069 4887 proximus,
1086 4818 1188 4883 quanto
1200 4809 1258 4864 zelo
1273 4805 1424 4875 disciplinae
1448 4800 1584 4857 invenitur
1593 4799 1720 4855 ebenus:

79 4904 149 4962 ’Μ
170 4906 199 4961 ῙΠ
223 4903 343 4970 deum&
368 4912 395 4958 ‘l
416 4902 541 4958 laetifflm‘
565 4916 626 4956 cum
650 4897 721 4954 mlle
744 4895 867 4961 semim*
920 4929 974 4985 quo
988 4920 1084 4968 contra
1098 4903 1402 4971 Psalmistadebloyse,
1417 4894 1722 4965 etiterumetSanrnele

80 4994 247 5094 ⁰f5¹⁸¹¹st³⁰t
269 4991 298 5047 5¹²
313 4991 394 5047 ΓΜ
415 4989 552 5064 pessimi&
577 4989 612 5043 Et
633 4987 744 5058 ‘midam
759 4983 869 5055 ⁸³Pie¹¹⁸
921 5010 1000 5066 dicit:
1014 5008 1084 5076 Quin
1092 4999 1434 5062 invocabuntftominum,
1446 4998 1474 5051 et
1483 4995 1542 5063 ipse
1551 4991 1723 5049 exaudiebat

82 5080 132 5138 dreit
149 5083 227 5152 :Qut
243 5096 354 5154 semper
368 5080 457 5135 uincit
472 5094 530 5135 non
545 5091 655 5149 semper
677 5075 746 5130 ⁶0⁷¹?
769 5073 868 5129 finiit·
921 5109 995 5172 telos,
1005 5106 1036 5160 in
1047 5104 1179 5159 columne
1189 5098 1271 5152 nubis
1279 5091 1488 5164 loquebaturne
1504 5106 1559 5146 eos.
1578 5085 1722 5144 Custodit·

19 5228 25 5237 ,
83 5167 185 5237 tundo
214 5169 289 5225 enim
314 5167 395 5223 nobis
423 5165 549 5222 diabolus
576 5161 704 5219 vincendi
731 5159 871 5216 libidinem
1066 5201 1070 5213 .
1147 5199 1152 5210 .
1205 5197 1209 5206 .
1665 5182 1670 5193 .

84 5259 202 5333 mmm,
218 5256 353 5314 debemus
367 5253 505 5312 recordari
516 5251 656 5308 sementim
667 5249 737 5306 beati
745 5245 873 5320 Gregorii
923 5204 990 5259 bunt
1005 5205 1169 5256 testimonia
1184 5209 1254 5265 epus,
1271 5194 1301 5245 et
1314 5185 1566 5296 preceptumpuod
1576 5180 1724 5239 dedttstlts

923 5298 1142 5371 (Psul.xcv111)·‚
1160 5298 1277 5345 etmore
1297 5287 1457 5358 prophetico
1481 5294 1632 5338 conversus
1655 5290 1724 5334 mox

26 5352 29 5357 '
86 5342 232 5420 inaspitulo
247 5344 355 5402 decimo
369 5344 449 5413 hujus
464 5340 587 5414 opusculi
602 5354 683 5410 snpra
697 5337 873 5409 positamque
1045 5391 1049 5402 ,
1148 5387 1180 5398 ,,
1298 5385 1304 5398 ,

86 5431 137 5491 Μ
156 5450 234 5507 wpe
263 5448 295 5490 ω
322 5431 436 5500 vidisse,
466 5429 540 5504 quod
567 5445 628 5484 eum
656 5442 685 5483 se
715 5425 750 5480 ⁸d
772 5422 872 5478 serien,
924 5396 960 5453 ad
972 5395 1118 5452 Dominum
1127 5387 1342 5443 dicit:llomrne
1354 5385 1425 5437 fleus
1436 5382 1543 5446 noster,
1555 5380 1587 5433 tu
1600 5369 1725 5430 exaudis

86 5519 138 5580 dm
160 5521 285 5598 wite,
312 5520 481 5588 mmmm„
511 5517 539 5573 id
565 5525 606 5572 est
630 5511 776 5586 temporali
791 5518 872 5583 pore.
925 5494 972 5549 bus
982 5488 1138 5552 eos:lleus,
1150 5485 1182 5541 tu
1189 5481 1330 5556 propitius
1340 5475 1484 5548 fuistieis,
1497 5477 1525 5528 et
1535 5471 1676 5528 ulciscens
1693 5471 1726 5525 fn

86 5616 142 5670 tttte
167 5611 254 5670 fultas
282 5607 455 5676 accenderet,
484 5612 511 5664 et
538 5603 616 5678 quasi
645 5602 752 5661 elevato
787 5613 874 5655 cornu
925 5603 1022 5651 omnes
1037 5567 1538 5644 Minnenttoneseorum.l>ropitiatio
1553 5564 1729 5639 quippebei,

239 5712 364 5771 famus.
380 5707 502 5768 cxxvi.
1479 5678 1512 5730 15
