3794 6104
137 302 140 307 ν
174 224 227 280 b'lb
617 223 791 282 fflNletin
803 222 1002 282 aneuausts
1017 223 1293 284 secflffletscort.
1773 236 1852 290 tt·

171 355 227 402 tam
242 345 408 403 exitiabilem
422 347 740 417 excommunicationem,
770 355 797 404 et
820 347 966 421 impietatis
983 348 1107 411 Ameum
1124 365 1218 421 sapere
1232 360 1259 409 ct
1272 368 1355 424 posse
1380 354 1415 408 ad
1440 354 1491 409 Dei
1518 355 1703 420 voluntatem,
1734 365 1762 412 et
1789 373 1843 413 a-

173 434 376 508 colligationem
391 435 418 490 in
441 445 557 491 suumet
584 435 728 491 multorum
756 437 906 508 periculum
931 442 974 496 in·
1025 436 1100 510 regis
1115 439 1246 508 salutem,
1269 447 1295 496 et
1315 441 1350 495 ad
1375 448 1474 496 statum
1478 484 1531 497 .....
1559 443 1595 498 ad
1621 458 1715 498 meam
1739 444 1811 515 ipsiu
1876 486 1888 493 ..

174 531 312 591 tentatam,
330 527 489 597 quantocius
500 525 628 580 solveret.
646 524 702 580 Sed
726 525 761 579 ad
790 525 972 585 obediendum
1024 525 1140 582 salutem
1156 528 1188 582 H.
1208 528 1296 583 »Cum
1310 527 1409 585 Afmcae
1433 530 1580 600 provincia
1596 545 1721 587 canones
1734 531 1814 587 dican
1896 563 1897 568 κ

174 626 239 667 eum
265 611 381 668 invitare
404 629 458 670 non
487 613 569 669 valui.
594 612 661 667 Cum
689 621 799 669 sanctus
819 615 972 674 Bonifacius
1023 612 1099 683 (coc.
1112 616 1157 685 86)
1173 633 1180 669 :
1198 637 1209 662 «ι
1227 616 1398 672 Posteriores
1412 618 1533 690 episcopi
1544 618 1735 674 anterioribus
1750 619 1879 676 defes

173 700 321 772 explanans
335 702 483 772 capitulum
498 700 715 758 Nioaeniconcilii
731 702 805 768 (con.
823 704 867 772 ta)
882 705 973 760 adlli-
1022 709 1093 766 rant,
1109 703 1210 757 neceis
1224 703 1382 759 inconsultis
1397 704 1498 776 aliquid
1512 720 1596 778 agere
1611 715 1794 777 praesumant.
1815 736 1851 761 n.

171 783 270 842 larium
290 789 499 847 Narbonensem
523 790 682 861 episcopum
710 790 781 845 dicat
809 789 902 863 (epist.
919 793 970 863 st:
1022 788 1057 842 Et
1071 803 1189 845 canones
1205 791 1367 847 Antiocheui
1387 792 1498 848 decerni
1526 793 1774 865 metropolitanum
1800 810 1847 856 er

175 876 332 933 «Advertat
356 878 485 946 charitas,
515 878 584 933 adeo
607 893 659 932 nos
682 892 816 933 canonum
835 888 972 951 praecepta
1021 876 1125 932 honore
1151 877 1317 948 precellere,
1343 887 1370 934 et
1392 879 1458 934 nihil
1486 880 1603 952 amplius
1630 888 1737 952 praeter
1765 897 1829 941 eum

172 978 294 1031 serrare,
310 971 339 1019 ut
353 965 390 1019 ita
414 965 569 1022 constitutio
599 980 706 1037 quoque
729 973 820 1020 nostra
848 966 970 1035 diffiniat,
1021 971 1136 1019 eeteros
1163 966 1306 1036 episcopos
1335 982 1428 1040 agere.
1459 969 1611 1024 secundum
1636 969 1782 1041 antiquam
1808 989 1825 1030 a

172 1059 304 1122 quatenus
318 1053 517 1125 metropolitani
526 1053 568 1108 sui
582 1069 753 1125 unaquaeque
784 1055 922 1124 provincia
943 1056 971 1110 in
1021 1051 1144 1107 Patribus
1155 1055 1255 1110 nostris
1264 1055 1389 1127 regulam
1404 1056 1587 1128 constitutam,
1604 1056 1660 1111 nisi
1675 1072 1711 1112 ea
1720 1065 1817 1114 tantum

171 1139 299 1195 omnibus
313 1141 397 1197 rebus
412 1142 611 1197 ordinationem
635 1156 744 1210 semper
772 1149 889 1212 expetat.
909 1166 920 1192 a
936 1145 971 1200 Et
1021 1156 1082 1211 quae
1095 1141 1129 1196 ad
1145 1157 1221 1196 suam
1243 1142 1384 1199 dioecesim
1398 1144 1543 1214 pertinent,
1570 1144 1814 1216 possessionesque

171 1227 226 1283 Leo
254 1229 289 1284 ad
329 1230 503 1285 Theodorum
540 1227 752 1297 forojuliensem
791 1229 969 1300 episcopum:
1021 1228 1167 1297 subiectas.
1182 1230 1217 1284 Et
1232 1230 1255 1284 si
1265 1247 1316 1300 pro
1330 1231 1421 1303 aliqua
1435 1248 1502 1304 erga
1521 1248 1551 1288 se
1574 1247 1670 1300 cansa,
1690 1233 1738 1289 rel
1758 1248 1814 1290 oon-

173 1335 185 1366 ι
201 1315 407 1382 Sollicitudinis,
425 1316 522 1388 inquit,
539 1324 592 1372 tuae
606 1315 630 1371 is
646 1316 715 1371 ordo
735 1333 796 1372 esse
824 1318 967 1386 debuerat,
1020 1315 1139 1371 tentione
1153 1317 1275 1373 sedanda
1289 1319 1351 1374 huic
1367 1318 1531 1390 professioni
1559 1319 1737 1390 subscripsit,
1765 1321 1813 1377 sina

169 1408 199 1458 ut
213 1418 275 1459 eum
289 1403 499 1475 metropolitano
515 1411 560 1459 tuo
587 1403 621 1458 de
643 1418 676 1459 ec
691 1404 763 1475 quod
792 1407 969 1477 quaerendum
1019 1404 1218 1475 metropohtani
1241 1413 1331 1461 tamen
1356 1414 1384 1462 et
1403 1408 1632 1479 coepiscoporum
1657 1409 1813 1465 lihemensis

169 1505 232 1546 esse
259 1491 412 1557 uidebatur,
437 1491 602 1548 conferres:
632 1491 696 1564 quia
705 1491 732 1546 in
748 1493 839 1548 causis
849 1510 910 1566 quae
933 1496 969 1550 ad
1018 1492 1166 1564 prouinciae
1175 1494 1339 1550 conscicntia
1354 1495 1382 1551 id
1395 1510 1478 1567 agere
1492 1511 1547 1551 nun
1565 1496 1712 1552 debuerat.
1744 1498 1814 1554 Unde

169 1577 326 1650 generalem
340 1579 543 1635 observantiam
558 1579 703 1650 pertinent,
715 1581 836 1636 omnium
859 1582 969 1638 Domini
1018 1587 1128 1636 sanctam
1143 1582 1315 1638 Innocentius
1329 1584 1365 1639 ad
1390 1583 1547 1640 victricium
1575 1583 1741 1656 episcopum
1768 1586 1813 1641 de-

170 1665 353 1735 secerdctum,
368 1666 434 1722 nihil
450 1668 508 1723 sine
518 1667 678 1739 primatibus
700 1676 806 1739 oportet
819 1669 934 1740 impleri.
954 1669 1104 1758 »Borevit
1116 1668 1211 1725 dicens
1221 1671 1314 1742 (epist.
1324 1672 1351 1741 t)
1366 1688 1373 1725 ι
1391 1695 1402 1719 a
1421 1671 1450 1728 Si
1463 1688 1524 1744 quae
1537 1687 1629 1728 causae
1642 1673 1687 1728 vel
1702 1681 1813 1730 conten·

169 1751 278 1810 Certum
298 1762 339 1811 est
363 1755 434 1812 enim
450 1755 579 1828 quoniam
598 1755 646 1811 illa
668 1773 729 1828 quae
751 1757 786 1812 de
799 1757 968 1829 baptizandis
1020 1756 1189 1813 tionesinter
1212 1757 1327 1814 elericos
1351 1767 1406 1813 tam
1433 1758 1581 1831 superioris
1608 1759 1718 1817 ordinis
1739 1777 1814 1833 quam

168 1842 298 1914 parvulis,
314 1851 340 1898 et
354 1845 388 1900 de
403 1845 496 1899 ultima
506 1845 675 1916 poenitentia,
693 1852 720 1900 et
733 1845 832 1902 viatico
855 1862 967 1902 munere
1019 1843 1102 1899 etiam
1115 1843 1252 1900 inferioris
1266 1844 1366 1901 fuerint
1381 1854 1484 1913 exorte,
1496 1854 1525 1902 ut
1549 1847 1705 1904 secundum
1733 1865 1813 1920 syna·

168 1944 201 1986 ac
214 1939 384 1987 mortuoram
403 1933 541 2003 sepultura
556 1932 623 1988 nulli
637 1933 810 2006 deneganda,
835 1949 868 1989 ex
882 1934 967 1991 sacris
1018 1931 1415 2006 dumNioaenamcongregatis
1437 1934 1559 2004 ejusdem
1586 1935 1739 2007 provinciae
1761 1937 1814 2008 epi·

168 2018 270 2090 regulis
284 2020 318 2075 ad
332 2036 395 2076 eum
418 2021 594 2092 scripseram,
625 2021 658 2075 ad
683 2022 841 2094 generalem
869 2022 967 2078 obscr—
1018 2019 1108 2090 scopis
1123 2020 1244 2092 jurgium
1265 2021 1425 2077 terminetur
1448 2041 1455 2089 3
1481 2037 1532 2078 nec
1558 2020 1640 2078 alicui
1650 2022 1735 2080 liceat
1748 2023 1814 2095 (sine

168 2106 287 2163 rentiam
297 2107 406 2165 Domini
417 2110 590 2165 sacerdotum
613 2109 758 2179 pertinent.
788 2109 888 2165 Contra
906 2127 967 2182 quae
1017 2107 1174 2178 praejudicio
1188 2111 1419 2165 tamenliomanae
1432 2109 1573 2175 Ecclesiae,
1590 2110 1676 2166 cuiin
1692 2111 1814 2167 omnibus

166 2209 333 2266 praesumere
347 2211 403 2252 non
417 2196 557 2266 debuerat,
569 2204 596 2252 et
623 2197 775 2253 inconsulto
798 2212 966 2268 praesumens
1016 2195 1106 2251 causis
1120 2196 1234 2251 debetur
1244 2195 1305 2268 fot,
1318 2197 1395 2266 cujus
1409 2197 1437 2250 in
1456 2197 1583 2253 omnibus
1608 2198 1703 2253 causis
1725 2198 1812 2272 debet]

166 2282 249 2338 etiam
264 2283 298 2339 ad
312 2283 427 2354 primam
440 2283 680 2340 commonitionem
694 2300 727 2340 ex
743 2284 901 2358 evangelica
919 2301 966 2342 ve·
1015 2284 1168 2339 reverentia
1182 2284 1332 2356 custodiri],
1348 2284 1449 2340 relictis
1476 2285 1519 2339 his
1546 2285 1753 2354 sacerdotibus,
1770 2287 1813 2359 qui

167 2368 257 2437 ritate,
274 2377 301 2426 et
319 2371 468 2442 apostolica
491 2379 572 2443 atque
590 2372 721 2428 canonica
751 2373 917 2440 auctoritate,
938 2382 966 2429 et
1014 2371 1043 2425 in
1057 2372 1154 2427 eudem
1168 2372 1308 2442 provincia
1323 2372 1373 2427 Dei
1382 2372 1534 2428 Ecclesiam
1548 2380 1615 2429 autu
1643 2373 1739 2431 divino
1765 2390 1813 2447 gu·

169 2473 203 2514 ex
211 2458 330 2514 decretis
342 2459 499 2530 apostolicae
515 2460 589 2515 sedis
615 2458 773 2531 pontificum
804 2461 966 2533 promulga—
1015 2457 1139 2525 bemant,
1156 2459 1191 2514 ad
1206 2459 1273 2513 elias
1287 2459 1433 2516 convolare
1448 2461 1615 2531 provincias.
1625 2460 1741 2531 Quodsi
1755 2462 1813 2534 quis

165 2554 222 2603 tam
236 2545 303 2602 mihi
317 2547 500 2620 qualicunque
529 2547 737 2619 metropolitano
754 2564 804 2603 suo
831 2549 964 2616 suadenti,
1013 2545 1300 2617 fortepraesumpserit,
1317 2555 1342 2602 et
1356 2547 1497 2602 abordine
1515 2548 1581 2604 cleri
1605 2548 1759 2617 submotus,
1786 2556 1811 2604 et

167 2641 198 2689 ut
212 2635 515 2708 easdemoolligationes
525 2636 669 2708 impietatis
679 2636 851 2694 dissolveret.
880 2637 964 2693 obau·
1013 2634 1170 2703 injurarium
1179 2650 1243 2689 reus
1258 2635 1292 2689 ab
1306 2635 1433 2690 omnibus
1444 2635 1588 2704 judicetur.
1607 2658 1620 2681 ι

167 2721 227 2777 dire
242 2723 384 2790 debuerat,
400 2724 594 2780 sanctoLeone
608 2725 790 2780 decernente:
809 2723 896 2793 «Qui,
926 2725 965 2779 in·
1049 2720 1121 2790 Quid
1135 2722 1169 2775 sit
1184 2730 1274 2777 autem
1290 2738 1368 2778 reum
1384 2722 1544 2791 injuriarum
1555 2723 1675 2792 judicari
1690 2724 1718 2778 in
1732 2724 1811 2778 libr

166 2816 273 2888 quiens,
287 2817 337 2873 seit
351 2833 381 2873 se
398 2818 560 2888 quibusdem
574 2819 759 2890 praepositum,
779 2836 835 2875 non
848 2820 964 2877 moleste
1013 2809 1211 2865 Sententiarum
1225 2809 1299 2865 Pauli
1323 2810 1476 2866 θὸῑθΰᾰῑῑῦΐ
1491 2828 1498 2866 ²
1516 2832 1527 2861 ‘
1554 2810 1607 2880 Qui
1632 2827 1683 2882 1³0¹·
1708 2811 1810 2868 ellum·

165 2902 236 2960 ferat
250 2904 367 2975 aliquem
378 2905 428 2959 sibi
448 2921 510 2961 esse
529 2906 680 2975 praelatum,
705 2908 754 2962 sed
780 2908 964 2963 obedientiam
1012 2896 1094 2964 nim,
1110 2898 1207 2985 inquit,
1225 2898 1331 2966 inturlae
1343 2898 1478 2954 ³0¹i⁰ss0m
1493 2898 1618 2966 instituit,
1643 2899 1811 2956 0¹²f801'di·

166 3005 247 3063 quam
261 2991 354 3063 exigit,
367 2992 448 3047 etiam
460 2993 520 3063 ipse
535 2992 680 3062 dependat.
692 2995 727 3048 Et
740 2994 808 3050 sieut
824 3010 879 3050 non
906 2996 963 3052 vult
1014 2999 1078 3040 ¹²01ss
1093 2986 1230 3055 punimur·
1245 2985 1348 3040 Omnes
1376 2985 1449 3040 essim
1472 2986 1698 3054 ⁰⁸1¹¹111111³²0fest
1714 2986 1809 3053 wilfi.

166 3079 259 3151 gravis
274 3079 367 3135 oneris
377 3081 513 3136 sarcinam
527 3078 609 3147 ferre,
621 3082 658 3136 ita
667 3098 722 3137 non
736 3083 835 3139 audeat
849 3084 894 3137 alii
915 3085 966 3138 im·
980 3044 1059 3130 Cvel
1073 3072 1169 3128 insul&
1182 3073 1358 3144 lelessstfifflte,
1377 3081 1423 3128 ³11¹
1438 3073 1544 3129 Ordinis
1562 3073 1811 3146 flmi⁸⁸i0sset>1111ifi

163 3166 299 3238 portabile
314 3169 423 3239 pondus
434 3169 585 3240 imponere.
601 3189 612 3218 ι
629 3171 664 3226 Et
678 3185 733 3225 non
747 3171 879 3228 debuerat
900 3172 967 3227 obli·
1015 3161 1126 3232 Plssfflit·
1146 3181 1157 3210 ’
1171 3162 1204 3216 Εῑ
1218 3160 1246 3216 in
1260 3159 1307 3216 lib·
1320 3177 1329 3216 ¹
1351 3161 1553 3218 Sententiarum
1580 3161 1707 3232 ejusdem
1720 3162 1808 3218 P⁸ufi²

162 3254 230 3311 sisci
244 3254 423 3326 professionis
438 3264 464 3312 et
479 3257 685 3329 subscriptionis
711 3275 777 3327 suae,
804 3266 865 3315 ante
893 3260 965 3316 ordi·
1018 3249 1226 3304 “Calumssifwf
1240 3255 1290 3318 0⁵22
1308 3249 1353 3320 (lui
1368 3249 1457 3304 ⁵⁰12¹²⁸
1475 3249 1650 3322 prudensque
1664 3266 1717 3321 Pel
1736 3249 1810 3306 ffffl·

163 3343 300 3401 nationem
330 3345 542 3418 episcopalem:
563 3346 609 3418 qui
638 3362 730 3403 coram
756 3347 834 3402 alteri
865 3356 965 3405 sanctae
1016 3336 1079 3393 dem
1087 3337 1316 3410 flessOliUfflilifui
1324 3336 1686 3408 ⁰⁰¹¹1fb'fffltelinllfferatis
1708 3337 1807 3411 [ppri-

162 3431 265 3498 lfariae,
282 3440 309 3490 et
322 3434 427 3491 cunctis
442 3436 487 3507 qui
502 3434 661 3503 adfuerunt,
674 3451 729 3491 non
744 3437 833 3491 solum
847 3436 882 3492 de
897 3438 967 3492 Rhe·
1016 3425 1095 3498 iffi-f]
1111 3432 1138 3481 θῑ
1152 3425 1304 3496 inpublifis
1315 3426 1424 3494 ludiciiss
1451 3441 1548 3481 Omnes
1573 3425 1735 3482 calumum?
1761 3442 1808 3498 Pf0

164 3522 252 3577 mensi
268 3523 392 3593 ecclesia,
409 3532 433 3579 et
458 3525 492 3580 de
507 3524 680 3580 Laudunensi
704 3524 839 3596 parochie,
869 3541 965 3581 rerum
1016 3513 1143 3586 ‘illam‘ste
1155 3513 1268 3568 idffliSSi
1281 3513 1443 3585 flectantur·
1462 3537 1473 3562 ’¹
1492 3515 1696 3584 lnlfrt’rftsstw
1709 3535 1743 3570 δ’
1762 3513 1811 3583 Qui

165 3609 240 3666 etde
256 3610 422 3668 Rhemorum
432 3613 575 3684 provincie
590 3613 737 3685 episcopis,
750 3620 777 3667 ct
790 3613 851 3668 aliis
863 3611 966 3668 diversi
1016 3609 1062 3657 eut
1073 3602 1145 3672 apud
1160 3602 1264 3657 cinctos
1277 3601 1311 3674 [s-
1327 3601 1449 3674 ⁰1v100⁵lt
1466 3609 1512 3657 ⁸112
1526 3602 1601 3674 apud
1608 3601 1730 3672 privam
1741 3602 1809 3673 judi

166 3696 268 3753 ordinis
284 3698 359 3770 viris,
375 3701 527 3756 secundum
554 3716 659 3756 morem
686 3701 849 3756 lihemensis
874 3701 964 3757 eccle·
1016 3705 1063 3747 02⁵
1076 3688 1809 3762 fuelilffllssmssiae⁰bt'00i101120011lt1110‘113»ultumi*

163 3784 222 3850 siae,
239 3786 308 3842 sicut
318 3788 390 3843 soliti
399 3797 475 3843 erant
489 3788 612 3859 episcopi
621 3788 763 3843 ordinandi
783 3788 964 3855 subscribere,
1015 3785 1087 3834 θῑᾶῑθ
1102 3778 1205 3833 Oldissis
1220 3778 1455 3849 fememifrpmui
1469 3792 1551 3834 causa
1569 3777 1662 3848 suefib
1679 3778 1808 3850 ωΡΡῙῙΰῑθ

165 3874 379 3943 posteatbolicae
393 3874 457 3930 fidei
470 3875 678 3946 professionem,
696 3877 731 3930 de
745 3876 901 3931 obedientia
916 3892 966 3932 sua
1015 3866 1153 3921 subdatur·
1174 3887 1184 3916 t
1201 3866 1271 3921 Elin
1284 3866 1470 3938 suprascripto
1484 3865 1603 3937 capitulo
1612 3866 1710 3922 beatus
1724 3868 1804 3923 Inno-

143 4013 148 4022 ,
163 3956 315 4011 secundum
329 3971 424 4013 sacras
439 3958 550 4031 regulas
564 3973 630 4029 erga
644 3959 811 4014 Rbemorum
825 3967 965 4031 metropo·
1015 3955 1119 4011 centius
1127 3953 1192 4011 dicit
1204 3972 1210 4007 :
1229 3976 1240 4004 r
1257 3954 1286 4009 Si
1295 3961 1385 4010 autern
1392 3955 1607 4024 majoreacausae
1617 3954 1745 4011 iamedio
1754 3954 1807 4010 fue·

162 4042 247 4114 polim
256 4045 454 4115 propriamenu
468 4045 629 4116 subscripsit
644 4066 650 4113 ;
667 4047 740 4102 unde
756 4047 827 4103 sacri
840 4063 961 4103 canones
1015 4042 1068 4098 rint
1082 4043 1216 4099 devolutae
1232 4043 1285 4098 :ed
1301 4043 1394 4098 sedem
1403 4041 1593 4113 apostolicam,
1605 4042 1677 4099 sicut
1691 4042 1808 4114 synodus

163 4128 256 4187 dicunt
272 4148 280 4186 ι
297 4153 309 4182 r
327 4131 356 4187 Si
365 4132 426 4204 quis
442 4140 536 4189 contra
551 4150 628 4189 suam
639 4134 838 4204 professionem
853 4151 886 4191 ac
901 4136 962 4191 sub·
1014 4131 1116 4198 statuit,
1128 4138 1155 4186 et
1169 4139 1246 4187 vetus
1254 4131 1421 4187 consuetudo
1427 4130 1520 4204 exigit,
1529 4137 1592 4201 post
1603 4129 1738 4201 judicium
1752 4130 1882 4203 epi—-

164 4217 339 4290 scriptionem
354 4221 458 4277 venerit
472 4222 500 4277 in
523 4222 624 4294 aliquo,
641 4224 740 4295 ipsese
754 4225 857 4280 bonore
871 4224 964 4296 priva·
1014 4219 1123 4290 scopale
1152 4218 1318 4274 deferantur.
1338 4243 1349 4268 s
1366 4221 1400 4275 Et
1414 4227 1522 4274 sanctus
1538 4218 1691 4290 Gregorius
1700 4219 1735 4275 ad
1749 4218 1883 4275 Via—-

165 4305 213 4364 bit.
232 4329 244 4359 ι
1014 4308 1132 4364 centium
1147 4306 1208 4380 [ct.,
1220 4306 1414 4379 Innocentium]
1430 4313 1455 4363 et
1469 4314 1583 4363 caeteros
1593 4306 1749 4378 episcopos,
1777 4305 1882 4361 ai-

481 4417 593 4474 cqup
607 4419 644 4473 χ,
974 4394 1071 4468 Dum.
1084 4397 1230 4462 vascua,
1247 4397 1328 4467 epist.
1345 4395 1373 4466 8)
1389 4413 1396 4449 :
1415 4416 1425 4445 ι
1442 4395 1477 4452 Ut
1490 4409 1571 4451 nemo
1584 4395 1881 4471 coepiscoporum,

166 4504 243 4573 Μ
256 4507 427 4578 profusioni
441 4507 554 4562 gaggam
568 4507 807 4578 ,mmmmm
821 4523 961 4566 ,omem
1011 4484 1248 4555 metropolitanum
1259 4500 1338 4559 suum
1345 4491 1508 4554 postponere
1514 4482 1542 4537 in
1550 4482 1878 4554 aliquopraesumatz:

200 4578 394 4649 episcoporum
417 4577 543 4633 otiorum
564 4578 794 4649 provinciarum,
807 4580 960 4650 postposito
1011 4580 1124 4644 excepto
1154 4572 1177 4626 si
1206 4579 1301 4628 contra
1328 4571 1454 4626 cumdem
1490 4569 1732 4641 metropolitanum
1764 4574 1879 4626 eoa

199 4649 427 4720 ΜΜΡΟΠΜΜ·
1010 4660 1110 4716 habere
1124 4659 1324 4732 aliquidcausee
1338 4675 1392 4715 non
1403 4658 1548 4732 contigerit
1562 4674 1570 4713 z
1587 4658 1660 4714 ntob
1675 4657 1879 4715 uaesania-

200 4754 305 4811 Deinde
332 4754 392 4809 sine
415 4769 493 4822 mea,
510 4761 536 4810 et
550 4753 775 4826 coepiscoporum
799 4755 960 4811 lihemensis
1011 4749 1168 4820 apostolicae
1175 4748 1316 4818 judicium,
1327 4747 1350 4803 si
1358 4748 1404 4819 qui
1410 4756 1505 4818 petere
1518 4745 1658 4813 festinant,
1675 4746 1880 4802 licentiarffl

164 4842 312 4915 provinciae
325 4843 499 4910 conscientia,
515 4842 544 4897 in
558 4843 642 4898 altera
656 4842 796 4912 provincia
824 4859 960 4899 consensu
1010 4837 1139 4903 habeant,
1155 4837 1228 4909 quod
1238 4853 1288 4908 per
1302 4851 1422 4892 canones
1441 4836 1534 4906 etiam,
1563 4834 1742 4906 antiquorum
1763 4836 1879 4890 Paae·

162 4930 354 5003 episcoporum
368 4930 691 5003 aliarumprovinciarum
705 4931 869 5002 professioni
892 4933 959 4987 sub·
1010 4932 1129 4981 tmmest
1138 4925 1303 4981 institutione
1312 4924 1484 4996 permissum.
1498 4949 1509 4973 n
1522 4924 1594 4979 Nam
1603 4922 1639 4978 de
1655 4923 1756 4994 quibus
1764 4936 1879 4979 ακ-

164 5019 281 5091 scripsit,
301 5025 327 5074 et
341 5019 400 5091 regi
419 5020 494 5075 dedit
512 5037 519 5076 :
536 5037 597 5092 quae
624 5021 660 5075 ita
683 5036 713 5076 se
737 5021 842 5076 habet:
862 5041 873 5070 a
899 5022 960 5093 Ego
1010 5014 1127 5071 nonibus
1143 5022 1170 5069 et
1178 5013 1384 5070 innocentiusct
1400 5012 1553 5086 Gregorius
1566 5012 1619 5067 hoc
1634 5010 1739 5082 dicant,
1753 5026 1797 5067 ma
1833 5024 1878 5042 ’-

163 5108 327 5166 Dinomarus
341 5107 529 5164 Laudunensis
542 5109 689 5180 episcopus
705 5110 739 5164 de
762 5110 830 5164 hora
852 5109 905 5165 ista
931 5109 960 5164 in
1010 5101 1184 5159 nifastissime
1199 5103 1301 5169 claret;
1330 5101 1433 5157 scilieet
1462 5101 1496 5156 de
1525 5098 1748 5167 sardicensibus,
1776 5098 1877 5154 (14

165 5205 245 5254 antea
259 5195 348 5252 tidelis
364 5211 410 5252 ero
426 5196 527 5251 seniori
554 5213 616 5253 meo
643 5198 754 5265 Karotu,
784 5197 853 5254 sicut
878 5198 959 5253 homo
1010 5190 1466 5263 qmbusettlelasiusoeommontt.
1480 5188 1660 5259 adfuerit«
1682 5187 1738 5259 lpsi
1751 5177 1873 5242 suant

164 5292 332 5356 perrectum
354 5284 520 5350 seniorisuo
548 5286 630 5341 debat
658 5302 729 5354 esse,
760 5293 787 5341 et
815 5285 959 5359 episcopus
1010 5294 1130 5336 canones
1145 5279 1191 5352 qui
1206 5278 1414 5351 appellationem
1428 5276 1510 5333 totius
1533 5276 1667 5333 Ecclesia
1680 5275 1717 5332 ad
1731 5274 1866 5346 bruna

165 5371 225 5443 regi
238 5388 288 5428 suo
304 5380 350 5429 :et
365 5373 685 5447 sicobedieusquomodo
700 5376 782 5430 homo
792 5391 843 5446 per
855 5382 959 5432 rectum
1011 5368 1084 5424 sedis
1094 5368 1327 5425 examcnvoluare
1337 5365 1437 5423 deferri
1453 5383 1460 5420 :
1476 5379 1508 5422 ac
1523 5365 1584 5438 ipsa
1598 5362 1857 5437 rer-orrrasquar·1³

165 5457 265 5517 seniori
275 5461 492 5532 suodebetesse,
502 5470 528 5521 et
542 5462 686 5536 episcopus
700 5462 799 5523 Christi
809 5464 959 5523 secundum
1010 5480 1123 5538 prorsus
1137 5464 1271 5539 appellari
1281 5464 1381 5522 debere
1396 5468 1552 5521 senserunt.
1577 5479 1588 5513 r
1606 5460 1700 5522 claret
1727 5460 1847 5539 igitur
