3826 6098
117 212 171 265 'tta

700 203 877 260 EPISTOLAE
896 203 941 258 ET
960 203 1142 261 nectare.

1458 82 1475 132 h

1720 202 1771 255 ΤΗ

125 330 172 386 ubi
182 336 286 402 martyr
300 327 400 384 Christi
416 329 575 384 Valerianus
587 343 701 400 corpore
717 327 841 399 quiescit,
853 327 926 398 quod
940 325 1005 389 Ain
1021 343 1117 400 regum
1132 327 1264 399 reperitur
1278 325 1432 398 praeceptis.
1450 324 1479 380 Si
1503 323 1563 395 quis
1584 333 1675 378 autern
1694 332 1778 379 terne·

128 418 231 474 dudum
256 425 333 488 pater
361 417 419 486 ejus
461 416 576 472 Carolus
606 417 763 487 imperator,
791 416 835 471 vet
872 415 931 485 ipse

128 506 304 580 postmodum
335 521 386 576 per
418 513 615 576 preceptorum
638 504 758 568 seriem,
791 503 931 559 monachis

130 602 234 650 sanctae
258 593 310 648 Dei
325 594 465 666 genitricis
500 595 599 658 blariae,
631 593 771 663 sanctique
795 591 933 646 Philiberti

121 682 223 753 inclyti
238 680 415 746 confessoris,
432 681 612 752 praesentibus
628 690 654 736 et
669 681 775 748 suturis,
792 680 826 735 ob
841 678 931 733 ritan-

131 771 196 825 dam
218 769 463 824 Marcomannicum
478 769 650 824 severitatem
673 768 854 832 contulerant,
871 783 932 822 cum

130 857 259 914 omnibus
299 858 379 912 rebus
410 857 446 911 ab
485 857 573 928 ipsum
607 856 696 911 locum
728 854 931 926 aspicientibus,

128 944 276 1018 privilegio
289 953 388 1000 nostrae
404 945 571 1000 auctoritatis
585 945 835 999 corroboraremus.
853 942 933 1010 Cujus

129 1033 255 1105 piissimo
270 1033 398 1087 mandato
413 1048 445 1087 eo
462 1032 589 1088 libentius
604 1033 745 1096 cessimus,
775 1047 828 1103 quo
851 1031 933 1086 etiarn

130 1137 184 1177 nos
200 1121 318 1193 idipsum
332 1129 490 1191 preoutaros
503 1120 695 1192 perspeximus
710 1119 836 1190 amplius.
850 1119 934 1192 Igitur

130 1209 277 1282 privilegio
287 1217 388 1264 nostrae
399 1208 569 1264 auctoritatis
579 1207 774 1264 confirmamus
782 1208 821 1263 eis
830 1207 931 1273 omnia,

132 1296 363 1368 quemadmodum
378 1296 405 1350 in
421 1296 564 1366 praeceptis
576 1296 837 1367 gloriosissimorum
848 1296 935 1365 impe·

135 1393 255 1439 ratarum
272 1392 335 1438 suut
359 1385 469 1449 inserta,
493 1384 579 1438 idest
606 1385 765 1454 praedictum
794 1383 892 1447 locum,
909 1391 935 1438 et

133 1487 231 1527 omnes
246 1487 291 1527 res
310 1472 336 1527 ei
351 1472 515 1540 adiacentes,
531 1487 593 1527 anm
619 1472 693 1526 omni
717 1473 850 1527 libertate.
860 1473 894 1526 Et
908 1472 935 1525 in

132 1560 263 1616 comitatu
285 1559 421 1615 Arrenico
447 1559 545 1615 cellam
562 1561 593 1615 S.
612 1560 743 1625 Pontiani,
762 1559 824 1615 curu
845 1559 934 1615 omni-

132 1647 185 1702 lrus
192 1647 371 1718 appendiciis.
383 1649 411 1702 ln
418 1664 489 1719 pago
496 1663 604 1720 quoque
614 1648 786 1714 SanctonicO,
794 1648 936 1703 Asinarias
948 1675 974 1734 Β

132 1735 280 1792 cumomni
294 1751 342 1790 sua
356 1735 521 1808 integritate.
538 1737 572 1791 Et
586 1736 614 1790 in
627 1735 790 1791 Pictaviensi
800 1737 936 1791 territorio

982 416 1054 470 raria
1075 415 1287 487 praesumptione
1308 429 1435 484 caecaque
1461 411 1616 482 cupiditate,
1641 411 1714 481 quod
1729 410 1778 465 Dei

982 512 1008 559 et
1022 512 1112 559 nostra
1127 503 1285 560 auctoritate
1301 499 1450 563 firmamus,
1468 500 1495 554 in
1519 498 1611 570 aliquo
1630 497 1778 570 iufringere

982 592 1194 663 presumpserit,
1211 599 1310 646 aeterna
1331 607 1360 644 se
1373 589 1441 644 sciat
1455 587 1628 643 damnatione
1648 586 1779 642 muletan-

982 680 1058 746 dum,
1083 689 1109 736 et
1129 681 1191 736 euin
1207 679 1317 734 diabolo
1331 686 1356 732 et
1374 676 1479 748 augelis
1503 677 1564 745 ejus
1587 682 1718 746 perpetuo
1743 674 1780 728 in-

983 769 1080 824 cendio
1108 767 1287 824 cremandum
1312 784 1318 819 ε
1342 781 1358 819 a
1379 764 1518 819 liminibus
1547 779 1656 834 quoque
1679 769 1781 817 sanctas

982 855 1033 911 Dei
1048 857 1179 911 Ecclesiae
1193 855 1323 910 habeatur
1338 852 1465 921 extorris,
1482 867 1624 923 quousque
1639 850 1673 904 ab
1687 849 1780 905 illicita

982 943 1193 1015 presumptione
1219 942 1392 1013 resipiscens,
1418 940 1557 1013 condigna
1580 937 1738 1010 poeniteutia
1753 945 1780 991 et

983 1031 1172 1087 emendatione
1195 1031 1262 1085 iram
1292 1027 1483 1100 omnipotentis
1512 1027 1560 1082 Dei
1592 1024 1780 1097 quamssiucur-

984 1135 1043 1175 rere
1059 1135 1113 1174 non
1142 1117 1230 1173 timuit
1252 1118 1360 1188 placare
1388 1123 1522 1186 procuret,
1554 1115 1653 1169 Harum
1690 1113 1781 1183 itaque

984 1209 1152 1263 sanctionum
1164 1205 1395 1262 evidentissimam
1403 1202 1647 1269 confirmationem,
1657 1200 1782 1255 manibus

985 1288 1782 1365 sacrorumpraesentiumpontiftcumsubnotavi,absentium

985 1399 1092 1455 quoque
1122 1383 1349 1438 consacerdotum
1373 1396 1424 1436 nec
1438 1380 1528 1435 minus
1547 1379 1651 1434 idoneis
1672 1376 1783 1448 stipula-

986 1465 1781 1541 tionibus,perChristumetinChristoiulciripostulamus‚

1021 1558 1183 1614 ilincmarus
1198 1558 1365 1613 Rhemorum
1387 1556 1533 1627 episcopus
1558 1555 1585 1609 iu
1612 1553 1711 1608 Christi
1734 1568 1782 1608 no-

985 1648 1057 1703 mine
1073 1645 1209 1702 roboravi.

1021 1735 1174 1808 ansegisus
1189 1734 1333 1804 episcopus
1348 1731 1524 1789 senonensis.

134 1822 230 1879 cellam
246 1823 435 1891 S.·Prudeutii,
465 1840 526 1878 curn
551 1824 677 1879 omnibus
694 1824 777 1878 rebus
791 1824 937 1896 adjacenti·
1023 1818 1784 1893 Ottuliusepiscopus.Gissibertusepiscopus.llildibal-

134 1911 197 1966 bus.
214 1912 250 1966 Et
264 1912 292 1965 in
307 1926 378 1984 pago
394 1912 597 1983 andegavensi,
615 1912 766 1967 Cunaldum
788 1913 938 1968 cumomni
987 1912 1038 1966 dus
1053 1911 1207 1981 episcopus.
1217 1909 1465 1980 Bemoepiseopus.
1483 1907 1617 1962 Geraldus
1627 1908 1782 1978 episcopus.

136 1998 304 2072 integritate.
330 2000 447 2071 lapago
476 2014 541 2055 vero
556 1999 750 2064 Cenomanico,
776 1999 939 2054 bussiolium
988 2001 1149 2055 Hincmarus
1165 1997 1310 2069 episcopus
1323 1996 1520 2051 laudunensis.
1551 1995 1699 2050 Edenullus
1713 1995 1785 2066 epis·

136 2102 200 2142 curn
215 2086 343 2142 omnihus
368 2087 546 2158 appendiciis.
563 2088 597 2142 Et
609 2103 681 2159 pago
698 2087 826 2152 vallaico,
842 2088 939 2143 cellam
988 2086 1370 2159 copusloannesepiscopus.
1381 2082 1787 2156 ltaganulfusepiscopus.Ada-

136 2191 199 2246 quae
226 2182 339 2230 vocatur
363 2174 506 2240 Godditus‚
537 2191 599 2231 cum
636 2175 763 2230 omnibus
794 2175 876 2229 rebus
904 2176 938 2230 ad
988 2171 1783 2246 lardusarchiepiscopus.Alaricusepiscopusrtbboepisc.

137 2279 167 2319 se
185 2262 393 2334 pertinentibus.
425 2263 518 2334 ltaque
542 2263 570 2317 in
589 2272 683 2333 partes
711 2248 885 2336 Bnrgundiae,
911 2263 937 2317 in
987 2263 1147 2335 egilmarus
1161 2261 1282 2333 episcop.
1304 2261 1462 2332 lngilwinur
1477 2260 1632 2331 episcopus.
1652 2258 1786 2315 aelredus

136 2366 209 2424 pago
223 2350 410 2424 Lugdunensi,
426 2351 562 2407 bisiacum
577 2351 668 2406 villam
683 2367 744 2407 cum
760 2351 887 2408 ecclesia.
905 2353 939 2406 Et

136 2437 165 2494 iu
177 2453 250 2511 pago
267 2438 470 2505 Matisconensi,
497 2438 596 2495 cellam
613 2439 641 2494 S.
658 2439 783 2505 Romani,
809 2446 836 2496 et
854 2438 938 2495 Olca-

137 2525 241 2581 siacum
255 2525 348 2582 villam
359 2542 421 2582 cum
436 2526 552 2582 ecclesia
567 2534 594 2581 et
615 2527 741 2581 omuibus
756 2527 936 2598 appendiciis.

138 2614 240 2669 Verum
255 2614 318 2684 quia
333 2614 369 2668 ob
388 2615 524 2669 vitandam
544 2613 761 2685 persecutionem
789 2615 938 2669 Nortman-

139 2716 248 2766 uorum,
279 2701 386 2756 Geiloni
414 2701 514 2772 inclyto
533 2702 632 2769 abbati,
653 2702 847 2774 monachisque
871 2719 940 2773 prae·

138 2789 261 2845 sentibus
276 2797 302 2844 et
316 2789 423 2854 futuris,
438 2790 600 2859 praedictum
615 2791 705 2846 locum
720 2790 857 2863 gloriosus
881 2806 938 2856 rer,

139 2892 226 2933 necne
241 2884 321 2947 pater
335 2878 393 2946 ejus
407 2877 588 2943 contulerant,
615 2887 642 2933 et
666 2878 838 2949 pontilicialis
866 2877 939 2934 calli·

139 2964 209 3018 ditas
223 2965 305 3019 nimis
323 2965 448 3020 eumdem
472 2966 562 3021 locum
578 2965 731 3036 subegerat,
748 2966 892 3037 postulavit
906 2964 940 3020 is·

138 3051 203 3107 dem
226 3069 275 3108 retr
301 3061 330 3107 ut
356 3062 409 3107 tarn
440 3054 517 3126 larga
542 3053 726 3124 eleemosyna,
756 3054 884 3108 immunis
901 3062 940 3108 at-

138 3156 193 3212 que
206 3140 293 3196 libera
312 3141 459 3196 haberetur
482 3142 515 3195 ab
546 3141 619 3196 omni
643 3140 792 3212 pontificati
806 3142 937 3213 potentia,

139 3237 233 3284 nostra
257 3236 393 3283 annuente
423 3228 576 3284 clementia.
600 3230 682 3298 Cujus
707 3230 881 3300 petitionibus
902 3229 940 3285 sa-

139 3333 208 3371 rens
222 3316 312 3372 omnis
326 3317 490 3387 episcopalis
509 3326 667 3383 conventus,
685 3319 821 3390 abnegare
845 3319 941 3390 nequi-

140 3404 230 3460 vimus
245 3405 318 3477 quod
333 3413 387 3459 tarn
403 3405 447 3476 pie
462 3406 618 3476 postulabat
633 3406 781 3476 imperator
802 3406 941 3478 gloriosis-

140 3493 236 3547 simus.
263 3495 428 3549 huctontate
442 3509 508 3567 ergo
528 3510 610 3567 quam
631 3494 659 3548 in
674 3494 781 3550 Christo
794 3495 860 3550 lesu
883 3496 941 3550 Do-

140 3581 216 3637 mino
231 3589 326 3636 nostro
344 3597 450 3637 summo
466 3583 606 3638 sacerdote
629 3582 656 3637 in
680 3583 710 3636 tt.
735 3584 814 3638 l‘etro
833 3583 942 3654 accepi-

141 3684 213 3731 mus,
238 3669 398 3741 praedictum
417 3671 614 3725 monasterium
629 3687 690 3727 curn
705 3671 831 3726 omnibus
846 3671 943 3725 habitis

142 3765 169 3810 et
184 3756 329 3823 habituris,
345 3756 453 3811 Geiloni
477 3759 626 3813 venerabili
644 3759 733 3813 abbati
749 3767 849 3814 sanctae
863 3759 943 3830 geni-

140 3844 215 3898 tricis
230 3842 290 3910 net,
317 3852 343 3899 et
357 3861 439 3916 supra
465 3845 544 3901 dictis
573 3847 674 3903 sanctis
700 3846 850 3917 futurisque
883 3856 945 3918 post

143 3948 206 3987 euru
231 3932 374 3988 abbatibus
389 3933 424 3987 ad
439 3935 622 3990 monasticum
636 3934 762 3990 ordinem
787 3935 863 4002 inibi,
886 3936 944 3990 Deo

142 4018 297 4089 adiuvante,
313 4020 491 4076 excolendum
506 4021 675 4095 delegamus,
692 4030 718 4078 et
730 4023 890 4096 delegantes
899 4024 944 4092 ju·

142 4107 225 4162 hente
239 4106 296 4162 tilio
312 4117 406 4163 nostro
420 4108 543 4179 piissimo
559 4126 635 4182 rege,
652 4110 843 4167 iuviolabiliter
856 4119 883 4167 et
905 4111 946 4165 in·

143 4195 334 4266 separabiliter
351 4196 409 4252 sine
428 4197 604 4253 distractione
626 4207 670 4251 aut
694 4198 879 4255 immutatione
903 4199 946 4254 vel

988 2366 1142 2423 episcopus.

1024 2440 1123 2493 Datum
1138 2453 1169 2493 111
1184 2438 1321 2494 Kalendas
1344 2437 1415 2502 Maii,
1436 2454 1486 2508 per
1500 2453 1609 2492 manum
1633 2435 1786 2490 Christiiori

988 2525 1136 2597 primicerii
1153 2536 1254 2582 sanetae
1268 2542 1382 2581 summae
1405 2526 1480 2581 sedis
1506 2525 1672 2596 apostolicae,
1697 2524 1785 2594 impe·

989 2623 1065 2670 rante
1080 2614 1203 2686 piissimo
1218 2614 1365 2670 Ludovico.

1333 2738 1431 2793 CXXI.

1176 2840 1212 2880 nn
1228 2841 1433 2881 exornassem
1454 2840 1609 2881 aueusnnu.

1301 2916 1391 2984 (Anno
1408 2916 1483 2981 878.)

955 3020 979 3083 C
993 3004 1134 3059 Arelatem
1150 3019 1179 3059 ae
1195 3005 1304 3058 venisse
1320 3004 1473 3074 significat,
1488 3003 1580 3074 ibique
1598 3002 1694 3058 omrric
1707 3017 1788 3072 pros·
1870 2987 1873 2993 ’

1026 3090 1094 3146 pera
1114 3075 1266 3199 regeriam
1292 3075 1423 3129 bortatur
1445 3077 1479 3128 ut
1500 3074 1632 3129 Romanae
1658 3071 1790 3126 Ecclesia

1028 3160 1136 3201 commo
1157 3145 1359 3216 isproapiciut.

1027 3230 1602 3288 DilectissimaeiiliaedomnaeAroannanoa
1612 3230 1788 3302 imperatrici,

992 3320 1045 3391 piae
1066 3319 1207 3374 memoriae
1227 3318 1320 3374 domni
1336 3318 1466 3374 Ludovici
1481 3318 1650 3374 invictissimi
1669 3319 1790 3389 impera·

992 3408 1057 3464 toris
1072 3407 1182 3479 conjugi
1198 3407 1380 3462 serenissime
1395 3409 1533 3480 Augustae.

1028 3496 1095 3552 Cum
1110 3511 1176 3568 erga
1191 3497 1319 3551 Romanae
1343 3495 1474 3551 Ecclesiae
1495 3495 1637 3567 privilegia
1660 3496 1793 3551 immenso

994 3584 1073 3649 velle,
1089 3584 1223 3638 immenso
1242 3591 1268 3638 et
1283 3598 1367 3653 opere
1382 3583 1466 3638 deous
1479 3582 1587 3655 imperii
1602 3583 1683 3638 vestri
1698 3584 1792 3639 decer-

994 3681 1062 3734 tare,
1080 3679 1105 3726 et
1121 3672 1156 3726 ad
1178 3670 1327 3741 perlectum
1356 3672 1456 3727 ducere
1485 3688 1594 3742 semper
1616 3671 1794 3726 adhaurimus

994 3759 1026 3833 [f.
1052 3758 1242 3827 amaverimus,
1272 3763 1324 3814 out
1346 3759 1574 3832 anhelaverimus]
1605 3767 1631 3814 et
1660 3775 1793 3814 amemur.

993 3848 1101 3904 Christo
1112 3848 1229 3912 favente,
1239 3855 1371 3918 perpetuo
1379 3848 1595 3919 magnitudinem
1604 3855 1686 3903 tantae
1698 3856 1793 3902 vestrae

995 3936 1147 3991 devotionis
1176 3935 1245 3992 scire
1270 3935 1395 4006 cupimus¹
1420 3953 1427 3988 :
1448 3937 1521 3992 Ecce
1550 3936 1687 3991 Arelatem
1716 3935 1795 4008 regui

996 4024 1156 4080 deliciarum
1179 4030 1329 4079 vestrarum
1359 4024 1418 4078 sani
1443 4024 1611 4091 intravimus,
1629 4040 1794 4079 summoar-

998 4111 1069 4166 bitro
1090 4112 1274 4182 permittente,
1291 4127 1341 4183 per
1368 4111 1591 4168 intercessionem
1611 4112 1796 4185 apostolorum

996 4200 1149 4270 principum
1169 4219 1176 4264 3
1193 4199 1303 4270 illicque
1331 4201 1465 4255 Bosonem
1487 4201 1638 4271 principem
1662 4216 1796 4270 generum

144 4283 265 4354 qualibet
295 4283 474 4339 minoratione
507 4286 703 4356 perpetualiter
741 4286 945 4342 confirmamus.
999 4295 1119 4342 vestrum
1135 4303 1307 4342 communem
1323 4286 1445 4341 etfiliam
1465 4288 1594 4342 domnam
1609 4289 1795 4358 Hermengar-
1867 4294 1869 4299 ’

142 4370 408 4425 anathematizamus
430 4371 513 4442 igitur
537 4373 696 4428 auctoritate
725 4374 754 4428 B.
784 4374 854 4428 Petri
875 4389 944 4445 apo·
959 4368 1269 4444 Ddam²alloquentes,
1284 4374 1374 4429 omnia
1402 4389 1533 4445 prospera
1557 4383 1583 4429 et
1599 4374 1702 4447 jugiter
1720 4375 1796 4429 desi·

145 4458 208 4512 stoli
225 4466 251 4513 et
267 4467 371 4524 nostra,
388 4467 415 4513 ut
437 4475 518 4516 nemo
539 4461 689 4515 antistitum
712 4461 889 4532 praesentium
903 4462 947 4517 vel
998 4462 1090 4516 derata
1105 4461 1267 4530 invenimus,
1285 4471 1311 4516 et
1326 4477 1374 4532 pro
1389 4471 1483 4517 arnone
1497 4470 1598 4529 vestro,
1616 4462 1698 4516 vestri
1709 4477 1797 4532 nuper

146 4544 309 4612 futurorum,
332 4546 423 4602 locum
445 4548 520 4603 adire
543 4557 700 4618 praesumat,
726 4548 845 4620 qualibet
868 4565 947 4605 occa·
998 4559 1025 4605 et
1039 4549 1153 4620 piissimi
1168 4550 1302 4623 conjugis,
1315 4550 1376 4605 illos
1398 4559 1525 4622 tanquam
1541 4549 1612 4604 lilios
1627 4549 1796 4620 amplecten-

145 4633 223 4689 sione
248 4635 544 4702 excommunicationis,
563 4637 608 4691 ret
622 4636 808 4701 absolutionis,
833 4653 881 4692 seu
906 4653 950 4691 sa·
999 4645 1050 4703 tes,
1068 4653 1118 4708 pro
1134 4655 1227 4694 eorum
1242 4640 1375 4706 consulto,
1392 4640 1497 4694 illorum
1512 4655 1574 4694 cunr
1585 4639 1794 4694 honorecuncta

145 4736 202 4777 crae
215 4721 402 4790 ordinationis,
418 4723 471 4777 nisi
495 4724 529 4778 ab
552 4724 648 4780 abbate
673 4725 716 4780 vel
739 4724 879 4781 monachis
895 4724 948 4782 loci
999 4725 1132 4783 iaciemus
1149 4728 1294 4799 :quoniam
1310 4746 1360 4785 ceu
1372 4746 1420 4801 per
1431 4730 1569 4795 vos,lraud
1584 4744 1662 4785 secus
1672 4744 1722 4799 per
1730 4728 1797 4783 istos

146 4807 273 4864 fidelibus
288 4809 370 4865 fuerit
386 4810 521 4866 invitatus.
536 4810 604 4880 Quia
619 4813 748 4881 injustum
764 4814 945 4883 decernimus,
997 4816 1211 4873 consolationem
1226 4825 1253 4871 et
1268 4817 1453 4873 defensionem
1468 4827 1569 4874 sanctae
1584 4811 1713 4874 Romanae
1742 4817 1795 4873 Ec·

146 4903 176 4951 nt
190 4896 312 4969 gloriosa
335 4899 429 4953 mundi
453 4900 560 4972 regina,
589 4917 650 4972 quae
673 4901 791 4957 exaltata
806 4911 846 4958 est
866 4917 948 4973 super
996 4904 1087 4960 olesiae
1101 4905 1257 4977 quaerimus,
1273 4906 1440 4978 eosdemque
1455 4907 1591 4977 permissu
1602 4906 1652 4961 Dei
1668 4906 1793 4974 adano·

147 4985 248 5040 choros
263 4986 435 5058 angelorum,
461 4987 588 5042 humanis
612 4989 741 5043 subdatur
756 4990 944 5060 potestatibus
996 5008 1040 5047 res
1055 4993 1273 5064 excelsioresque
1281 4993 1382 5066 gradus
1391 4994 1498 5050 rnoduis
1513 4995 1649 5063 omnibus,
1661 4993 1734 5049 salvo
1747 5008 1796 5047 no-

146 5071 283 5127 Caeterum
298 5074 332 5128 ab
346 5075 419 5129 omni
435 5076 558 5131 seculari
572 5078 692 5146 potentia
711 5077 802 5132 locum
817 5077 945 5132 decerni·
996 5087 1053 5136 stro
1076 5082 1190 5146 honore,
1212 5096 1371 5151 promovere
1394 5083 1570 5138 nihilominus
1590 5082 1790 5137 desideramus.

148 5175 210 5213 mus
225 5175 287 5216 esse
311 5161 426 5217 liberum
448 5170 475 5218 et
503 5163 642 5234 quietum:
659 5172 728 5219 etut
745 5172 825 5236 caput
845 5166 946 5220 habea·
996 5166 1169 5239 Quapropter
1181 5176 1324 5224 monentes
1338 5170 1477 5225 hortamur
1494 5180 1523 5226 ut
1535 5179 1612 5227 tauto
1641 5169 1724 5224 labori
1753 5169 1795 5224 ia-

148 5255 192 5303 tur
205 5249 327 5303 ornniurn
342 5267 403 5322 quae
421 5252 589 5323 prescriptis
604 5253 707 5309 sanctis
723 5254 766 5308 vel
780 5254 841 5309 loco
856 5254 947 5310 oblata
996 5255 1094 5321 veatiS,
1111 5257 1224 5328 eiusque
1238 5256 1444 5327 perlectionem,
1460 5259 1550 5330 prisco
1566 5267 1658 5315 vestro
1682 5257 1797 5314 consilio

148 5344 210 5392 sunt
225 5352 257 5392 ac
272 5337 401 5409 deinceps
416 5339 546 5407 oblatum,
570 5349 707 5396 annuente
736 5342 794 5397 Deo
814 5340 903 5407 tuerit,
920 5351 948 5397 ut
998 5342 1179 5415 perfruentes,
1197 5344 1279 5401 certis
1302 5345 1398 5403 litteris
1411 5363 1461 5418 per
1475 5347 1582 5421 singula
1598 5346 1677 5404 nobis
1702 5355 1729 5403 et
1743 5347 1797 5403 illis

184 5489 407 5555 attermengarde,
420 5491 471 5544 sire
484 5493 671 5558 tternengardts
683 5493 738 5546 tlte
751 5494 867 5546 Ludortat
879 5495 900 5545 tt
912 5494 1000 5561 imper.
1014 5496 1127 5549 meminit
1138 5498 1240 5563 nanno,
1254 5499 1297 5550 tib.
1310 5513 1327 5550 u
1339 5501 1432 5552 chron.
1452 5501 1584 5567 ninculus,
1599 5503 1618 5554 t.
1632 5515 1655 5551 v.
1670 5516 1693 5554 c.
1702 5500 1745 5552 ³2.
