3826 6098
134 239 185 289 853

740 231 915 289 liPlSTOLAE
942 228 988 286 ET
1016 234 1187 293 anonam.

1733 250 1784 301 tet

135 355 245 415 unicum
266 368 292 414 et
317 359 504 416 aliar-issimum
530 359 613 413 lilium
639 359 820 429 praestolatur,
846 365 937 411 restra
950 355 1248 430 Aloquecommotam.
1265 363 1431 434 Nositaque,
1449 365 1709 422 serenitatisrestrae
1722 385 1785 438 pre·

133 448 246 519 speciali
272 444 375 503 risione
399 448 525 502 celeriter
549 448 721 518 perfruatur3
746 445 873 518 quoniam
898 444 930 508 si,

134 539 192 592 Deo
201 537 316 599 furente,
331 538 480 591 ltonmnum
492 533 661 607 sumpseritis
676 535 829 605 imperium,
842 534 932 589 omnia

133 625 211 680 robis
228 640 312 697 regna
327 626 448 694 sthccta
463 625 586 678 existent.
604 625 673 677 Nam
689 624 711 677 si
720 623 835 693 pleniter
849 623 933 677 scirc-

133 715 165 767 tis
181 722 280 784 qrtanta
306 729 355 767 nos
371 713 488 784 undique
511 713 593 777 mala,
611 728 670 782 (puae
688 728 739 781 pro
761 711 931 764 nudtitudinc

132 802 256 856 scribere
272 802 452 872 nequivimus,
469 801 625 871 opprimunt
638 809 661 852 et
681 799 812 868 atiligunt,
829 808 930 852 tantum

129 889 156 943 in
173 897 265 943 restra
291 889 480 960 cognoscimus
504 888 637 959 sapientia
653 887 723 958 quod
740 903 789 956 per
812 895 930 940 vestram

130 976 345 1048 magnitudinem
358 978 412 1044 jam
429 992 601 1031 maneremus
625 975 740 1030 dolensi.
757 976 829 1029 Deris
845 984 871 1028 te
886 975 929 1026 in-

130 1065 268 1121 columem
283 1062 425 1131 custodiat,
436 1063 594 1120 charissime
609 1062 657 1117 lili.
674 1064 743 1117 bata
754 1067 785 1117 ul
796 1080 891 1134 arcura.

460 1189 596 1243 coxtttl.

190 1291 221 1328 tlt
247 1291 383 1339 lustrabat,
407 1292 622 1330 tlthSThNTINUhi
638 1292 673 1329 ET
687 1289 874 1328 ALEXANDRI'M

434 1363 636 1406 tueatttrouas·

447 1442 536 1492 threno
553 1438 627 1491 atat

128 1533 336 1601 lmperalomun
349 1528 477 1600 precibus
487 1531 652 1586 cominatus,
668 1529 698 1579 ul
713 1541 771 1596 pac
781 1525 820 1578 sit
830 1524 927 1576 Eccle-

164 1602 215 1655 sta·
227 1599 556 1669 tirrnslantinopolilcnn’,
583 1597 727 1666 dispensat
749 1610 814 1647 ram
830 1593 927 1647 Pholio

165 1677 197 1726 ul
208 1673 216 1724 i
221 1689 238 1725 a
251 1672 353 1742 lez-palii
365 1671 453 1724 locum
464 1665 785 1737 constantinopolitana
795 1664 928 1718 Ecclesia

164 1743 328 1813 patriarcha
340 1740 512 1808 subrogetur,
523 1741 652 1791 staturas
663 1752 698 1789 ne
708 1735 837 1805 deinceps
847 1734 926 1804 ptris·

163 1813 292 1883 parumcd
298 1810 521 1882 patriarchalem
535 1808 712 1874 dignitatem.
723 1807 780 1860 nisi
795 1820 846 1875 per
859 1819 925 1871 pra-

162 1885 215 1936 dus
235 1882 437 1937 ecclesiasticos
450 1880 622 1934 aescenderet:
643 1877 722 1947 jubel
732 1875 926 1946 patriarcham

164 1952 510 2022 Constaalirropolitrmmn
528 1949 712 2016 bulgarorum-
729 1943 926 1999 dimersimsuh

164 2023 295 2077 Ecclesia
305 2024 435 2077 ttoni-ana:
440 2018 640 2091 jurisdictione
651 2018 818 2086 relinquere,
831 2016 926 2069 monet

163 2110 260 2147 emeres
290 2097 320 2146 ul
343 2091 515 2163 patriarche
532 2090 655 2143 debilem
683 2089 819 2158 prrrshmt
847 2084 925 2138 obse-

162 2165 260 2234 quium
274 2183 282 2218 ε
296 2164 425 2234 precipit
444 2166 475 2215 ul
493 2161 529 2214 ad
546 2160 677 2214 licrlrsirr
699 2155 925 2211 canrruuuionem

162 2250 208 2288 eos
219 2237 266 2304 qui
277 2251 294 2287 a
305 2232 439 2287 ,llelhodt'o
450 2236 479 2285 el
496 2230 603 2300 lpnaliu
622 2230 629 2281 i
634 2228 732 2281 uitiati
739 2228 756 2294 s
756 2228 867 2283 terrant,
880 2224 927 2277 ad·

161 2307 294 2361 rnitlanl:
313 2303 544 2357 crconrmunicat
556 2301 619 2353 illas
631 2299 678 2369 qui
689 2314 753 2351 cum
764 2295 862 2349 Plrolc'o
873 2311 924 2347 aa·

163 2374 505 2429 iecerintcumumnieure.
758 2435 761 2440 Ι

162 2461 353 2515 Dilectissimis
368 2475 399 2514 ae
410 2458 645 2512 excellentissimis
661 2453 847 2525 spiritualibus
863 2451 925 2504 liliis

124 2551 227 2604 nostris
239 2551 359 2612 Btsraro,
374 2549 572 2600 ‹lassamus-0
589 2555 614 2598 et
630 2548 809 2599 alamanno.
821 2539 924 2607 gloria·

124 2636 242 2692 sissintis
254 2634 467 2706 imperatarilms
483 2651 592 2704 semper
607 2632 745 2704 Augustis.

159 2727 258 2780 ⁸luter
285 2725 373 2779 claras
411 2723 550 2793 supientia
578 2718 794 2775 mansuetudinis
828 2723 925 2770 restrae

123 2815 230 2882 laudes,
256 2830 273 2868 o
296 2810 519 2866 Christianissimi
546 2809 693 2879 principes,
725 2804 835 2875 aliquod
863 2817 923 2857 cum

124 2903 234 2973 puriore
250 2902 310 2956 luce
326 2916 438 2954 summae
449 2898 601 2952 devotionis
616 2897 705 2949 hunen
722 2895 803 2964 longo
819 2891 924 2960 lateque

983 461 1030 501 ces
1050 466 1171 520 congrua
1181 451 1286 506 ratione
1303 451 1483 520 admittentes,
1499 454 1723 527 quiaetgnaoum
1734 457 1787 526 piae

983 537 1122 592 memoriae
1137 539 1363 609 patriarchamde
1378 541 1506 610 praesenti
1521 541 1635 611 ritajam
1650 542 1785 616 migrasse

983 625 1185 694 cognoscimus,
1202 627 1330 697 temporis
1345 629 1449 683 ratione
1468 638 1622 699 perspecta,
1638 631 1689 686 hoc
1703 632 1786 687 modo

982 711 1154 766 decernimus
1169 714 1204 768 ad
1219 715 1324 768 reniam
1337 716 1472 786 pertinere
1486 717 1559 788 quod
1575 733 1662 788 nuper
1675 719 1710 774 de
1724 719 1785 789 ipso

982 798 1086 867 Photio,
1099 799 1224 870 licetipse
1237 803 1469 873 absqueconsultu
1479 804 1783 861 sedisnostraeofficium

981 886 1032 939 sibi
1043 887 1212 942 interdictum
1229 891 1399 960 usurpaverit
1410 890 1431 953 ἀ,
1444 901 1551 964 gastum
1564 900 1669 947 constat
1685 893 1780 949 luisse.

1016 993 1073 1045 Nus
1099 994 1205 1047 statutis
1230 996 1387 1064 apostolicis
1408 1013 1463 1051 non
1487 998 1704 1066 praejudicantes,
1729 1015 1781 1056 nec

982 1080 1123 1134 beatorum
1147 1083 1252 1135 Parrum
1274 1083 1381 1155 regulas
1406 1085 1580 1151 resolventes,
1606 1086 1671 1156 quin
1692 1087 1781 1156 potius

980 1168 1173 1238 multiplicibus
1193 1185 1288 1224 earum
1310 1171 1513 1226 auctoritatibus
1529 1173 1599 1241 lrati,
1616 1174 1662 1244 qui
1675 1174 1780 1230 Nicaeni

980 1255 1086 1310 concilii
1109 1257 1227 1327 capitulo
1243 1259 1363 1312 secundo
1386 1260 1557 1329 apertissime
1572 1260 1663 1316 dicunt
1679 1279 1686 1315 ε
1703 1261 1780 1331 Quo·

981 1342 1051 1397 niam
1067 1344 1145 1414 plura
1160 1355 1206 1398 aut
1221 1361 1270 1415 per
1292 1346 1492 1411 necessitatem,
1509 1356 1554 1402 aut
1567 1347 1633 1402 alias
1654 1351 1781 1421 cogenti-

979 1431 1028 1485 bus
1043 1432 1208 1497 hominibus,
1233 1434 1366 1488 adsersus
1390 1435 1601 1499 eeclesiasticam
1626 1436 1780 1493 factasunt

978 1519 1111 1591 regulam.
1129 1520 1196 1574 ilinc
1207 1532 1233 1574 et
1248 1521 1374 1576 Gelasius
1390 1539 1459 1592 papa
1471 1523 1545 1588 dicit,
1561 1524 1633 1594 quod
1644 1524 1690 1578 ubi
1704 1525 1780 1580 nulla

977 1616 1105 1677 perurget
1140 1608 1298 1672 necessitas,
1335 1611 1479 1665 constituta
1506 1611 1616 1665 Petrum
1653 1612 1780 1668 inviolata

941 1701 1119 1759 Recreantur
1129 1704 1148 1749 ⁰.
1164 1697 1198 1749 Et
1212 1705 1321 1750 sanctus
1345 1697 1397 1750 Leo
1421 1698 1517 1751 eodem
1539 1698 1634 1768 spiritu
1657 1699 1781 1770 praecipit

977 1783 1154 1837 omittendum
1184 1801 1244 1837 esse
1267 1794 1293 1837 et
1316 1784 1480 1855 inculpabile
1504 1785 1682 1853 judicandum
1706 1787 1779 1857 quod

977 1871 1127 1925 necessitas
1150 1871 1247 1925 intulit.
1279 1871 1343 1925 lnde
1365 1880 1391 1925 ct
1412 1871 1486 1925 Felix
1509 1873 1620 1941 praesul,
1650 1874 1781 1929 decessor

977 1968 1079 2024 noster,
1096 1958 1123 2012 in
1139 1975 1186 2012 sua
1202 1960 1330 2014 decretali
1343 1959 1457 2028 epistola
1477 1975 1543 2015 voce
1558 1974 1679 2015 consona
1703 1961 1779 2027 dicit,

977 2046 1056 2100 aliter
1072 2047 1237 2101 tractandam
1262 2062 1322 2101 esse
1343 2047 1515 2102 necessitatis
1539 2047 1671 2102 rationem
1685 2057 1712 2103 et
1725 2048 1780 2102 ali-

977 2143 1017 2187 ter
1032 2134 1184 2188 voluntatis.
1212 2135 1275 2188 lnde
1291 2135 1373 2189 etiam
1397 2141 1519 2190 sanctum
1542 2134 1686 2190 concilium
1705 2136 1779 2206 apud

976 2221 1095 2275 Africam
1120 2231 1226 2292 gestum
1246 2222 1364 2291 capitulo
1389 2222 1525 2276 tricesimo
1547 2222 1639 2294 quinto
1660 2223 1737 2291 jubet
1750 2231 1779 2277 ut

976 2308 1067 2365 clerici
1093 2309 1293 2362 Donatistarum
1316 2311 1343 2362 in
1358 2310 1491 2374 Ecclesia,
1516 2318 1627 2380 propter
1648 2309 1781 2366 Ecclesiae

976 2413 1072 2467 pacem
1088 2406 1114 2450 et
1138 2397 1289 2461 utilitatem,
1307 2398 1328 2450 si
1345 2406 1469 2453 correcto
1491 2397 1607 2453 concilio
1626 2398 1660 2452 ad
1684 2399 1780 2453 catho-

977 2485 1055 2539 licam
1077 2484 1205 2538 unitatem
1221 2486 1336 2539 transire
1358 2485 1503 2553 volueriut,
1520 2486 1543 2539 si
1558 2485 1609 2540 hoc
1623 2485 1683 2555 paci
1699 2486 1796 2539 Chri·.

977 2573 1072 2626 stianau
1092 2572 1222 2642 prodesse
1238 2572 1326 2625 visum
1350 2571 1438 2637 luerit,
1455 2573 1481 2626 in
1497 2572 1553 2626 suis
1568 2572 1717 2627 honoribus
1730 2589 1779 2626 su-

976 2660 1136 2729 scipiantur,
1162 2675 1216 2712 non
1230 2667 1258 2713 ut
1277 2659 1421 2716 concilium
1444 2661 1515 2731 quod
1540 2660 1568 2713 in
1592 2659 1781 2714 transmarinis

976 2747 1095 2818 partibus
1118 2748 1152 2801 dc
1176 2748 1227 2802 hac
1243 2763 1272 2800 re
1288 2747 1387 2802 lactum
1409 2756 1459 2812 est,
1485 2747 1659 2813 dissolvatur,
1675 2747 1704 2801 in
1728 2762 1781 2818 quo

976 2834 1101 2889 videlicet
1126 2834 1241 2889 concilio
1265 2842 1392 2889 statutum
1417 2843 1457 2890 est
1473 2844 1502 2888 ut
1523 2835 1639 2889 ordinati
1655 2835 1682 2889 in
1703 2843 1782 2906 parte

977 2923 1083 2983 Donati,
1101 2922 1122 2975 si
1138 2923 1172 2975 ad
1189 2923 1346 2979 catholicam
1372 2930 1477 2993 partem
1493 2922 1607 2976 transire
1636 2921 1781 2984 voluerint,

125 2989 291 3060 resplendet,
308 2989 380 3060 qrrod
393 2985 568 3049 amorelidei,
586 2984 658 3055 quod
670 2980 808 3036 charitatis
823 2978 921 3040 strutio,
976 3026 1031 3063 non
1055 3010 1236 3080 suscipiamur
1249 3011 1277 3063 in
1301 3010 1449 3065 honoribus
1473 3010 1538 3065 suis·
1566 3011 1605 3065 De
1626 3012 1679 3065 hoc
1700 3011 1781 3065 enam

123 3078 277 3147 disciplinis
299 3074 489 3163 ecelesiasticis
505 3074 603 3140 educti,
630 3072 758 3125 Romanae
772 3067 830 3122 sedi
844 3082 925 3120 rere·
977 3099 1075 3152 bemus
1085 3112 1155 3168 papa
1171 3098 1344 3153 Innocentius
1354 3098 1544 3168 dicitfflpitulo
1555 3097 1783 3170 quinquagesimo

124 3167 243 3221 rentiam
259 3181 335 3218 more
351 3165 586 3233 praedecessorum
611 3168 763 3215 rostrorum
786 3155 925 3252 piissimo-
977 3187 1070 3257 quinto
1087 3187 1182 3255 (epm.
1199 3189 1254 3253 w,
1271 3186 1343 3256 quod
1354 3186 1370 3238 ii
1388 3186 1434 3257 qui
1448 3201 1464 3238 a
1479 3187 1586 3240 Bonoso
1597 3185 1724 3241 Μῶα)
1740 3201 1781 3239 ω.

124 3271 185 3308 rum
200 3255 394 3323 imperatorum
416 3250 592 3312 consecratis,
609 3257 635 3301 et
651 3247 710 3314 ejus
725 3252 822 3299 cuncta
838 3242 924 3309 suin-
977 3273 1062 3327 dinan
1087 3282 1157 3336 sum.
1181 3241 1326 3343 probterea
1350 3273 1403 3326 sim
1425 3273 1537 3342 recepti,
1562 3288 1597 3326 ne
1621 3271 1779 3328 scandalum
1865 3328 1867 3333 Ι

123 3339 209 3398 citisb
226 3339 401 3395 auctoritatis
419 3338 539 3406 adcujus
561 3344 709 3398 auctorem,
726 3334 778 3386 hoc
800 3338 839 3384 est
858 3344 925 3399 apo-

123 3430 259 3485 stolorum
271 3426 561 3496 omniumprincipem,
573 3423 687 3478 Domino
702 3422 839 3490 loquente,
852 3434 925 3487 prm-

123 3527 234 3588 ceptnm
249 3525 290 3571 est
302 3534 308 3570 :
323 3519 408 3570 l’cscc
419 3531 480 3569 oues
491 3530 567 3568 meas
576 3514 667 3579 (loeta.
687 3508 757 3575 xm).
768 3506 855 3574 Quam
865 3520 925 3559 asse

123 3622 190 3662 rere
215 3604 334 3659 omnium
357 3603 539 3658 licclesiarum
563 3600 611 3654 ilci
633 3607 713 3668 captu
738 3604 763 3651 et
785 3595 925 3648 beatorum

125 3696 235 3748 Patrnm
251 3692 394 3762 praecipuae
413 3688 527 3761 regnier,
548 3695 573 3741 et
589 3686 800 3740 orthodoxorum
823 3680 925 3752 princi-

124 3798 189 3852 pum
214 3788 311 3833 statuta
331 3779 480 3838 decimant,
497 3786 522 3830 et
544 3775 652 3845 pietatis
674 3780 773 3827 restra
795 3784 925 3824 ret-‘eren-

124 3869 230 3923 dissimi
253 3869 341 3937 apices
363 3873 531 3919 attestantur.
556 3862 628 3917 Nihil
645 3869 684 3915 est
701 3860 771 3912 enim
794 3857 865 3928 qrrod
882 3856 925 3908 lu-

125 3958 198 4011 mine.
214 3956 328 4010 clariore
344 3953 512 4025 prefulgeat,
535 3967 614 4021 arram
630 3949 674 4019 pia
689 3947 798 4001 devotio
813 3954 839 3999 et
855 3951 926 3997 recta

125 4045 193 4098 tides
209 4045 235 4097 in
258 4043 389 4113 principe.
406 4042 437 4094 lit
454 4040 517 4111 qnia
536 4037 667 4107 pontificii
689 4034 774 4089 nostri
795 4047 925 4087 reseren-

125 4134 190 4186 tiam
205 4134 257 4185 hoc
273 4131 372 4183 ardore
388 4128 495 4186 mentis,
519 4128 569 4179 hac
586 4123 727 4195 religionis
742 4120 831 4174 studio
848 4119 925 4173 lucu-

126 4222 214 4274 lenter
242 4219 338 4274 rcstris
371 4215 507 4270 mellilluis
536 4214 632 4267 litteris
666 4210 784 4263 exoratis
819 4208 843 4259 id
877 4221 927 4259 nos

129 4309 233 4362 ratione
249 4323 296 4360 seu
313 4304 443 4374 ternporis
455 4301 617 4355 necessitate.
634 4301 839 4368 inspecturum
855 4293 927 4346 sedis

127 4395 285 4466 apostolieae
306 4392 385 4446 nobis
408 4390 560 4444 eorrnnissre,
582 4403 717 4442 corrscnsn
740 4392 764 4436 et
788 4383 966 4447 voluntath

129 4482 263 4554 perlicere
274 4482 333 4548 jure
350 4478 499 4549 apostolico
514 4477 603 4530 decet.

166 4572 251 4642 lgitnr
275 4568 378 4638 petistis
394 4583 409 4620 a
426 4566 503 4620 nobis
527 4572 668 4635 qrrrnenns,
692 4561 756 4613 sede
780 4556 929 4627 apostolica

127 4675 185 4712 sure
198 4658 333 4728 purulente
348 4655 451 4707 viscera
470 4651 586 4723 pietatis,
615 4649 738 4703 Photium
754 4643 928 4700 reverendis-

128 4748 228 4799 simum
244 4746 269 4798 in
286 4744 483 4812 patriarchatus
499 4742 611 4801 honore,
630 4738 656 4809 in
672 4736 768 4789 srunmi
784 4729 929 4787 sacerdotii

127 4834 260 4903 dignitate
275 4841 300 4885 et
316 4833 342 4884 in
358 4829 534 4884 ecclesiastici
549 4826 656 4895 collegii
669 4824 798 4879 societate
822 4820 928 4889 recipe-

128 4937 231 4978 remus.
255 4928 410 4989 nostraque
425 4915 624 4970 communionis
648 4911 807 4982 participem
823 4908 928 4962 lucere-

127 5026 199 5067 rnus.
218 5025 251 5062 nc
269 5007 416 5061 tiertlesinm
436 5005 492 5067 Dei,
511 5013 584 5057 tarne
592 5003 647 5070 jam
671 5010 792 5068 tempore
818 5005 927 5066 pertin·-

129 5099 231 5159 bntam,
249 5104 402 5165 paterenmr
416 5093 530 5162 amplius
552 5106 662 5143 nmnme
677 5087 791 5139 <tisiam
809 5084 927 5138 scalada-

164 5227 176 5251 θ
200 5224 256 5272 llere.
280 5221 379 5282 epistula
403 5232 416 5267 a
441 5218 526 5267 l’hatia
556 5221 593 5263 est
620 5215 742 5273 corrupta,
775 5211 834 5259 lacis
865 5209 928 5257 intra

129 5290 276 5350 desanaus.
301 5288 359 5334 tide
383 5289 464 5334 notam
488 5286 545 5331 Ser.
570 5281 621 5329 tttn.
647 5279 677 5327 ad
695 5279 786 5326 ‹tirteem
812 5276 929 5337 epistota,

165 5373 177 5407 b
204 5375 250 5422 lsta
274 5373 303 5421 dc
323 5369 468 5420 auctoritate
494 5368 608 5416 Roruame
634 5363 749 5413 Ecclesiae
776 5360 876 5410 Photius
905 5361 928 5410 in

130 5454 176 5490 sua
190 5439 349 5489 translatione
363 5449 409 5484 nan
424 5433 511 5497 posuit.

168 5516 175 5529 ‘
202 5509 290 5562 Nomen
305 5503 391 5565 lgnatii
404 5500 501 5550 sustulit
514 5497 623 5554 l‘hotius,
637 5495 684 5544 alia
696 5500 816 5544 atterens.

166 5571 177 5603 ‘¹
202 5571 301 5624 hiertam
333 5571 385 5618 hac
407 5567 430 5615 in
463 5563 609 5615 contrarium
637 5573 734 5610 sensum
764 5560 872 5619 ebetius,
904 5565 930 5608 ut

977 3369 1128 3415 remaneret
1143 3360 1283 3415 Ecclesiae.

1011 3467 1088 3520 Nunc
1102 3466 1192 3536 itaque
1217 3465 1278 3519 aliis
1293 3464 1465 3535 patriarchis,
1492 3463 1675 3519 Alexandrino
1698 3464 1779 3519 ride-

976 3554 1038 3608 licet
1053 3563 1079 3606 et
1094 3553 1263 3608 Antiocheno
1278 3561 1303 3607 et
1319 3551 1557 3622 ierosolymitano,
1583 3558 1665 3622 atque
1688 3551 1780 3607 omni-

976 3642 1027 3695 bus
1042 3640 1265 3711 archiepiscopis,
1287 3639 1475 3709 metropolitis.
1493 3639 1628 3709 episcopis
1643 3647 1670 3693 et
1684 3654 1780 3693 sacer·

977 3727 1095 3793 dotibus,
1111 3737 1263 3798 cunctoque
1278 3727 1350 3782 clero
1365 3724 1668 3796 Constantinopolitanae
1690 3725 1774 3789 sedis,

976 3816 1021 3887 qni
1037 3817 1071 3869 de
1082 3815 1253 3870 ordinatione
1265 3815 1352 3869 beata
1360 3814 1498 3868 memoriae
1507 3811 1635 3867 Methodii
1644 3820 1670 3866 et
1682 3811 1779 3882 ignatii

977 3903 1266 3958 reverendissimorum
1287 3903 1501 3972 patriarcharum
1516 3900 1642 3968 existunt,
1658 3913 1712 3952 una
1727 3914 1777 3954 vo—

977 3992 1097 4052 luntate,
1131 3991 1245 4061 parique
1272 3999 1334 4047 roto
1370 3985 1618 4052 consentientibus,
1654 3987 1777 4041 eumdem

977 4079 1099 4134 Photium
1125 4077 1313 4133 satisfaciendo
1331 4080 1350 4142 f,
1375 4074 1590 4130 misericordiam
1613 4089 1706 4130 coram
1729 4090 1778 4144 sy-

978 4168 1049 4220 nodo
1065 4168 1211 4220 secundum
1228 4165 1450 4220 consuetudinem
1466 4161 1656 4232 postulantem,
1672 4162 1700 4216 in
1714 4178 1779 4217 rara

977 4253 1120 4308 dilectione
1146 4253 1265 4314 fratrem,
1292 4252 1318 4304 in
1340 4247 1487 4319 pontificali
1521 4247 1610 4303 officio
1632 4249 1777 4304 commini-

978 4348 1063 4393 strum
1088 4342 1181 4409 (atque
1211 4354 1299 4392 coram
1328 4336 1433 4405 synodo
1461 4334 1678 4388 misericordiam
1706 4351 1779 4405 quae-

979 4427 1074 4493 rendojr
1094 4427 1119 4478 in
1143 4424 1271 4494 pastorali
1290 4422 1448 4494 magisterio
1472 4421 1706 4485 consacerdotem,
1728 4437 1779 4492 pro

977 4512 1109 4568 Ecclesia>
1132 4513 1181 4565 Dei
1197 4526 1263 4581 pace
1280 4518 1306 4564 et
1322 4509 1444 4576 utilitate,
1468 4508 1576 4572 amodo,
1603 4508 1712 4563 Christo
1735 4508 1777 4563 la·

979 4608 1065 4661 reule,
1083 4598 1230 4668 recipimus
1244 4606 1270 4651 et
1284 4597 1423 4651 habemus.

1013 4713 1081 4781 Quia
1096 4722 1119 4766 et
1135 4728 1183 4767 ros
1200 4710 1423 4766 christianissimi
1446 4709 1626 4780 imperatores
1650 4710 1776 4781 Augusti,

978 4800 1022 4872 qui
1038 4808 1137 4854 sanetae
1152 4799 1309 4869 reipublice
1324 4796 1537 4854 clementissimo
1561 4793 1658 4851 affectu
1673 4795 1778 4866 guber·

978 4888 1048 4943 natis
1072 4888 1225 4958 imperium,
1241 4904 1292 4957 pro
1312 4886 1419 4940 Christo
1444 4884 1520 4956 iungi
1544 4883 1680 4956 legatione
1704 4885 1780 4939 vide-

977 4975 1042 5030 mini
1059 4975 1097 5044 (ll
1113 4979 1172 5032 Cor.
1191 4982 1229 5036 rt,
1253 4974 1318 5028 dum
1333 4989 1384 5043 pro
1398 4987 1464 5043 pace
1481 4971 1582 5043 rogatis
1596 4971 1736 5037 Ecclesiae,
1754 4979 1782 5026 et

979 5080 1028 5118 nos
1044 5063 1152 5133 quibus,
1170 5061 1317 5116 seeundum
1335 5059 1492 5131 apostolum
1507 5059 1626 5114 omnium
1641 5058 1778 5113 Ecclesia-

978 5190 1027 5237 rim
1052 5200 1156 5264 passum
1180 5200 1205 5236 se
1226 5186 1347 5248 recepisse
1371 5186 1433 5235 hanc
1463 5183 1545 5234 sedem
1567 5184 1599 5232 ab
1621 5180 1778 5245 imperatori·

978 5254 1161 5375 buziiceirisius,
1185 5330 1224 5380 ep.
1245 5319 1261 5367 o
1280 5337 1285 5366 :
1304 5318 1464 5369 Necessitates
1491 5321 1597 5377 tempore
1630 5314 1708 5365 houm
1730 5314 1778 5364 ha·

979 5389 1020 5436 het
1033 5386 1194 5441 dispensatio.

1013 5470 1127 5522 'Omnia
1158 5470 1204 5518 ista
1228 5469 1317 5520 deterit
1340 5469 1449 5529 Photius,
1481 5466 1511 5517 de
1537 5465 1608 5516 venta
1632 5476 1713 5517 coram
1736 5475 1777 5527 ay·

981 5556 1042 5608 uodo
1052 5555 1165 5620 petenda,
