3794 6104
326 217 449 277 orusc.
477 217 524 275 ιιι
547 172 660 277 misr.
687 218 725 274 m
748 215 862 275 cansa
888 217 1061 277 merear
1086 219 1242 279 munus.
1570 225 1625 284 aaa

97 341 170 399 niam
184 343 256 398 inest
268 341 309 398 eis
323 350 350 400 et
363 342 451 398 levior
465 342 552 414 culpa.
567 364 579 394 ι
595 344 665 400 Νιιιι
680 343 714 399 de
729 342 772 398 his
785 342 888 415 Aquid
901 343 967 400 mali
989 343 1099 412 iaciant,
1114 344 1207 401 rident
1225 360 1281 402 non
1295 361 1358 402 esse
1372 345 1438 418 quid
1452 346 1564 404 omnium
1578 363 1626 404 re-

103 429 288 505 ignorantiam
311 441 497 502 peccaverunt
518 432 647 498 traducti,
663 440 773 487 sanctus
823 433 993 503 spondeant,
1018 433 1068 490 aed
1089 433 1203 491 nebulas
1223 433 1359 505 imperitis
1382 435 1542 504 ostendunt,
1566 451 1628 492 cunr

97 534 140 574 aas
154 518 182 573 in
197 527 430 590 supramemorato
452 535 533 590 opere
553 520 618 576 dicit
640 520 699 592 (lib.
716 520 773 575 ade
822 519 875 591 ipsi
897 519 950 576 viri
973 521 1146 587 sorbeantur,
1162 521 1190 576 id
1204 529 1246 576 est
1260 522 1380 579 scientes
1394 531 1422 578 et
1443 530 1626 595 agnoscentes

97 622 114 665 ι.
129 610 159 676 2)
175 624 182 660 z
201 628 212 657 a
232 608 260 663 Si
282 623 364 678 quem
388 606 467 675 sorte,
493 608 629 680 inquiens,
651 608 773 680 coegerit
823 607 966 663 intereant.
983 608 1083 664 Vident
1104 609 1216 665 horrare
1233 610 1360 666 homines
1373 619 1401 666 et
1414 612 1534 683 graviter
1548 611 1628 667 dete-

109 694 271 763 necessitas,
287 695 334 750 ubi
350 695 512 751 catholicum
531 712 582 766 per
602 712 685 768 quem
699 695 773 751 acci·
823 695 899 761 stari,
916 696 1086 768 quodetiam
1101 697 1197 769 seipsi
1212 697 1239 752 in
1254 698 1341 754 multa
1363 698 1509 754 schismata
1523 699 1628 756 divise·

97 782 262 848 tinrenerit,
279 783 346 838 etin
361 783 453 839 animo
477 799 543 854 pace
567 783 702 839 catholice
722 799 773 839 cu·
823 790 893 850 runt,
910 790 938 838 et
950 783 1068 840 manime
1082 784 1109 839 in
1125 785 1213 856 eapite
1234 785 1336 843 hiricm
1350 794 1378 841 et
1392 787 1536 843 notissima
1559 788 1630 844 ciri·

97 886 148 943 per
162 871 281 942 aliquem
296 879 373 926 extro
389 872 518 927 unitatem
543 872 706 928 catholicam
721 887 774 943 po·
823 876 877 926 tate
892 870 1066 945 Cartbagine,
1082 873 1172 929 conati
1187 881 1250 928 sunt
1266 875 1402 930 nonomine
1424 875 1546 932 dedecus
1558 891 1630 947 pan-

97 958 204 1029 meperit
228 959 302 1028 quod
317 966 377 1013 erat
392 958 418 1012 in
434 959 495 1029 ipsa
516 960 650 1016 catholica
671 959 774 1015 unitate
823 974 922 1014 norum
937 974 1058 1026 suorum,
1074 968 1200 1032 putantes
1223 963 1298 1034 quod
1318 971 1430 1034 possent
1453 963 1629 1020 maximiani·

97 1062 141 1112 us,
158 1046 182 1102 si
197 1047 287 1101 statim
302 1046 383 1102 etiarn
398 1046 433 1102 de
447 1048 498 1103 hac
513 1047 568 1102 vita
589 1048 772 1120 emigraverit,
824 1054 880 1101 stas
902 1045 1021 1103 anferre.
1042 1068 1053 1099 ι
1071 1049 1105 1103 lit
1119 1057 1181 1119 post
1203 1049 1294 1121 eliqua
1318 1051 1408 1122 (ibid,
1424 1067 1449 1106 c.
1467 1054 1500 1109 ta
1516 1060 1543 1107 et
1558 1052 1603 1122 13)
1619 1069 1628 1107 ε

97 1134 171 1191 anisi
191 1135 354 1190 catholicum
374 1135 545 1205 deputamus.
563 1135 592 1191 Si
606 1143 697 1191 nutem
712 1135 774 1191 lue·
826 1156 838 1185 ι
855 1136 941 1206 Urget
964 1150 1013 1191 eos
1036 1135 1157 1208 undique
1172 1137 1283 1205 veritas,
1302 1138 1395 1194 uident
1409 1154 1440 1194 se
1454 1155 1509 1194 non
1524 1139 1626 1196 babere

97 1223 184 1295 parali
198 1231 286 1278 morte
301 1222 442 1288 liberatus,
466 1238 528 1278 curn
547 1224 689 1280 catholica
705 1238 774 1280 con·
824 1222 890 1294 quid
914 1223 1113 1295 respondeant,
1139 1230 1166 1279 et
1188 1231 1283 1295 putant
1307 1241 1337 1280 se
1360 1241 1415 1282 non
1437 1227 1541 1283 babere
1564 1227 1630 1299 quid

97 1310 126 1367 ni
154 1311 233 1366 etiam
263 1311 409 1381 presentia
437 1311 574 1381 corporali
607 1312 773 1379 reddiderit,
824 1309 1630 1386 faciant:quidloquanturnoninveniunt,tacerenonper·

97 1413 205 1471 lamam
229 1398 312 1455 corde
336 1398 511 1464 discesserat,
529 1413 585 1454 non
607 1399 697 1455 solum
719 1415 775 1456 non
824 1398 976 1464 mittuntur,
1002 1399 1106 1455 malunt
1129 1398 1267 1470 perversis
1290 1401 1404 1457 uocibus
1426 1402 1531 1457 veritati
1554 1403 1629 1458 relu-

97 1501 157 1541 mna
171 1487 245 1558 quod
260 1485 332 1550 lecit,
349 1487 398 1541 sed
413 1487 493 1542 etiarn
508 1488 682 1543 securissime
693 1488 775 1544 veris
824 1486 902 1552 ctari,
920 1501 1002 1558 qnam
1016 1486 1152 1543 confessis
1177 1488 1319 1543 erroribus
1343 1489 1403 1559 paci
1428 1489 1545 1545 restitui.
1562 1490 1630 1559 Quis

116 1573 270 1640 laudamus,
287 1575 349 1646 qnia
364 1584 526 1646 praesentem
550 1577 638 1631 ileum
661 1575 776 1632 credidit
823 1581 916 1629 autem
926 1589 982 1629 non
992 1573 1126 1646 intelligat
1136 1574 1201 1646 qnid
1211 1575 1239 1630 in
1250 1575 1333 1632 corde
1344 1577 1630 1648 suopossimdiccret

97 1678 131 1729 lo,
154 1662 202 1717 nbi
226 1663 355 1718 unitatem
380 1664 514 1719 servabat.
534 1686 544 1711 ι
562 1665 602 1719 De
623 1664 665 1719 his
684 1672 775 1720 autem
789 1661 897 1751 BQuid
913 1676 979 1733 ergo
995 1660 1121 1728 iacimus,
1136 1662 1271 1735 inquiunt,
1286 1664 1322 1719 de
1338 1664 1382 1719 his
1396 1679 1466 1737 quos
1477 1665 1533 1733 iam
1548 1666 1631 1721 reba-

97 1756 160 1816 uer,
181 1750 230 1806 sed
254 1766 337 1806 causa
361 1751 464 1806 umoris
478 1752 521 1807 vel
536 1750 647 1818 lavaris,
662 1752 689 1807 in
703 1753 772 1808 banc
829 1750 1012 1821 ptisavimusi
1025 1749 1061 1805 lit
1074 1766 1124 1806 ros
1136 1767 1143 1805 :
1155 1750 1228 1818 Quid
1242 1767 1310 1823 ergo
1325 1750 1502 1809 iaciemusde
1511 1752 1554 1808 his
1563 1769 1632 1827 quos

97 1834 220 1895 aionem
240 1837 336 1904 iomnt,
353 1839 408 1894 Leo
425 1838 460 1893 ad
481 1837 650 1895 Pulcheriam
674 1843 772 1913 Augu-
825 1838 882 1906 jam
905 1837 1082 1902 traduximus,
1098 1838 1142 1894 rel
1156 1838 1220 1909 quid
1242 1838 1374 1895 iaciemus
1388 1841 1435 1912 qui
1449 1842 1562 1899 traducti
1586 1858 1629 1898 au·

97 1925 152 1982 ibit
160 1928 255 2000 (epist.
268 1929 332 1997 53):
347 1948 357 1978 ι
371 1926 415 1982 Sic
425 1927 525 1982 utimur
536 1927 640 1996 justitia
655 1943 773 1984 commo
828 1925 907 1982 musi
931 1926 1121 1999 Respondetnr
1136 1944 1143 1981 ε
1160 1927 1257 1983 Redite
1277 1943 1339 1983 cum
1353 1928 1393 1983 eis
1407 1928 1442 1983 ad
1464 1928 1628 1997 Ecclesiam,

97 2020 177 2071 tnon
200 2015 355 2070 amittamus
379 2015 500 2070 remedia
523 2015 659 2071 eharitatis
676 2034 683 2070 :
700 2017 772 2087 qnod
827 2012 954 2071 videlicet
967 2015 1002 2070 ad
1016 2015 1221 2071 unanimitatem
1244 2015 1390 2071 imternam
1406 2034 1414 2071 ι
1430 2017 1629 2074 medicamento

97 2110 142 2159 tas
157 2112 251 2158 vestra
265 2103 406 2176 cognoscit
416 2119 472 2158 non
482 2104 574 2159 verbis
584 2104 649 2160 solis
663 2106 774 2176 promit·
827 2101 902 2173 pacis
916 2101 1012 2159 offerte
1027 2103 1164 2159 curandos
1179 2119 1248 2175 quos
1262 2104 1443 2171 vulnerastis,
1459 2105 1521 2161 vice
1536 2105 1629 2162 chari-

97 2189 202 2247 lctiam
223 2189 302 2247 iactis
323 2191 445 2246 docetur.
471 2191 610 2264 Siquidem
625 2208 695 2263 pene
710 2209 773 2249 orn·
826 2190 888 2245 tatis
902 2189 999 2246 offerte
1013 2192 1183 2247 suscitandos
1198 2208 1267 2264 quos
1285 2192 1433 2250 occidistis.
1450 2193 1563 2249 llultum
1578 2209 1630 2250 vs-

112 2278 143 2335 in
157 2295 322 2335 consensum
344 2280 559 2351 praesidentinm,
575 2281 603 2337 in
617 2281 664 2337 illo
679 2282 772 2354 Ephe·
826 2277 864 2333 let
878 2278 912 2333 ad
937 2279 1141 2351 propitiandum
1165 2280 1251 2336 Deum
1274 2279 1396 2337 fraterna
1420 2282 1577 2338 concordio.
1600 2283 1630 2339 Si

97 2383 110 2423 ι
123 2366 228 2437 judicio
242 2368 291 2423 sed
306 2367 457 2436 latrocinio,
468 2376 514 2423 ant
528 2369 645 2425 traducti
654 2368 771 2437 luerent,
826 2365 1628 2443 duobusassumsitDominusconvsnm'tsnpcrterram,

97 2454 139 2522 sti,
165 2455 347 2511 rescindendo
370 2456 442 2527 quod
466 2464 630 2524 statuerant,
654 2465 682 2513 ct
704 2473 773 2514 con·
826 2454 961 2526 quidquid
968 2456 1111 2528 petieritis
1119 2456 1250 2525 fictoobls
1259 2456 1370 2528 (llatth.
1381 2457 1475 2529 arras).
1486 2457 1515 2514 Si
1523 2458 1630 2514 duobus

97 2542 129 2601 lo
142 2543 217 2615 quod
231 2545 406 2615 scripserant,
423 2552 582 2615 perpetuam
601 2545 689 2617 oulpae
703 2546 773 2602 abo-
826 2541 991 2613 hominibus,
1006 2552 1108 2616 quanto
1118 2544 1207 2615 magis
1217 2544 1324 2600 duobus
1338 2545 1466 2616 populis?
1481 2545 1567 2602 Simul
1577 2560 1629 2601 nos

104 2638 136 2689 et
150 2632 309 2702 apostolice
327 2632 404 2704 pacis
427 2633 542 2705 gratiam
564 2634 617 2688 sint
639 2633 740 2706 adepti.
759 2656 771 2684 ι
826 2631 944 2686 Domino
956 2639 1173 2703 prosternamus,
1188 2632 1387 2703 participamini
1401 2632 1546 2691 nobiscum
1560 2649 1628 2689 nna·

97 2719 166 2777 stola
176 2720 211 2774 ad
220 2719 373 2776 Anatolium
383 2722 477 2792 (epist.
496 2722 558 2791 ill:
572 2743 583 2772 ι
596 2722 690 2795 Neque
700 2722 773 2777 enim
825 2717 984 2784 almitatem,
1000 2720 1198 2790 participemur
1210 2720 1352 2776 vobiscum
1371 2720 1505 2789 dolorem,
1521 2730 1549 2777 et
1562 2722 1628 2777 cha·

111 2806 207 2880 aliquo
227 2808 382 2879 benignitas
405 2816 498 2864 nostra
522 2810 696 2880 reprehendi,
712 2826 772 2865 cum
824 2805 890 2861 ritas
903 2806 1041 2878 cooperiet
1062 2807 1262 2863 multitudinem
1284 2815 1467 2878 peccatorum.
1483 2810 1518 2865 Et
1532 2809 1628 2865 beatus

97 2903 171 2953 mles
185 2896 342 2967 recipimus,
366 2912 435 2967 quos
455 2897 592 2953 doluimus
614 2913 676 2954 esse
690 2898 773 2954 dece·
825 2893 977 2966 Gregorius
987 2893 1014 2949 in
1023 2895 1461 2968 homiliaEzecbielisdicit(lsom.
1472 2898 1499 2966 7,
1509 2897 1626 2970 inpium:

97 2998 227 3055 Mspel'e
244 2984 328 3057 igitur
344 2984 542 3041 communionis
562 2993 663 3042 nostrae
684 2987 774 3058 gratia
827 2981 1041 3038 ‹Perfectomm
1065 2998 1175 3053 semper
1188 2992 1215 3039 el
1228 2983 1343 3040 Virlules
1357 2992 1385 3041 el
1402 2984 1541 3057 lwl'ymass
1564 2993 1629 3042 bille

97 3070 132 3129 da
156 3079 207 3139 est,
232 3088 283 3128 nec
307 3080 409 3128 temere
431 3072 595 3144 largienda:
620 3074 682 3146 quia
705 3075 774 3131 sicut
824 3070 923 3125 mentis
941 3078 1041 3128 nostrae
1059 3071 1153 3127 oculos
1162 3087 1306 3142 ponamus,
1318 3072 1455 3129 imitemur
1464 3089 1526 3145 quae
1536 3074 1564 3129 in
1574 3073 1629 3130 illia

97 3158 206 3233 pietatis
220 3169 262 3216 est
276 3162 414 3232 oppressis
429 3163 588 3217 charitatem
602 3161 773 3218 Dominicam
823 3157 982 3229 aspicimus,
998 3167 1028 3215 ut
1040 3158 1105 3213 dum
1120 3160 1282 3232 coeperimus
1305 3176 1356 3231 per
1378 3161 1548 3217 incremento
1566 3176 1628 3218 cre·

97 3263 129 3320 e,
141 3247 180 3303 ita
189 3248 293 3318 justum
307 3257 348 3304 est
360 3248 452 3304 omnia
464 3250 675 3321 perturbationis
685 3260 775 3306 aucto
824 3262 912 3311 scere,
928 3246 1065 3317 possimus
1077 3247 1112 3301 ab
1125 3247 1173 3302 illo
1188 3248 1316 3303 distincto
1331 3249 1455 3305 examine
1469 3249 1541 3305 mals
1566 3265 1627 3321 quae

97 3337 209 3409 apoteri.
229 3356 240 3385 ι
257 3336 356 3391 Audite
380 3337 462 3408 igitur
484 3345 510 3392 et
529 3346 558 3393 tu
582 3346 608 3394 et
630 3338 679 3404 illi,
705 3354 774 3410 quos
823 3332 938 3390 fecimus
957 3334 1059 3390 velare.
1074 3335 1106 3389 ln
1118 3335 1237 3391 assiduis
1260 3336 1332 3391 enim
1352 3335 1471 3401 fletibus,
1488 3336 1516 3391 in
1530 3336 1624 3406 quoti-

97 3423 130 3493 i,
156 3423 199 3481 vel
224 3425 259 3480 ad
283 3433 372 3482 tecum
395 3425 623 3482 subscribendum
646 3426 772 3499 coegisti,
823 3420 904 3477 diana
926 3429 1018 3479 nostra
1040 3423 1213 3494 paenitentia,
1239 3423 1374 3480 babemus
1401 3423 1573 3480 sacerdotem
1596 3423 1625 3479 in

97 3526 186 3569 onem
208 3512 281 3569 beati
302 3514 455 3586 Augustini,
480 3531 533 3587 qua
550 3530 598 3569 eos
612 3514 646 3570 de
661 3513 715 3570 illis
730 3514 773 3570 al·
824 3508 902 3566 coelis
919 3509 967 3582 qui
987 3509 1142 3582 interpellat
1163 3526 1216 3581 pro
1235 3510 1324 3576 nobis,
1339 3511 1375 3567 de
1398 3526 1453 3582 quo
1475 3510 1557 3567 etiam
1577 3527 1628 3584 per

97 3600 149 3673 qui
162 3616 193 3656 se
208 3602 241 3656 ab
256 3602 430 3658 unanimitate
452 3601 571 3659 iratema
594 3602 772 3669 disciderunt,
823 3597 956 3655 loannem
970 3596 1068 3655 dicitur
1079 3615 1085 3652 :
1096 3598 1199 3671 Siquis
1212 3599 1564 3673 peccaverit„odvocctum
1580 3599 1627 3670 hc·

97 3696 112 3745 t
127 3687 222 3745 dicens
237 3690 297 3761 (lib.
314 3706 334 3745 ιι
348 3691 382 3746 dc
397 3692 490 3763 bapt,
506 3707 531 3747 e.
549 3692 592 3757 l0,
608 3692 653 3762 ll)
669 3709 676 3744 ι
695 3713 707 3742 ι
724 3691 773 3747 vi-
823 3686 919 3743 bemus
929 3687 1004 3759 apud
1014 3689 1130 3744 Patrem
1139 3688 1235 3744 lesem
1245 3687 1391 3745 Christum
1396 3689 1519 3760 jartam,
1529 3693 1559 3744 ct
1566 3689 1626 3760 ipsc

97 3775 174 3849 iquit,
188 3776 255 3832 nibil
270 3778 322 3832 sibi
337 3778 504 3835 remansisse
518 3778 593 3851 quod
607 3778 708 3844 dicant,
725 3778 774 3835 sed
824 3779 867 3830 cst
883 3776 1024 3849 propiola'o
1039 3791 1092 3847 pro
1107 3777 1231 3848 peccetis
1248 3777 1355 3832 nostris
1365 3776 1390 3846 (l
1402 3777 1483 3833 loen.
1494 3775 1536 3846 ιι).
1552 3776 1626 3832 Ecce

97 3865 253 3923 emansisse
278 3866 352 3937 quod
375 3865 484 3934 iaciant,
500 3874 529 3922 ut
548 3882 599 3939 pro
620 3866 700 3924 lactis
723 3883 773 3924 eo·
824 3863 941 3919 exsultat
959 3862 1078 3931 animus,
1094 3878 1157 3919 cum
1181 3863 1306 3921 aduocati
1320 3864 1406 3920 nostri
1418 3864 1566 3936 potentiam
1579 3879 1629 3920 au·

97 3951 191 4009 teritis
207 3951 372 4011 sacrificium
388 3954 539 4011 dilectionis
559 3953 690 4011 offeratur
712 3956 773 4028 pla·
824 3950 914 4008 dimus
929 3969 937 4007 :
953 3951 1003 4009 scd
1017 3952 1223 4008 exsultationem
1237 3960 1358 4008 nostram
1372 3952 1471 4009 iterum
1485 3953 1627 4009 remordet

97 4054 135 4109 ιο,
149 4042 226 4111 cuius
249 4042 379 4098 unitatem
402 4042 506 4099 nefario
530 4042 633 4100 scelere
658 4044 774 4116 dirupe-
823 4038 913 4106 timor,
929 4040 993 4113 quia
1005 4039 1065 4112 ipse
1080 4040 1127 4112 qui
1140 4040 1221 4098 nobis
1235 4041 1383 4098 advocatus
1404 4049 1447 4098 est
1470 4040 1626 4111 dicituriu·

97 4143 135 4185 us
148 4131 326 4187 sacramentis
342 4139 396 4186 tarn
412 4132 555 4186 diuturnas
576 4131 686 4202 injurias
700 4132 773 4190 irro-
823 4136 891 4185 stus.
913 4127 972 4185 Nos
992 4128 1066 4184 enim
1088 4144 1185 4185 causas
1208 4129 1346 4198 iniustitiae
1368 4130 1511 4186 habemns.
1534 4130 1627 4187 Justus

98 4214 257 4274 lisericors
281 4226 323 4274 est
337 4220 410 4275 enim
425 4228 452 4275 et
464 4220 607 4276 miserator
629 4221 771 4288 Dominus,
822 4231 890 4274 vero
903 4217 1052 4274 advocatus
1065 4217 1180 4286 injnstaa
1194 4233 1293 4274 causas
1306 4216 1381 4274 nullo
1394 4219 1478 4274 modo
1500 4217 1625 4289 suscipit,

97 4304 146 4373 nis,
162 4313 190 4361 et
208 4307 322 4362 multum
343 4308 511 4377 misericors,
537 4316 564 4363 ea
586 4324 678 4365 verax.
704 4311 772 4366 Am-
822 4321 874 4362 nec
887 4305 973 4363 rerba
995 4306 1062 4361 dare
1086 4320 1137 4377 pro
1160 4306 1289 4374 injustitia
1312 4306 1455 4362 consentit.
1471 4305 1542 4375 Quid
1558 4321 1626 4378 ergo

97 4408 123 4448 ιι·
135 4392 311 4464 inpraesenti
332 4395 386 4452 vita
409 4396 614 4453 misericordem
631 4405 658 4453 et
672 4397 772 4471 longa·
787 4391 941 4467 Dagimus,
955 4393 1107 4450 charissimi
1125 4392 1223 4449 fratres
1243 4393 1319 4449 mei?
1342 4391 1397 4448 Sed
1419 4408 1483 4449 ecee
1505 4391 1625 4450 occurrit

109 4487 140 4537 et
160 4481 272 4538 timeant
293 4484 322 4538 in
344 4483 433 4540 futura
461 4501 599 4542 veracem.
627 4485 688 4543 Non
716 4487 773 4544 vult
821 4483 912 4538 animo
927 4482 994 4555 quid
1011 4496 1137 4553 agamus.
1161 4481 1232 4536 hiala
1253 4498 1314 4554 qnae
1332 4481 1456 4550 lecimus,
1471 4489 1498 4537 et
1512 4482 1624 4537 desera-

97 4575 172 4635 utem
193 4570 278 4642 impii,
294 4580 425 4644 quantum
438 4580 468 4627 ut
483 4582 634 4631 revertatur
647 4583 674 4629 et
687 4574 769 4643 vivat,
821 4586 883 4627 mus
897 4578 1103 4627 etaccusemus.
1116 4569 1251 4642 Scriptum
1262 4578 1305 4627 est
1315 4588 1323 4626 ε
1333 4571 1430 4627 leatus
1439 4572 1472 4627 is
1480 4570 1622 4642 principio

97 4658 209 4713 mabam
223 4658 334 4715 inllectit
347 4660 479 4716 adversus
498 4661 612 4731 injurias
626 4663 770 4734 irrogatas.
822 4663 970 4716 accusator
979 4663 1022 4716 eat
1032 4660 1077 4715 rui
1088 4659 1181 4730 (Prou.
1196 4661 1290 4730 ιιιιιι).
1306 4657 1424 4728 Quilibet
1439 4657 1511 4714 enim
1524 4671 1625 4729 pecca·

101 4753 198 4803 nosue
213 4748 374 4803 exhortatio.
392 4750 508 4820 Propter
517 4751 570 4807 boc
580 4766 628 4808 eos
638 4751 772 4806 babemus
820 4755 865 4804 tor
878 4761 1028 4805 conversus
1037 4747 1066 4802 in
1076 4745 1185 4803 fletibus
1196 4747 1253 4816 jnm
1264 4748 1354 4817 justus
1368 4760 1430 4802 esse
1444 4745 1554 4802 inchoat
1560 4759 1623 4801 cum

97 4875 104 4901 ,
119 4833 184 4907 qnia
200 4851 267 4891 vero
281 4836 407 4905 dicimus,
425 4837 490 4909 quia
510 4847 599 4895 tacere
612 4840 769 4909 metuimus,
821 4837 934 4909 coeperit
947 4851 1080 4893 accusare
1094 4835 1169 4908 quod
1183 4834 1255 4892 iecit.
1272 4835 1328 4890 Cur
1342 4834 1414 4890 enim
1425 4834 1513 4903 iustus
1522 4848 1578 4891 non
1588 4832 1624 4889 sit

97 4936 155 4978 aare
169 4922 204 4976 ab
218 4922 343 4980 instantia
359 4934 457 4998 quanta
477 4941 624 4998 possumus
638 4927 770 4986 lormida-
821 4926 868 4998 qui
882 4934 977 4984 contra
989 4941 1066 4982 suam
1076 4923 1232 4994 injustitiam
1245 4923 1301 4994 jam
1316 4922 1511 4996 perlacrymas
1524 4921 1623 4980 serviti

97 5009 128 5065 iia
151 5010 372 5084 obtemperamus
397 5015 527 5086 apostolo
551 5015 652 5074 dicenti
667 5034 673 5072 :
691 5021 771 5075 Proe·
820 5014 914 5071 Justus
928 5013 1011 5087 igitur
1023 5013 1169 5070 advocatus
1182 5019 1277 5069 noster
1292 5011 1381 5080 iustos
1395 5026 1447 5069 nos
1460 5010 1582 5070 defendit
1594 5009 1623 5065 in

97 5101 772 5177 ruminataopportuna,importuoc,orgcs,bcr·
818 5102 931 5172 judicio,
953 5103 1017 5175 quia
1031 5109 1058 5159 et
1072 5099 1255 5172 nosmetipsos
1277 5105 1305 5156 et
1325 5099 1518 5171 cognoscimus
1532 5105 1562 5155 et
1574 5112 1622 5155 ae

97 5202 160 5260 repa
175 5187 214 5259 (ll
229 5190 298 5245 lim.
315 5192 366 5262 rr),
382 5192 431 5248 aed
446 5192 516 5249 sicut
530 5192 710 5266 Evangelinm
726 5193 769 5251 lo·
820 5205 949 5249 cusamus
971 5189 1097 5259 iniustos.
1112 5189 1173 5244 Non
1190 5202 1257 5259 ergo
1270 5186 1299 5243 in
1312 5187 1431 5255 lletibus,
1447 5203 1501 5244 non
1514 5187 1542 5241 in
1556 5185 1622 5242 acti·

97 5276 221 5353 milpont
230 5279 350 5349 gloriam
363 5280 511 5337 immissam
521 5282 612 5352 magis
626 5298 710 5353 quam
720 5283 771 5339 Dei
819 5279 870 5335 bus
883 5277 996 5346 nostris,
1012 5277 1103 5334 sedin
1117 5275 1244 5333 advocati
1264 5275 1351 5332 nostri
1371 5274 1537 5348 absgatione
1556 5287 1623 5331 aon·

97 5361 146 5436 aa),
161 5372 188 5419 et
203 5366 367 5437 reprehendi
382 5367 417 5422 ad
439 5374 545 5440 tempus
567 5368 673 5436 timent,
690 5369 769 5427 dam-
819 5366 944 5424 fidamus.
960 5388 972 5415 a
988 5365 1143 5423 Timeamus
1157 5365 1231 5438 quod
1244 5365 1429 5436 scriptumest
1440 5379 1447 5419 :
1458 5361 1544 5419 Filius
1558 5376 1623 5421 ιιι-

97 5463 279 5538 ampitemum
300 5483 355 5525 non
376 5468 480 5524 timent.
498 5469 596 5526 Vident
610 5469 692 5527 etiam
716 5468 770 5541 ipsi
819 5467 862 5524 lus
884 5467 944 5539 ipse
958 5465 1103 5536 saluatum
1124 5464 1200 5533 dicit,
1225 5464 1328 5523 exitum
1351 5471 1443 5523 autem
1463 5478 1544 5522 suum
1566 5477 1624 5521 non
