3794 6104
118 231 163 285 m
470 219 593 279 orusc.
618 217 665 274 nr
690 214 799 273 urrsr.
827 212 865 267 nr
893 210 1007 268 causa
1028 212 1201 272 1111011111
1219 216 1371 276 munus.
1405 189 1409 202 '
1708 226 1760 285 aas

117 349 256 408 confecisti
270 364 304 405 ex
317 345 473 403 nominibus
497 352 650 401 sanctorum
666 339 824 413 spostolicae
839 336 912 393 sedis
927 333 1051 396 ADeum
1067 346 1092 395 et
1105 339 1232 396 homines
1253 340 1460 412 praevaricatum
1483 341 1557 398 Deus
1581 343 1712 416 queritur.
1727 349 1763 405 Et

116 437 283 512 pontificum,
294 436 372 508 quasi
386 435 421 491 ad
435 450 483 491 ora
493 433 573 490 melle
588 431 710 496 oblitum,
727 436 755 484 et
768 428 914 483 indiscrete
965 442 1028 483 ecce
1042 437 1083 483 est
1096 443 1150 483 una
1174 429 1253 501 culpa
1276 430 1419 501 superbie,
1440 431 1503 502 quia
1516 433 1685 503 praevaricati
1699 444 1762 493 sunt

116 526 300 592 commixtum,
317 525 352 580 de
367 539 421 597 quo
446 523 493 578 tibi
509 520 670 578 commissos
694 516 914 588 clericospotio-
965 524 1082 586 pactum.
1105 518 1178 573 Ecce
1202 517 1287 573 altera
1310 519 1507 589 obstinationis,
1532 520 1595 593 quia
1617 538 1704 596 usque
1727 525 1762 581 ad

115 616 192 683 uasti,
217 624 243 672 et
267 613 341 687 quod
364 611 525 685 quibusdam
559 608 696 681 episcopis
730 605 859 673 obtulisti,
890 612 916 660 et
965 603 1035 660 diem
1061 605 1140 661 lianc.
1164 607 1236 662 Ecce
1258 606 1336 678 culpa
1362 606 1456 680 gravis
1487 607 1670 680 impudentia,
1699 613 1762 686 quia

115 706 230 762 Satanas
254 702 349 775 primis
372 700 532 773 parentibus
555 697 656 754 nostris
678 695 705 752 in
720 693 847 767 paradiso
862 693 915 748 ob·
964 693 1031 747 dura
1053 692 1131 759 facie,
1160 695 1287 766 quoniam
1315 695 1386 750 mala
1415 712 1475 768 quar
1501 694 1601 752 iaciunt
1625 699 1683 767 Jam
1711 717 1764 759 nec

115 788 182 854 tulit,
213 787 324 858 quando
351 800 462 856 pomum
491 784 592 838 bonum
617 780 652 836 ad
680 778 858 845 vescendum,
889 783 915 831 et
965 782 1137 851 embescunt,
1162 792 1188 838 et
1208 799 1346 855 nunquam
1370 783 1414 840 vel
1435 791 1496 856 post
1520 786 1614 857 culpas
1638 787 1673 844 ad
1699 806 1761 862 poe-

114 877 259 950 pulchrum
283 873 379 941 oculis,
405 879 570 943 aspectuque
597 867 757 925 delectabile
786 864 913 934 ostendit,
965 869 1104 925 nitentium
1132 869 1254 941 redeunt,
1293 872 1356 944 quia
1390 872 1549 928 indomabili
1577 875 1661 932 corde
1689 886 1761 935 sum,

117 965 210 1038 οἰδ1111θ
225 962 311 1018 dixit:
325 961 494 1034 Quocunque
510 959 554 1015 dte
568 957 745 1015 comederitis
755 971 792 1011 cc
802 969 843 1021 eo,
854 968 916 1027 apc-
965 956 1032 1013 Cum
1060 973 1125 1013 svera
1149 967 1228 1016 tantae
1256 960 1407 1031 pravitatis,
1439 970 1574 1034 tantaeque
1601 963 1763 1022 obstinatio-

116 1041 916 1115 rienturoculivestrt,ctcritissicatditscicntesbcuum
964 1046 1007 1101 nis
1035 1047 1089 1101 siut
1118 1047 1156 1118 hi,
1184 1047 1218 1102 ad
1233 1064 1301 1118 quos
1324 1049 1457 1120 propbeta
1478 1050 1599 1120 mittitur,
1625 1052 1686 1126 quis
1704 1053 1763 1124 jam

116 1147 142 1200 et
156 1142 271 1197 mulum
285 1139 366 1211 (Gen.
379 1136 421 1209 111)
432 1155 440 1205 ;
452 1144 479 1192 11
488 1136 587 1209 quibus
600 1133 725 1206 promisit
735 1131 913 1196 divinitatem,
965 1150 1021 1190 non
1043 1135 1134 1190 videat
1157 1135 1220 1206 quia
1238 1151 1357 1206 persona
1371 1138 1511 1208 prophetae
1525 1153 1541 1194 a
1564 1147 1618 1194 tarn
1645 1156 1763 1213 perver-

116 1229 171 1286 tulit
194 1227 435 1293 immortalitatem,
459 1232 485 1280 et
507 1223 640 1294 pollicens
663 1221 778 1277 liberam
799 1228 826 1274 et
848 1218 916 1274 nulli
966 1223 1003 1278 sis
1032 1222 1188 1279 hominibus
1219 1223 1323 1295 despici
1357 1224 1466 1281 raleati
1493 1226 1547 1282 Sed
1574 1243 1638 1285 ecce
1666 1238 1763 1287 aucto-

116 1319 266 1389 subJectam
289 1314 398 1372 deitatis
419 1312 609 1385 aequalitatem,
633 1309 796 1381 captivitatis
816 1308 855 1364 eis
870 1307 915 1362 in·
966 1312 1030 1367 ritas
1043 1327 1169 1383 personae
1183 1311 1320 1379 tribuitur,
1346 1327 1409 1369 cum
1427 1313 1553 1370 subditur
1568 1333 1574 1370 :
1590 1316 1626 1373 Et
1640 1317 1714 1375 dices
1729 1319 1764 1376 ad

116 1408 173 1464 tulit
187 1407 321 1462 miseram
342 1401 511 1469 servitutem,
528 1415 596 1473 quos
612 1399 663 1454 sibi
678 1398 825 1470 complices
840 1396 915 1452 lece·
966 1416 1013 1456 eos
1031 1417 1037 1455 :
1054 1401 1119 1458 Haec
1142 1400 1207 1456 dicit
1231 1401 1373 1472 Dominus,
1392 1402 1415 1457 si
1430 1401 1499 1458 torte
1514 1402 1557 1459 tel
1571 1404 1624 1476 ipsi
1644 1407 1763 1475 audiant,

116 1505 155 1553 rat
171 1497 208 1551 ad
222 1492 401 1566 iniquitatem.
419 1512 431 1542 ι
448 1492 482 1546 Et
496 1497 525 1545 tu
540 1489 647 1545 clericis
661 1488 724 1555 tuis,
742 1486 798 1559 qui,
814 1485 915 1557 inquis,
966 1497 992 1545 et
1006 1489 1030 1545 si
1044 1489 1114 1545 iorte
1138 1489 1288 1562 quiescant,
1315 1490 1381 1563 quic
1405 1491 1503 1548 domur
1524 1508 1698 1567 exasperans
1722 1500 1765 1553 esa

116 1585 180 1641 mibi
200 1582 300 1640 eodem
322 1581 381 1637 Deo
403 1586 513 1635 auctore
534 1575 674 1633 commissi
695 1582 768 1643 sunt,
791 1581 817 1630 et
831 1574 858 1629 iu
873 1572 916 1628 his
964 1574 1451 1650 (11111111).111111111011111111,
1481 1580 1626 1637 netimeas
1641 1597 1698 1649 eus,
1715 1599 1767 1640 ne-

118 1672 242 1730 similiter
264 1670 393 1736 sentiunt,
417 1667 523 1723 solliciti
538 1681 646 1722 servare
661 1664 789 1720 unitatem
804 1661 916 1736 spiritus
934 1681 1023 1752 Bque
1031 1681 1172 1723 sermones
1181 1682 1277 1722 corum
1285 1674 1401 1735 metuas,
1413 1668 1479 1739 quio
1489 1668 1588 1726 domur
1595 1686 1770 1745 exasperans

118 1763 143 1819 in
163 1758 278 1817 vinculo
300 1758 385 1830 pacis,
407 1757 459 1812 hac
482 1770 588 1811 mecum
612 1769 678 1826 pace
694 1752 839 1824 potiantur,
858 1772 869 1801 s
887 1764 920 1806 ac
971 1758 1023 1810 est.
1039 1755 1130 1826 (toto.)
1154 1753 1269 1810 Stultum
1291 1755 1364 1810 enim
1385 1755 1465 1811 valde
1480 1764 1530 1824 est,
1548 1758 1572 1812 si
1585 1757 1639 1813 illis
1657 1759 1770 1830 plaeere

119 1851 138 1906 si
150 1857 281 1923 patenter
304 1845 430 1901 addendo
453 1844 568 1912 diceres,
591 1849 618 1898 et
628 1842 656 1896 in
671 1839 920 1914 transgressionem
970 1842 1127 1915 quaerimus,
1141 1858 1211 1915 quos
1225 1859 1281 1898 non
1294 1843 1404 1914 placere
1419 1844 1536 1901 Domino
1550 1846 1662 1903 scimus.
1678 1847 1769 1905 Debe-

119 1945 274 1994 sanctarum
301 1933 459 2006 regularum
481 1949 531 2004 per
555 1939 679 1987 sanctum
703 1944 768 1986 vere
791 1928 921 2000 Spiritum
969 1947 1030 1986 mus
1045 1939 1135 1987 autem
1149 1931 1249 1987 babere
1263 1930 1293 1987 in
1306 1939 1419 1988 metuet
1434 1933 1589 1989 reverentia
1599 1935 1702 2003 judicis
1713 1937 1769 2006 ius-

120 2027 287 2101 Pf⁰¹²¹³l1¹¹¹¹
302 2023 481 2097 111111111ῑῦΓὲ
497 2029 524 2076 el
538 2035 600 2076 111011
616 2017 808 2092 subsequendo
824 2035 830 2072 ²
849 2038 861 2068 a
880 2016 919 2084 Si,
970 2028 1069 2085 torum,
1093 2020 1157 2093 quia
1177 2006 1301 2075 membra
1320 2020 1511 2091 omnipotentis
1526 2022 1576 2076 Dei
1588 2030 1659 2089 sunt,
1676 2031 1703 2079 et
1716 2025 1770 2082 hoc

119 2114 269 2188 inquiens,
297 2112 381 2184 aliqui
409 2126 488 2166 secus
512 2109 635 2164 nolentes
662 2106 721 2163 lieri
749 2105 816 2163 socii
843 2106 921 2174 huius
970 2108 1022 2180 ipsi
1037 2109 1065 2163 in
1079 2115 1150 2166 terra
1163 2109 1377 2180 reprehendunt,
1395 2109 1467 2181 quod
1481 2110 1612 2167 Dominus
1631 2111 1774 2187 redarguit

119 2203 281 2277 disciplinae,
306 2217 357 2258 nec
379 2200 529 2255 habeantur
551 2196 700 2269 participes
723 2194 921 2252 communionis
971 2196 1079 2254 ecoelo.
1104 2198 1173 2254 Nam
1197 2213 1388 2269 perversorum
1410 2197 1561 2272 derogatio,
1584 2199 1646 2256 vitae
1668 2208 1770 2258 nosrrae

120 2302 229 2351 ¹¹⁰⁵ll'ae·
249 2311 262 2341 ’
280 2289 360 2359 QUOd
379 2303 434 2344 11011
455 2294 498 2342 est
518 2286 592 2342 11111111
615 2285 718 2352 dicere,
744 2285 796 2341 ssi³l
810 2299 921 2356 Delma·
971 2285 1129 2357 approbatio
1142 2293 1183 2341 est
1198 2286 1328 2358 quiajam
1342 2285 1492 2342 ostenditur
1504 2304 1555 2342 nos
1576 2287 1677 2360 aliquid
1686 2288 1770 2358 justi.

74 2405 83 2411 ·
120 2390 200 2439 neant
215 2381 243 2436 in
258 2377 402 2436 catholica
416 2375 548 2432 Ecclesiae
562 2373 763 2440 communione,
780 2381 806 2429 et
820 2373 843 2427 si
853 2372 922 2428 forta
970 2374 1015 2430 tiae
1029 2374 1141 2440 babere,
1158 2375 1182 2432 si
1196 2374 1249 2429 illis
1264 2374 1410 2447 displicere
1429 2375 1572 2447 incipimus
1587 2376 1633 2448 qui
1646 2392 1701 2433 non
1714 2377 1774 2450 pla-

120 2488 170 2528 1011
195 2469 300 2536 verbis,
325 2467 409 2523 11111111
423 2474 515 2521 lamen
534 2463 696 2536 quibusdam
711 2462 846 2535 episcopis
856 2479 921 2533 per·
973 2469 1034 2519 cent
1049 2463 1116 2518 Deo.
1129 2463 1194 2520 ldeo
1205 2462 1271 2519 boni
1286 2463 1399 2518 timendi
1413 2472 1475 2519 sunt
1489 2480 1524 2520 ne
1539 2462 1720 2533 offendantur,
1736 2483 1771 2522 ne

120 2559 261 2616 suadendo
278 2576 288 2612 .-
306 2555 416 2624 rilanc,
431 2553 567 2625 inquiens,
584 2560 674 2608 tenete
689 2559 715 2606 et
730 2567 836 2607 mecum
851 2550 923 2606 evin·
972 2548 1089 2605 fortasse
1103 2565 1153 2621 per
1167 2566 1214 2605 eos
1229 2549 1274 2605 ille
1299 2559 1462 2622 provocetur
1479 2551 1514 2607 ad
1528 2551 1708 2620 iracundiam,
1725 2553 1772 2625 qui

121 2649 208 2705 dicate
231 2643 462 2716 compilationem,
478 2650 504 2697 et
518 2640 583 2697 nulli
597 2640 648 2696 nisi
663 2640 786 2696 Romano
801 2637 923 2711 pontifici
972 2653 1066 2694 eorum
1081 2636 1167 2694 corda
1182 2654 1292 2709 semper
1314 2638 1456 2693 inhabitat.
1474 2639 1588 2722 ljropter
1601 2639 1674 2711 quod
1689 2640 1771 2698 etiam

121 2735 257 2794 debebitis
280 2732 486 2802 subjectionem,
513 2738 539 2786 et
561 2728 730 2801 dissipabitis
749 2743 858 2784 mecum
873 2726 923 2783 Dei
973 2726 1096 2782 subditur
1112 2742 1119 2781 :
1136 2727 1174 2780 Tu
1188 2733 1288 2792 autem,
1311 2724 1350 2782 tili
1363 2719 1491 2794 bominis',
1515 2727 1580 2783 audi
1602 2744 1772 2801 quacunque

120 2824 323 2882 ordinationem
347 2821 376 2876 in
399 2817 551 2877 commums
573 2816 737 2889 episcopalis
761 2815 863 2872 ordinis
878 2815 922 2870 di·
972 2815 1071 2886 loquor
1084 2813 1119 2869 ad
1133 2821 1170 2883 te,
1188 2821 1214 2869 et
1228 2814 1284 2869 noli
1305 2831 1367 2870 esse
1391 2831 1567 2887 exasperans,
1590 2816 1659 2874 sicut
1674 2817 1772 2875 domus

121 2921 239 2972 stratam
255 2910 367 2967 sedibus
381 2907 552 2981 dignitatem.
568 2927 579 2956 1
598 2906 652 2962 Sed
666 2903 849 2961 concedamus
863 2905 923 2960 baec
974 2903 1158 2974 exasperatrix
1174 2909 1225 2958 est.
1238 2902 1296 2958 Nisi
1308 2903 1380 2959 enim
1389 2904 1424 2959 ad
1434 2903 1601 2976 loquendum
1610 2905 1695 2962 verba
1710 2921 1774 2965 cum

120 3003 211 3061 dicere
234 3008 264 3058 et
286 3013 372 3071 agere
391 3012 473 3070 posse
495 2996 613 3067 aliquem
640 3001 815 3067 arrogantem
840 3001 921 3065 atque
973 2991 1131 3047 mittebatur
1147 2990 1281 3059 obediret,
1298 2993 1511 3063 omnipotentem
1533 2994 1689 3063 Dominum,
1705 2995 1776 3053 sicus

119 3093 278 3163 jactantem,
302 3087 349 3143 illa
372 3101 438 3142 1110
460 3083 581 3140 divinare
605 3098 660 3138 non
682 3083 769 3150 valeo,
786 3081 923 3154 quomodo
973 3079 1112 3136 auditores
1135 3080 1169 3135 de
1190 3095 1322 3151 perverso
1345 3096 1439 3152 opere,
1464 3081 1504 3137 sic
1523 3083 1667 3153 propheta,
1682 3083 1711 3140 id
1733 3092 1775 3140 est

120 3182 282 3237 inmentem
303 3184 377 3231 tuam
398 3173 492 3231 uenire
515 3172 611 3244 potuit,
637 3179 667 3226 ut
681 3171 742 3243 regi
755 3171 829 3226 illam
846 3185 924 3227 com·
973 3166 1188 3240 predicaturus
1204 3184 1253 3224 suo
1269 3168 1376 3225 silentio
1392 3169 1478 3224 Deum
1494 3178 1693 3241 exasperasset.
1712 3192 1723 3223 a

120 3268 283 3342 pilationem
296 3262 423 3320 versibus
438 3261 565 3332 inversis,
577 3260 681 3317 scilicet
692 3259 851 3315 adulatoriis
866 3275 925 3314 sen-

121 3358 195 3414 sibus
220 3353 356 3428 praelitam
376 3351 461 3408 velles
486 3348 640 3418 ostendere,
665 3364 746 3421 quern
766 3347 851 3404 latere
870 3362 926 3402 non

122 3462 202 3519 posse
227 3443 336 3500 sciebas
351 3440 386 3495 ad
400 3439 466 3512 quid
487 3438 562 3493 illam
577 3437 687 3493 voluisti
712 3436 853 3509 colligere,
871 3434 926 3491 Sed

122 3544 145 3592 et
167 3533 239 3591 mibi
260 3529 398 3605 quomodo
419 3527 531 3600 potuisti
545 3525 684 3595 mandare,
707 3531 736 3580 ut
759 3540 815 3580 non
837 3523 925 3580 solum

124 3641 153 3681 ea
168 3638 235 3697 quae
250 3617 385 3677 aditam
405 3615 585 3680 destruerem,
604 3630 699 3671 rerum
714 3613 753 3669 sic
767 3611 925 3683 metropoli-

126 3721 195 3770 tanae
210 3708 288 3766 sedis
311 3705 484 3779 privilegium
499 3712 526 3760 et
539 3702 674 3776 meipsum
689 3701 738 3756 tibi
753 3700 925 3770 subjicerem,

127 3810 148 3858 et
161 3795 330 3871 Evangelia,
354 3801 435 3866 atque
458 3792 606 3864 apostolos,
623 3799 649 3847 et
664 3791 822 3862 propbetas,
837 3795 864 3844 11
878 3804 924 3844 ca-

124 3904 208 3948 nones
223 3881 400 3944 incendendo
413 3896 554 3954 negarem,
570 3887 600 3936 ut
614 3879 684 3936 sicut
698 3879 820 3935 ethnicus
836 3885 861 3932 et
876 3894 927 3949 pu-

125 3977 247 4036 blicanus
272 3971 399 4030 omnibus
412 3969 515 4037 fierem,
532 3965 594 4025 oum
608 3968 671 4024 licet
685 3966 810 4023 infirmus
825 3973 852 4021 11
867 3965 926 4021 irn-

126 4069 250 4141 qllisuna
260 4078 326 4120 cum
336 4067 429 4116 sancta
438 4057 562 4116 Ecclesia
575 4056 797 4129 frequentissime
807 4062 925 4120 cantem,

128 4172 184 4213 csse
203 4155 296 4210 sirum
319 4157 452 4215 sanctum,
469 4146 516 4219 qui
538 4162 589 4218 pro
611 4145 674 4218 lega
697 4144 747 4200 Dei
771 4143 812 4199 sui
834 4150 927 4199 certa-

128 4246 158 4302 rit
171 4257 265 4316 nsque
280 4239 317 4296 ad
331 4244 458 4294 mortem.
471 4235 507 4291 Et
520 4235 585 4291 binc
608 4234 687 4289 anxie
701 4232 767 4288 mibi
793 4229 928 4288 baesitanti

1251 3309 1364 3366 CAPUT
1390 3309 1497 3366 xtvtt.

976 3396 1055 3466 Quod
1070 3398 1177 3452 victum
1191 3413 1220 3453 ac
1230 3414 1378 3469 uunquam
1390 3402 1533 3469 agnoscet.
1546 3401 1585 3455 Dc
1599 3400 1700 3471 ejusirt
1710 3417 1772 3457 mc-

1012 3468 1216 3539 tropolc'tanum
1235 3469 1386 3523 rebellione
1402 3485 1409 3522 :
1425 3472 1453 3525 ct
1471 3471 1542 3540 quod
1559 3486 1642 3526 sacro
1664 3471 1776 3613 elojuio

1012 3538 1096 3593 ceteri
1125 3539 1231 3605 abierit,
1245 3539 1405 3594 ctscbismn
1418 3539 1622 3612 subscriptione
1639 3558 1691 3598 soa
1714 3557 1776 3601 ccc-

1011 3608 1061 3663 rit.
1076 3554 1160 3662 Ebria
1175 3609 1294 3679 injustis
1308 3610 1369 3680 ejus
1385 3610 1593 3680 obligamentis.

1012 3713 1090 3769 Unde
1103 3712 1179 3780 mihi,
1195 3713 1230 3770 ad
1250 3713 1326 3782 cajus
1350 3713 1559 3774 sollicitudinem
1579 3716 1716 3788 pertinere
1730 3718 1776 3776 di·

977 3801 1130 3875 gnosceris,
1147 3816 1203 3856 non
1221 3809 1263 3857 est
1279 3802 1326 3856 tibi
1347 3803 1503 3859 tacendum.
1519 3805 1554 3860 Et
1569 3806 1632 3877 quia
1645 3822 1698 3880 ego
1713 3824 1777 3865 mo·

976 3889 1068 3947 nendo
1083 3897 1109 3945 et
1122 3897 1151 3945 tu
1175 3890 1328 3946 resistendo
1351 3889 1448 3947 luctari
1469 3893 1612 3965 coepimus,
1628 3903 1654 3951 et
1668 3904 1735 3967 puto
1748 3896 1777 3953 in
1799 3948 1801 3953 .

978 3979 1030 4035 lxac
1050 3978 1178 4050 praesenti
1199 3977 1345 4036 luctatione
1368 3996 1423 4036 non
1446 3989 1508 4037 aute
1532 3991 1645 4050 sextam,
1669 3991 1716 4040 aut
1729 4001 1777 4042 se-

977 4067 1101 4138 ptimam,
1117 4066 1162 4124 vel
1182 4083 1269 4140 usque
1284 4067 1318 4123 ad
1332 4069 1466 4124 decimam
1485 4070 1650 4128 volutionem
1664 4073 1777 4143 patieris

978 4155 1157 4211 succumbere
1173 4172 1180 4209 ι
1196 4171 1303 4227 nempe,
1319 4165 1347 4211 ut
1362 4156 1454 4225 timeo,
1480 4159 1560 4214 etiam
1584 4176 1647 4216 cum
1660 4161 1776 4229 ratione,

979 4243 1101 4313 veritate,
1118 4252 1199 4314 atque
1222 4243 1390 4311 auctoritate,
1407 4260 1440 4300 ac
1453 4246 1526 4300 nube
1541 4248 1660 4313 testium,
1676 4249 1777 4305 acriori

130 4333 243 4391 00011111
266 4326 368 4384 Paulus
382 4325 416 4382 de
432 4322 587 4394 hujusmodi
610 4322 704 4380 diceus
721 4340 727 4376 :
746 4322 814 4378 Cum
824 4336 927 4393 coquo·
981 4331 1071 4386 duello
1087 4330 1193 4387 Daretis
1208 4340 1235 4385 et
1248 4330 1347 4386 Entelli
1354 4332 1503 4400 justissime
1514 4333 1609 4399 victus,
1622 4334 1776 4402 etjuuieum

132 4424 237 4480 11311111
252 4421 352 4484 Deum,
368 4430 425 4471 11011
440 4415 514 4470 licui
528 4415 617 4469 9111111
626 4411 865 4484 9101111111111111.
877 4400 1109 4489 aetDjusrorum
1131 4419 1295 4475 clamoribus
1317 4419 1445 4490 percitus,
1472 4420 1528 4490 jam
1556 4422 1651 4476 subtus
1667 4422 1775 4490 jacens,

131 4512 232 4581 nutius
248 4507 381 4579 coenni.
397 4500 446 4558 1εᾶ
468 4504 647 4558 evanuerunt
663 4502 696 4556 in
712 4498 926 4577 scabinionibus
977 4506 1078 4563 rictum
1092 4515 1120 4561 te
1135 4507 1227 4563 dicere
1242 4523 1297 4562 non
1311 4507 1478 4580 dignaberis,
1496 4517 1592 4580 atquae
1606 4509 1642 4564 ad
1652 4510 1779 4567 tuamin·

131 4603 192 4666 1111,
202 4595 422 4656 ctobacurutum
430 4592 618 4663 estinaipicna
626 4587 926 4646 connumeramur
977 4594 1154 4650 structionem
1168 4602 1195 4648 et
1214 4595 1413 4666 correptionem
1436 4596 1485 4651 tibi
1508 4596 1607 4667 scripta
1631 4605 1704 4665 sunt,
1720 4613 1776 4656 nou

134 4690 203 4745 enim
212 4699 312 4744 cessae
321 4681 471 4754 1001111111,
488 4679 572 4736 stulti
581 4679 655 4751 sacti
664 4680 733 4734 aunt
743 4678 832 4748 (Rom.
843 4674 874 4747 1).
886 4675 927 4731 De
976 4681 1011 4736 ad
1024 4679 1232 4739 aedificationem
1246 4684 1388 4754 suscipies,
1401 4684 1450 4740 sed
1464 4685 1499 4740 ad
1514 4684 1715 4742 contentionem
1729 4703 1774 4743 ex·

134 4777 224 4847 quibus
240 4781 270 4829 et
283 4768 417 4828 Dominus
431 4767 467 4824 ad
480 4765 651 4825 Ezechielem
667 4766 828 4838 prophetam
842 4762 926 4820 dicit:
976 4786 1107 4843 aggerare
1121 4771 1252 4840 studebis,
1268 4780 1295 4827 et
1308 4788 1385 4827 more
1400 4782 1447 4828 tuo
1461 4780 1538 4828 sueto
1552 4781 1581 4827 ut
1590 4772 1707 4831 invictus
1722 4775 1772 4844 ais,

135 4865 235 4932 Patres,
256 4859 395 4933 inquiens,
419 4870 516 4915 eorum
531 4856 714 4930 prevaricati
729 4856 798 4910 sunt
810 4856 927 4926 pactum
977 4859 1172 4915 secutuslleliu
1186 4874 1383 4931 precursorem
1398 4860 1594 4932 arrogantium,
1610 4868 1637 4917 et
1652 4860 1680 4917 in
1694 4877 1773 4919 arro-

137 4969 222 5011 trcrcm
236 4964 327 5023 usquc
342 4946 379 5005 oti
392 4947 466 5005 diem
482 4947 564 5011 barac,
580 4949 608 5001 et
622 4944 678 5014 filii
692 4943 763 4999 doro
778 4942 884 4998 cervice
900 4943 928 4996 el
977 4946 1070 5019 gantis
1084 4963 1132 5002 sua
1148 4947 1364 5014 invictissimum,
1374 4947 1419 5018 qui
1429 4947 1494 5003 dixit
1506 4965 1512 5001 :
1524 4950 1629 5006 Plenus
1639 4967 1703 5007 sum
1712 4968 1773 5008 acr-

136 5039 294 5100 iadomnblli
309 5036 391 5096 corde
406 5039 483 5103 aunt,
498 5033 535 5090 od
545 5049 668 5107 quoscqo
685 5032 767 5089 mitto
779 5035 805 5087 tc
815 5029 925 5100 (Ecccb.

137 5131 168 5200 1).
184 5128 241 5186 Sed
254 5127 332 5199 prius
353 5125 433 5182 nobis
447 5140 481 5181 ex
497 5120 586 5181 verbis
600 5119 674 5176 beati
689 5117 817 5192 Gregorii
831 5116 928 5174 1110111-

137 5217 191 5274 tum
205 5225 248 5275 est
268 5212 335 5290 quid
353 5213 390 5271 sit
408 5219 520 5286 pactum
535 5227 542 5266 :
561 5230 573 5262 ι
590 5210 723 5280 inpacto,
738 5205 826 5279 inquit
841 5206 926 5278 (bom.

137 5308 188 5363 tin
202 5303 330 5374 lisccb.),
356 5298 569 5358 discordantium
592 5296 710 5369 partium
734 5294 857 5351 voluntas
874 5293 928 5347 im-

136 5393 224 5465 tlctnr,
239 5401 271 5450 ut
285 5391 429 5448 adactum
443 5405 523 5446 suum
538 5402 650 5460 quaque
669 5383 818 5458 perveniat,
834 5390 860 5439 et
870 5382 929 5452 jur-

134 5482 173 5555 gia
189 5481 351 5540 desiderato
373 5476 428 5536 dne
449 5475 603 5536 concludat.
627 5472 707 5546 Quod
729 5479 838 5543 pactum
859 5470 930 5528 inter

977 5035 1115 5105 monibus,
1127 5039 1288 5093 etcourctut
1296 5052 1340 5091 mc
1349 5037 1467 5107 spiritus
1476 5038 1553 5092 utari
1559 5037 1736 5111 meirloqnor
1743 5040 1773 5095 11

976 5122 1119 5194 respirabo
1123 5124 1283 5195 paululum,
1295 5124 1423 5196 operiam
1434 5125 1508 5181 lobio
1517 5126 1771 5198 mcoclrcspondc·

978 5211 1009 5266 bo
1019 5211 1077 5280 (lob
1087 5213 1191 5281 xxxii),
1210 5220 1235 5267 te
1247 5211 1317 5266 intra
1331 5219 1357 5266 te
1369 5212 1497 5268 cohibere
1512 5230 1566 5269 nou
1578 5213 1689 5284 poteris,
1703 5214 1770 5287 quin

978 5298 1119 5354 scientiam
1140 5307 1214 5354 tuam
1239 5298 1298 5354 sine
1317 5300 1420 5355 ratione
1434 5309 1461 5356 et
1475 5301 1632 5358 auctoritate
1648 5301 1771 5359 inauras

978 5385 1114 5442 incondite
1129 5394 1158 5440 ut
1173 5386 1245 5442 soles
1260 5403 1315 5443 non
1329 5387 1462 5460 proferas,
1479 5397 1505 5444 et
1520 5398 1547 5443 ut
1562 5405 1606 5446 me
1620 5389 1656 5446 ad
1670 5391 1774 5447 rescri-

977 5472 1097 5530 bendum
1111 5475 1275 5548 compellere
1297 5476 1397 5547 possis,
1414 5483 1546 5549 quatenus
1569 5479 1651 5535 horas
1674 5479 1774 5537 utilitat
