3794 6104
75 239 125 291 iti
826 229 1012 288 EPISTOLAE.
1687 236 1736 294 tos

73 363 140 436 gite,
158 369 187 416 et
200 361 270 416 alios
284 361 438 424 admonete,
455 359 519 431 quia
538 360 608 414 sicut
635 358 722 425 majus
737 353 917 426 peccatnmA
933 354 1180 424 depraedationibus
1194 363 1220 409 et
1227 354 1460 420 fornicationibus,
1479 365 1505 410 et
1529 356 1589 412 aliis
1605 357 1729 413 crimini·

74 467 124 506 vos
140 459 289 521 peccantes
305 449 409 503 hebetis
425 464 504 519 quam
533 447 659 517 populus,
682 445 722 500 sic
750 443 882 511 majorem
933 443 1058 514 busqnae
1072 452 1198 516 mergunt
1216 445 1320 515 eosqui
1338 444 1503 500 illataeiunt
1532 445 1559 499 in
1586 445 1731 512 insemum,

74 539 192 612 gloriam
222 538 297 608 apud
326 537 412 592 Deum
437 537 581 601 babebitis,
602 536 626 589 si
647 550 697 589 vos
721 549 753 587 ac
777 540 884 586 vestros
934 531 1071 585 etdeillis
1087 532 1184 602 quaein
1200 548 1258 587 mea
1280 533 1411 602 parochia
1434 531 1505 587 facta
1524 534 1641 597 bebetis,
1666 550 1735 590 con-

75 627 273 694 custodieritis,
303 635 329 680 et
353 626 421 680 alios
450 624 655 690 admonueritis,
682 622 798 677 scientes
819 617 883 689 quia
935 618 1082 673 sessionem
1105 636 1202 690 puram
1224 629 1250 674 et
1278 621 1387 693 dignam
1409 621 1596 690 poeniteutiam
1617 621 1733 678 faciatis.

76 717 121 789 qui
135 716 261 770 converti
277 714 339 770 facit
364 731 447 770 unum
463 722 636 785 peccatorem
658 713 693 767 ab
714 723 807 766 errore
832 705 883 761 vias
934 707 1001 775 Quae
1017 708 1086 763 mala
1101 709 1180 763 vobis
1204 718 1230 764 et
1240 710 1364 763 omnibus
1380 710 1541 765 Christianis
1556 711 1657 766 Paulus
1672 728 1735 782 apo
1772 731 1776 736 ·

75 821 140 872 snae,
158 804 306 875 quidinde
326 804 456 875 sequitur,
474 802 677 874 quantomagis
701 799 724 854 si
751 796 829 852 vobis
858 802 884 849 et
934 796 1173 852 stoluseuumerat
1188 799 1282 853 dicens
1299 816 1305 852 :
1323 800 1414 854 b'otite
1429 801 1736 873 erroneosqueidotia

77 892 187 957 vestris,
219 893 374 964 dequibus
402 891 534 946 rationem
565 890 697 957 reddetis,
715 885 882 942 adsalutem
933 888 1194 957 servientes,ncqae
1206 887 1436 960 adulteramque
1445 889 1553 955 molles,
1565 905 1652 962 neque
1661 905 1737 947 mee-

78 981 223 1038 censulere
239 981 417 1036 studueritis?
433 981 549 1036 Domino
565 980 646 1035 etiam
670 985 763 1033 nostro
783 973 841 1045 regi
857 977 884 1026 et
933 976 1277 1039 catoremconcnbitorca,
1293 993 1381 1047 neque
1389 980 1479 1046 teres.
1493 980 1679 1049 nequeneeri,
1692 996 1738 1036 ne-
1775 1011 1777 1014 >

78 1070 253 1126 amabiliores
268 1079 294 1125 et
313 1071 524 1125 venerabiliores
539 1069 623 1136 eritis,
641 1076 666 1124 et
688 1064 810 1122 securius
832 1075 882 1115 voa
933 1080 985 1137 que
995 1066 1104 1129 ebriosi,
1124 1079 1213 1136 rreqae
1231 1065 1372 1128 nrnfcdici,
1394 1082 1482 1137 neque
1492 1083 1608 1138 rapaces
1617 1085 1737 1139 repnam

78 1160 120 1214 ille
135 1160 271 1216 Ecclesiis
294 1157 444 1230 preficere,
462 1160 571 1230 quaudo
600 1161 676 1215 locus
705 1149 837 1212 evenerit,
852 1171 880 1221 ,ι
932 1153 1336 1224 Deipoasidebuntthomr.
1354 1156 1391 1216 9),
1408 1153 1430 1206 si
1447 1155 1488 1207 vel
1503 1153 1531 1207 iu
1554 1170 1608 1209 uno
1626 1155 1735 1212 deistis

80 1264 127 1302 nos
141 1265 194 1305 vos
209 1249 342 1304 audacius
356 1256 382 1303 et
407 1248 561 1311 amabilius,
582 1256 647 1302 nutu
673 1249 722 1304 Dei
746 1260 772 1305 et
796 1251 882 1324 ipsius
932 1240 1053 1309 191111ῑὶ8
1068 1240 1224 1312 quicunque
1253 1241 1376 1295 ¹¹⁰¹1¹f¹¹08
1391 1242 1474 1296 lissam
1504 1242 1584 1296 islam
1605 1242 1734 1312 finierim.

81 1337 181 1393 domini
197 1337 284 1393 nostri
298 1336 401 1405 favore,
418 1336 545 1391 ordinare
560 1337 719 1393 valebimus,
932 1325 965 1379 Et
980 1325 1079 1380 iterum
1098 1325 1171 1380 idem
1186 1325 1284 1380 Paulus
1300 1326 1439 1396 apostolus
1453 1326 1537 1381 dicit:
1555 1329 1584 1384 Si
1600 1329 1660 1399 quis
1678 1332 1744 1400 fre·

932 1417 985 1476 ter,
997 1413 1074 1468 idest
1090 1414 1112 1468 si
1128 1413 1189 1485 quis
1199 1414 1379 1480 Christianus,
1396 1417 1574 1480 norninetar,
1585 1421 1612 1470 et
1622 1421 1664 1472 cst
1673 1421 1734 1489 sor·

345 1487 515 1545 ΕΡΙδΤΟῙιΑ
530 1488 616 1544 ΧῊΙ·
931 1504 1051 1567 niceto,
1061 1507 1112 1557 eret
1123 1519 1236 1568 acorna,
1249 1508 1302 1558 ont
1316 1504 1542 1571 inolescentem,
1551 1508 1601 1560 cat
1612 1506 1735 1564 ebriosae

182 1617 218 1659 m
239 1619 435 1658 pnsum-gnos
450 1617 589 1658 fflOEcgffls
607 1617 776 1660 flflfflfflNffls,
931 1592 1157 1660 ltttfmfllssdissffs,
1169 1597 1220 1648 (lut
1232 1609 1332 1663 rapax,
1345 1609 1407 1647 cum
1422 1593 1469 1648 fall
1486 1593 1597 1648 homine
1625 1610 1675 1650 nec
1693 1595 1736 1651 (31·

88 1721 116 1777 ta
138 1720 467 1777 eaeornmnnicationem
478 1717 649 1773 denuntient
665 1719 701 1773 iis
717 1722 764 1791 qai
781 1737 813 1775 oc
828 1721 878 1777 de·
893 1679 995 1776 Bbum
1010 1680 1090 1734 debet
1105 1696 1186 1735 verus
1202 1680 1371 1735 Christianus
1381 1681 1506 1780 πώρῳ
1518 1682 1542 1751 (Ι
1555 1682 1616 1737 CW’
1634 1698 1662 1748 γ’
1680 1683 1735 1755 m·
1808 1767 1812 1776 .

140 1791 367 1863 pacationem
388 1789 528 1845 admoniti
543 1805 601 1845 non
623 1789 826 1845 abstinuermp
934 1769 966 1822 Et
981 1775 1079 1822 iterum
1091 1769 1156 1822 dicit
1173 1786 1178 1822 ι
1197 1770 1257 1825 Non
1271 1770 1553 1841 soturriqnituctant,
1565 1771 1614 1825 sed
1638 1775 1666 1826 et
1688 1773 1737 1844 qai

932 1859 1115 1912 consentiunt
1130 1858 1310 1927 facientibus,
1324 1858 1480 1929 dianisant
1500 1859 1689 1925 mortefflom.
1714 1874 1733 1927 t,

933 1948 987 2006 31).
1001 1945 1135 2013 Quoniam
1147 1945 1215 2000 sicut
1230 1946 1397 2000 domonstrat
1407 1956 1517 2002 sanctus
1528 1948 1737 2020 Jonnncsapoa·

114 2030 457 2103 limcuanusjlibemorum
473 2029 617 2099 episcopus
631 2030 757 2084 omnibus
767 2031 884 2103 presby·
932 2033 1014 2096 tolus,
1031 2033 1077 2104 qui
1088 2033 1168 2089 alicui
1184 2034 1321 2089 consentit
1335 2034 1396 2088 talia
1412 2036 1482 2089 rrrala
1497 2035 1599 2102 facere,
1616 2036 1643 2090 id
1658 2046 1700 2092 est
1710 2037 1734 2093 si

86 2121 145 2175 teris
160 2121 188 2174 iu
204 2120 335 2190 parochia
352 2127 445 2173 nostra
461 2118 681 2172 consistentibus.
933 2123 961 2176 in
972 2138 1033 2176 eum
1049 2122 1195 2178 emendare
1206 2131 1304 2192 potest,
1322 2123 1413 2176 antilli
1429 2132 1519 2193 potest
1534 2132 1663 2179 vetarent
1680 2142 1735 2182 nou

113 2210 190 2264 Sicut
203 2208 284 2263 vobis
300 2224 372 2277 saepe
387 2206 452 2271 dixi,
464 2206 619 2261 sacerdotes
634 2206 732 2261 medici
747 2216 810 2261 suut
823 2208 881 2278 spi·
933 2210 1023 2274 faciat,
1040 2219 1084 2265 aut
1096 2211 1119 2264 si
1134 2211 1216 2265 talem
1230 2227 1286 2265 non
1302 2219 1390 2281 potest
1415 2212 1565 2284 corrigere,
1582 2221 1608 2267 et
1624 2214 1657 2267 ab
1673 2213 1736 2270 illus

84 2298 177 2366 ritales,
195 2305 224 2352 et
241 2297 341 2349 infirmi
357 2295 480 2350 homines
495 2304 558 2348 sunt
573 2304 739 2364 peccatores.
763 2296 797 2350 Et
819 2295 894 2352 licet'
933 2315 963 2354 se
978 2299 1266 2370 potestcommunione
1282 2316 1420 2370 separare,
1437 2309 1465 2355 et
1488 2317 1541 2355 non
1560 2300 1632 2367 facit,
1656 2319 1735 2358 com-

85 2402 128 2441 uos
142 2394 308 2456 peccatores
318 2385 412 2452 simus,
430 2391 519 2439 tamen
535 2383 691 2456 dignatione
707 2384 756 2438 Dei
766 2384 882 2440 officinm
933 2390 1064 2444 nienicct
1095 2396 1121 2443 et
1140 2389 1276 2459 particeps
1295 2397 1336 2443 est
1357 2390 1484 2460 operibns
1505 2392 1584 2445 itlius
1602 2392 1736 2463 maianis

85 2475 193 2530 nnandi
208 2483 370 2545 peccatores
386 2472 555 2542 suscepimus
568 2491 575 2536 3
601 2473 670 2526 sicut
681 2489 754 2543 saepe
782 2474 883 2530 medici
933 2479 970 2540 (11
980 2478 1060 2532 fourr.
1079 2477 1131 2537 ιιι).
1144 2479 1179 2531 Et
1190 2478 1265 2544 ideo,
1285 2476 1384 2532 fratres
1398 2487 1424 2531 et
1447 2477 1504 2543 filit,
1522 2479 1614 2534 videte
1629 2488 1738 2551 quantae

84 2578 191 2634 corpore
207 2562 309 2616 infirmi
329 2578 379 2633 per
393 2560 579 2633 magisterium
602 2561 744 2616 medicinae
759 2561 882 2617 infirmos
933 2566 1050 2621 miseriae
1065 2573 1091 2619 et
1106 2566 1140 2621 de
1166 2566 1280 2638 paganis
1290 2575 1317 2620 et
1332 2567 1365 2620 de
1390 2566 1451 2620 aliis
1471 2567 1550 2621 malis
1573 2569 1734 2625 Christianis

84 2653 166 2707 solent
179 2668 287 2706 sanare.
305 2653 338 2705 111
354 2650 460 2721 quando
474 2650 572 2704 usitata
594 2649 737 2704 infimritas
760 2651 833 2705 venit
855 2651 882 2706 in
933 2670 1081 2725 supernos
1097 2655 1216 2720 veniunt,
1233 2662 1260 2708 et
1275 2654 1394 2724 quotidie
1410 2654 1455 2724 qni
1470 2654 1520 2709 ista
1534 2656 1605 2710 mala
1619 2656 1732 2723 faciunt,

81 2742 161 2814 liquo,
176 2741 306 2795 usitatam
322 2739 424 2794 faciunt
444 2738 610 2794 medicinam
626 2757 632 2802 ;
651 2740 759 2810 quando
791 2749 881 2794 autern
933 2742 967 2797 de
983 2742 1033 2796 isto
1049 2741 1149 2797 saeculo
1165 2758 1198 2795 ex
1218 2741 1313 2810 majori
1330 2749 1406 2811 parte
1433 2742 1468 2796 nd
1498 2751 1643 2813 tormenta,
1673 2760 1733 2816 quae

83 2829 209 2884 inusitato
237 2827 381 2882 infirmitas
410 2827 532 2881 nascitur
558 2825 675 2895 infirmo,
691 2827 725 2881 de
741 2826 882 2884 medicinae
933 2831 992 2884 sine
1007 2829 1070 2894 fme,
1087 2845 1136 2899 pro
1151 2829 1303 2884 malefactis
1323 2847 1385 2901 quae
1406 2831 1529 2900 inparve
1549 2840 1672 2903 tempore
1691 2832 1735 2888 fe-

83 2919 268 2989 erpcrimento
283 2915 437 2970 inusitatam
461 2914 561 2969 medici
576 2913 676 2969 faciunt
704 2915 877 2970 medicinam.
933 2926 1028 2974 cerunt
1038 2919 1138 2972 mortui
1154 2919 1273 2984 vaduut;
1289 2927 1315 2972 et
1331 2919 1457 2974 timentes
1467 2920 1517 2974 Dei
1530 2920 1673 2990 judicium,
1690 2940 1736 2978 rc-

84 3007 242 3078 Propterea,
272 3005 379 3072 fratres,
407 3003 593 3074 unusquisque
608 3011 729 3057 vestrum
758 3004 880 3073 quoties·
933 3008 1033 3062 trahite
1049 3023 1099 3062 vos
1115 3007 1149 3061 ab
1168 3006 1219 3060 ista
1235 3007 1328 3077 rapina
1351 3015 1377 3061 et
1401 3023 1417 3062 a
1437 3008 1544 3063 caeteris
1571 3009 1733 3066 malefactis.

358 1903 448 1976 (Apud
468 1904 617 1975 cumdem.)

82 3111 187 3167 cunque
204 3101 296 3150 cantat
310 3093 432 3157 missam,
449 3108 535 3162 usqne
551 3091 615 3145 dum
643 3091 696 3145 ista
711 3107 793 3161 quam
811 3065 916 3162 pati·C
932 3095 1047 3150 Maxime
1063 3095 1090 3149 in
1107 3095 1158 3149 isto
1175 3103 1305 3166 tempore,
1323 3095 1431 3166 quando
1459 3097 1513 3150 alia
1537 3107 1733 3171 peccataque

82 3200 138 3240 mur
154 3183 264 3238 miseria
282 3183 308 3236 in
323 3181 452 3252 parocbia
467 3188 559 3234 nostra
573 3179 731 3244 cessaverit,
754 3181 880 3251 quoniam
932 3200 981 3255 per
996 3192 1080 3238 totum
1097 3199 1197 3238 annum
1212 3184 1282 3239 sicut
1301 3184 1414 3256 fragiles
1422 3184 1546 3240 homines
1554 3188 1731 3255 committitis,

82 3275 145 3329 tales
160 3273 288 3328 homines
316 3278 378 3324 sunt
399 3269 445 3341 qui
474 3285 528 3323 non
543 3277 656 3339 propter
684 3268 809 3337 salutem,
833 3270 881 3325 sed
932 3274 1061 3343 paenitere
1076 3279 1102 3327 et
1117 3272 1273 3328 satisfacere
1298 3273 1355 3329 Deo
1382 3272 1445 3327 inde
1473 3273 1588 3340 debetis,
1606 3284 1634 3330 ut
1661 3292 1736 3332 com·

80 3371 194 3433 propter
209 3359 446 3425 consuetudinem,
469 3358 503 3411 ad
532 3356 675 3412 ecelesiam
704 3357 825 3421 veniunt,
855 3367 882 3413 et
931 3362 1089 3416 munionem
1103 3361 1227 3431 corporis
1243 3369 1269 3415 et
1292 3360 1432 3432 sanguinis
1447 3361 1556 3415 Domini
1571 3363 1598 3416 in
1613 3365 1732 3419 sanctis·

82 3467 166 3523 nsque
181 3450 217 3504 ad
232 3447 423 3519 Evangelium
437 3447 514 3515 juxta
529 3447 602 3516 quod
616 3446 667 3499 ista
676 3446 882 3515 praedicareris
933 3448 1001 3504 simo
1017 3450 1060 3504 die
1071 3449 1265 3518 redemptionis
1281 3457 1382 3502 nostrae
1397 3464 1452 3503 non
1472 3450 1505 3503 ad
1518 3450 1659 3517 judicium,
1683 3452 1733 3509 sed

83 3539 212 3604 buerntis,
229 3538 258 3591 in
272 3536 355 3590 missa
370 3544 442 3591 stare
465 3535 554 3589 solent
578 3541 604 3589 et
628 3535 768 3599 recedunt,
793 3536 882 3590 statim
932 3538 1091 3592 adsalutem
1106 3537 1229 3607 accipere
1245 3536 1365 3606 possitis.
1383 3536 1453 3605 Quia
1478 3536 1500 3590 si
1526 3537 1587 3608 quis
1614 3539 1648 3593 de
1673 3540 1732 3597 istis

81 3636 139 3699 post
154 3626 326 3698 Apostolum,
343 3625 368 3679 id
385 3631 426 3679 est
440 3632 501 3695 post
516 3623 674 3693 Epistoiam,
693 3624 763 3677 banc
787 3624 882 3680 admo·
932 3627 1051 3697 peccatis
1079 3627 1175 3695 pleuns
1199 3626 1233 3678 ad
1262 3624 1336 3679 illam
1363 3633 1486 3680 sanctam
1510 3627 1731 3684 communionem

81 3717 348 3772 uitiouemnostram
363 3714 398 3767 ab
427 3713 502 3767 initio
523 3728 610 3782 usquo
634 3712 669 3767 ad
699 3710 790 3779 tinem,
821 3728 883 3768 curn
932 3715 1090 3783 accesserit,
1106 3714 1164 3768 sine
1180 3713 1262 3769 dubio
1287 3730 1363 3768 suam
1392 3714 1574 3783 perditionem
1603 3712 1729 3786 accipiet,

83 3805 171 3860 verbis
184 3804 326 3875 prophetae
348 3801 392 3857 vel
420 3801 542 3871 Apostoli
570 3800 663 3873 legite,
695 3802 757 3872 quia
780 3802 882 3856 utinam
933 3801 1440 3873 sicutetJudasfecit,quiDominum
1455 3802 1574 3869 tradidit,
1592 3804 1732 3876 etlaqueo

83 3910 135 3950 uon
150 3892 332 3961 adjudicium
348 3898 467 3944 nostrum
483 3890 614 3958 dicamus,
639 3898 728 3945 etnos
752 3892 882 3961 Deiapo·
933 3892 1190 3964 strangulatusque
1212 3907 1242 3945 se
1271 3890 1411 3960 suspendit
1440 3891 1680 3964 mediuscrepuit,
1706 3902 1735 3951 et

83 3982 152 4043 stoli,
169 3981 198 4035 id
213 3989 254 4034 est
270 3979 319 4033 Dei
334 3977 410 4032 missi
425 3995 527 4032 sumus.
544 3979 578 4033 Ut
603 3978 730 4048 qnoniam
755 3979 883 4050 ipseper
932 3980 1037 4035 diffusis
1053 3981 1204 4036 visceribus
1222 3980 1249 4033 in
1277 3978 1413 4034 infernum
1441 3980 1571 4050 perrexit.
1597 3980 1732 4050 Quoniam

82 4069 251 4141 corporalem
265 4066 437 4138 praesentiam
459 4066 498 4120 eis
513 4065 557 4137 qui
586 4065 613 4118 in
640 4067 768 4136 parochia
792 4075 882 4122 nostra
933 4069 1003 4124 sicut
1016 4068 1061 4122 iile
1076 4067 1221 4122 Dominum
1235 4068 1337 4122 ludaeis
1361 4067 1482 4137 tradidit,
1497 4069 1535 4122 ita
1558 4069 1610 4124 iste
1634 4086 1732 4142 corpus
1789 4055 1793 4064 ¹

83 4166 157 4213 tanta
166 4157 239 4212 mala
255 4155 526 4210 faciuntannuutiare
541 4170 596 4208 non
624 4170 746 4224 possum,
769 4156 883 4210 verbum
933 4164 960 4211 et
982 4155 1144 4225 sauguinem
1171 4155 1269 4210 Christi
1293 4154 1430 4226 accipiens
1458 4158 1649 4225 peccatoribus
1673 4159 1731 4214 suis
1773 4201 1777 4209 ,

83 4247 129 4303 Dei
145 4264 197 4318 per
211 4262 262 4300 nos
277 4245 312 4298 ad
328 4243 596 4308 illustransmissum,
614 4244 686 4313 quod
702 4244 806 4317 alligari
817 4260 883 4315 qua·
933 4244 1063 4299 membris
1076 4245 1103 4298 in
1127 4244 1384 4300 condemnationem
1399 4244 1488 4300 tradit.
1499 4247 1533 4301 Et
1543 4246 1577 4300 de
1591 4247 1643 4302 hoc
1659 4248 1733 4318 quod

84 4352 188 4407 cumprc
218 4332 375 4388 infirmitate
400 4349 454 4386 non
477 4338 581 4402 potest,
613 4331 666 4387 illis
694 4349 786 4387 eorum
811 4333 883 4387 salu·
933 4334 1141 4403 illepassusest
1163 4333 1296 4388 inanima
1316 4333 1399 4387 simul
1426 4342 1453 4389 et
1482 4349 1607 4403 corpore,
1633 4336 1731 4392 multos

83 4435 134 4479 tem
149 4423 301 4479 annuntiet.
318 4422 351 4475 Et
365 4429 440 4475 orate
464 4435 512 4491 pro
527 4420 579 4473 illis
594 4429 621 4474 et
635 4437 684 4490 pro
700 4422 778 4476 nobis
793 4417 915 4479 omui-D
931 4430 1073 4492 exspectat
1088 4421 1219 4475 Dominus
1234 4421 1268 4475 ad
1291 4421 1487 4491 poeniteutiam,
1514 4430 1541 4475 ut
1556 4438 1610 4477 non
1629 4424 1733 4493 patiau·
1784 4450 1787 4454 ⁴

82 4511 141 4577 bus,
157 4520 188 4565 ut
201 4510 254 4582 ipsi
268 4509 456 4579 resip'scanta
471 4507 577 4578 laqueis
591 4508 700 4574 diaboli,
718 4525 733 4562 a
748 4525 802 4581 quo
813 4509 883 4580 capti
932 4510 1015 4564 turin
1030 4525 1155 4580 corpore.
1172 4508 1274 4564 Omnes
1289 4519 1380 4565 autem
1395 4510 1543 4564 malebanc
1562 4511 1732 4566 communio-

84 4600 247 4656 tenenturad
263 4598 311 4653 Dei
335 4597 510 4663 voluntatem,
532 4605 559 4651 et
587 4598 661 4652 Deus
676 4597 755 4653 nobis
779 4599 884 4668 patien-
932 4615 995 4653 nem
1014 4599 1179 4670 accipientes
1193 4598 1334 4668 patiuntur
1344 4599 1372 4652 in
1400 4598 1490 4652 anima
1511 4605 1538 4652 et
1551 4598 1679 4668 peribunt
1703 4599 1730 4655 in

85 4689 144 4744 tiam
160 4687 310 4743 sufferendi
333 4687 423 4751 donet,
444 4694 470 4740 et
496 4686 692 4740 liberetnosa
720 4687 798 4741 maiis
822 4704 883 4759 quae
931 4696 1074 4753 aeternum,
1091 4687 1143 4742 nisi
1165 4688 1214 4742 Dei
1229 4687 1316 4760 gratia
1339 4686 1436 4741 fuerint
1464 4685 1570 4740 liberati
1596 4703 1646 4757 per
1671 4703 1730 4759 poe·

81 4787 197 4858 patimur
212 4793 325 4856 propter
340 4791 451 4854 peccata
466 4791 569 4847 nostre,
599 4793 625 4837 et
657 4784 702 4838 det
731 4799 826 4854 pacem
855 4785 884 4839 in
932 4777 1133 4831 nitentiam.l)e
1155 4776 1213 4830 istis
1237 4792 1297 4848 quae
1307 4775 1368 4830 dico
1378 4782 1468 4843 potest
1483 4772 1540 4828 fieri
1557 4783 1585 4830 ut
1603 4775 1730 4833 diabolus

84 4875 177 4929 diebus
205 4873 317 4929 nostris,
347 4872 382 4926 Ει
409 4871 557 4927 admonitio
581 4880 675 4927 nostra
697 4873 731 4927 ad
758 4873 819 4927 {1105
839 4881 882 4927 ra.
932 4867 1056 4920 humanae
1070 4866 1163 4920 salutis
1184 4865 1309 4920 iuimicus
1337 4863 1460 4917 immittat
1489 4863 1614 4919 incorda
1639 4873 1731 4922 vestra

77 4961 110 5019 lis
126 4970 176 5020 est,
933 4971 995 5009 cnm
1005 4954 1102 5009 auditis
1117 4953 1190 5025 quod
1213 4953 1265 5007 talc
1289 4950 1440 5029 periculum
1467 4952 1502 5007 sit
1516 4954 1588 5010 hanc
1609 4963 1729 5011 sanctam

119 5054 220 5107 Precor
233 5067 283 5106 vos
298 5065 393 5105 omnes
408 5050 434 5103 in
458 5064 549 5104 amore
560 5048 620 5115 Dei,
639 5050 806 5122 legationem
822 5050 881 5120 ejus
933 5043 1151 5099 communionem
1173 5041 1316 5110 accipere,
1345 5041 1368 5094 ai
1380 5041 1415 5095 ab
1428 5040 1615 5113 iniquitatibus
1631 5043 1729 5099 vestris

83 5148 205 5213 portans,
221 5139 424 5211 peerristum,
442 5139 487 5209 qui
501 5154 552 5209 pro
566 5138 644 5193 vobis
665 5138 808 5194 crucifixus
831 5147 881 5207 est,
933 5148 982 5189 vos
996 5148 1050 5187 non
1065 5130 1145 5185 vultis
1160 5131 1308 5194 retzaberc,
1328 5129 1459 5186 etdicatis
1475 5148 1480 5186 :
1498 5131 1526 5185 Si
1541 5132 1595 5186 tale
1617 5131 1728 5201 pericu·

84 5238 109 5284 et
124 5246 173 5300 per
186 5229 316 5299 Spiritum
336 5236 466 5293 sanctum,
491 5243 541 5298 per
565 5243 647 5299 quem
673 5227 702 5281 in
722 5228 882 5299 baptismate
933 5221 1037 5276 lumest
1053 5219 1140 5284 nobis,
1159 5218 1228 5273 sicut
1249 5217 1300 5272 iste
1325 5219 1469 5290 episcopus
1484 5219 1557 5285 dicit,
1574 5220 1728 5275 communi-

84 5317 242 5374 sauetifrcati
272 5316 347 5382 estis,
372 5325 423 5371 tam
443 5317 488 5389 qui
513 5317 547 5372 de
576 5316 704 5387 parocbia
731 5333 793 5372 mea
818 5317 883 5373 estis
932 5327 1006 5373 care,
1023 5308 1218 5363 abstinebimus
1227 5308 1319 5363 nesab
1329 5307 1376 5363 illa
1386 5308 1585 5376 communione,
1598 5309 1663 5380 quia
1673 5325 1728 5368 non

85 5423 166 5482 quam
181 5415 208 5463 et
221 5422 271 5463 vos
296 5406 342 5478 qui
370 5405 403 5462 de
426 5406 488 5462 aliis
513 5405 652 5478 parochiis
678 5407 706 5461 in
727 5407 883 5476 parochiam
931 5396 1155 5454 retrahimusnos
1170 5411 1187 5452 a
1202 5397 1275 5453 1111113,
1289 5395 1458 5468 operatione.
1476 5396 1553 5453 Unde
1566 5397 1668 5455 lterum
1681 5416 1729 5456 au·

83 5496 163 5554 barn
177 5494 291 5553 remitis
308 5502 335 5551 et
348 5494 457 5563 venitis,
472 5501 503 5552 nt
517 5493 678 5552 abstientia
692 5508 742 5552 ves
756 5493 792 5553 ab
822 5494 881 5553 istis
932 5492 987 5548 dite
995 5491 1201 5564 quibusmue
1216 5492 1342 5553 (11110111
1363 5492 1415 5550 ista
1438 5501 1570 5553 autumat.
1593 5492 1728 5564 Quoniam
