3794 6104
141 191 176 249 ‘l
626 189 796 245 lllNClllllll
812 186 1010 243 RHEMENSlS
1024 187 1299 246 lncflrartscort.
1759 191 1791 246 tt

139 315 184 371 nia
198 313 348 372 decretalia
369 313 525 378 constituta,
550 319 606 369 tam
628 313 715 370 beatas
737 311 976 373 recordationisA
990 312 1073 379 sedis,
1096 313 1269 386 regularibus
1290 313 1389 369 vestris
1419 312 1633 382 diffinitionibus,
1656 314 1791 370 sollicitus

143 403 294 460 mnocentii
319 418 401 475 quam
419 402 540 459 omnium
568 403 744 458 decessorum
771 408 937 467 nostrorum,
990 417 1102 458 servare
1124 402 1255 457 unitatem
1270 400 1382 472 spiritus
1397 401 1425 455 in
1438 401 1547 457 vinculo
1567 403 1653 473 pacis,
1670 418 1791 459 consen-

141 509 203 565 quae
216 493 252 549 de
268 490 462 548 ecclesiasticis
476 491 617 548 ordinibus
631 499 657 545 et
666 506 800 546 canonum
821 489 940 561 promul·
988 490 1064 546 tiam.
1082 489 1134 558 Qui
1150 490 1266 546 istorum
1287 489 1410 558 fratrum,
1437 491 1471 544 de
1497 491 1595 562 quibus
1618 491 1721 564 agitur,
1746 492 1790 547 vel

140 589 205 654 gata
219 588 281 635 sunt
291 579 494 652 disciplinis,ita
509 595 525 634 a
539 587 628 634 vestra
642 579 787 634 dilectione
804 577 937 634 custodiri
989 594 1213 650 quorumcunque
1228 578 1345 634 aliorum
1369 577 1490 634 felicitati
1514 595 1569 633 non
1592 580 1713 643 invideo,
1738 595 1789 635 nec

142 670 244 726 debere
267 669 440 739 mandamus,
465 675 494 723 ut
516 668 622 739 siquis
644 668 671 721 in
695 667 740 723 illa
761 667 937 734 commiserit,
989 682 1178 738 quameunque
1206 668 1393 722 malitiameos
1410 683 1508 723 nocere
1536 666 1653 722 festino:
1672 683 1789 738 quorum

140 758 248 815 veniam
263 758 315 813 sibi
329 758 459 829 deinceps
473 756 576 813 noverit
595 756 736 829 denegari.
756 776 767 806 s
785 757 815 810 ln
831 771 894 826 qua,
910 762 940 810 ut
989 754 1128 811 salubrem
1143 771 1175 811 ac
1190 755 1345 828 regularem
1357 763 1454 811 statum
1478 764 1505 810 et
1530 755 1620 826 cupivi
1645 763 1672 811 et
1696 757 1787 827 cupio,

138 846 243 918 regulae
258 862 342 903 sacrm
357 846 460 910 dicum,
476 843 600 916 perlecta
623 853 650 899 et
674 843 806 900 canonica
829 844 938 914 episco-
988 851 1014 899 et
1029 844 1141 915 quaesivi
1157 851 1183 898 et
1198 860 1301 915 quaero,
1318 850 1345 897 et
1359 844 1393 898 de
1407 859 1522 916 quorum
1537 844 1690 913 dejectione
1715 844 1788 900 dolui

138 951 238 1007 porum
254 935 373 1006 quinque
388 932 590 1004 provinciarum
605 932 719 1003 synodo,
737 932 866 1004 quoniam
881 932 937 988 Ec·
988 931 1055 987 satis
1069 947 1103 988 ac
1118 932 1207 998 doleo,
1225 933 1288 1004 quia
1303 948 1383 987 nemo
1398 933 1485 1001 majus
1500 933 1673 1002 dispendium
1684 933 1719 988 de
1731 933 1788 988 illo

137 1022 229 1080 clesiae
240 1022 306 1078 mihi
321 1021 475 1079 commissae
498 1019 547 1075 lilii
568 1019 696 1075 finitimos
720 1019 866 1091 episcopos
888 1035 938 1090 pro
988 1036 1048 1074 rum
1062 1020 1212 1089 dejectione
1227 1021 1310 1076 babet
1324 1037 1406 1092 quam
1430 1007 1492 1092 ego.
1518 1020 1603 1087 Quos,
1627 1021 1696 1076 sicut
1721 1021 1787 1076 mibi

136 1128 217 1167 causa
233 1126 283 1166 sua
297 1109 514 1181 interpellarunt,
532 1118 559 1163 et
579 1108 733 1177 hujusmodi
748 1107 847 1163 Airicae
870 1123 937 1179 pro·
987 1108 1103 1164 domnus
1126 1109 1292 1181 apostolicus
1315 1109 1502 1180 dignatusest
1526 1109 1657 1174 scribere,
1681 1111 1786 1178 justum

140 1197 236 1255 vinciae
250 1213 370 1254 canones
385 1196 475 1268 (conc.
493 1195 565 1267 Δίῃ,
578 1211 637 1251 can.
660 1194 706 1263 92)
729 1195 834 1251 vicinos
862 1195 936 1266 epis·
987 1197 1052 1267 quid
1074 1197 1117 1252 vel
1138 1197 1213 1268 pium
1235 1196 1365 1266 sentiens,
1389 1197 1447 1252 sine
1468 1197 1656 1252 retractatione
1680 1198 1708 1252 in
1730 1199 1786 1254 suis

138 1302 222 1358 copos
245 1287 350 1350 audire,
375 1292 402 1340 et
425 1284 497 1338 inter
518 1299 566 1339 eos
588 1300 619 1338 ac
639 1283 779 1354 proprium
803 1283 937 1338 adhibitos
986 1285 1129 1340 ordinibus
1140 1301 1275 1340 consensu
1290 1301 1321 1340 ac
1342 1285 1446 1354 judicio
1468 1285 1693 1356 coepiscoporum
1719 1287 1787 1342 ttbe-

134 1377 170 1431 ab
185 1375 225 1431 cis
240 1374 386 1447 episcopos
397 1372 494 1442 jubent
518 1371 714 1443 querimoniam
731 1370 866 1427 diffinire:
884 1387 937 1443 ego
986 1372 1088 1429 mensis
1103 1373 1251 1444 provincias
1265 1373 1408 1429 restituere
1424 1383 1599 1441 maturarem,
1617 1373 1640 1427 si
1664 1374 1727 1428 illos
1751 1375 1785 1429 ab

136 1463 283 1521 Vuliadum
296 1469 323 1518 et
344 1461 466 1534 collegas
490 1461 547 1529 ejus
569 1476 624 1515 non
640 1459 768 1528 judicavi,
790 1476 878 1531 neque
901 1459 936 1514 ab
986 1462 1089 1517 eisdem
1105 1462 1235 1534 gradibus
1250 1478 1311 1517 cum
1326 1478 1420 1517 eorum
1432 1470 1535 1517 tautum
1546 1462 1650 1532 judicio
1665 1463 1784 1531 deiecis-

138 1550 279 1608 0rdinibus
296 1549 488 1606 ecelesiasticis
503 1548 596 1619 populi
609 1548 652 1604 vel
671 1547 768 1616 dejeci,
785 1564 836 1603 nec
854 1548 936 1603 etiam
986 1565 1054 1605 sem.
1066 1551 1108 1606 Ad
1124 1551 1197 1622 quod
1216 1566 1270 1617 nie,
1293 1551 1369 1620 juxta
1393 1551 1450 1620 ejus
1473 1551 1557 1607 verba
1577 1550 1783 1621 discretissima,

136 1656 199 1697 ctnn
218 1638 355 1709 judicibus
377 1653 471 1694 eorum
493 1636 653 1707 subscripsi,
679 1636 747 1691 sicut
770 1645 869 1692 norunt
889 1636 935 1708 qui
950 1637 1050 1723 Bquia
1065 1654 1113 1693 eos
1127 1654 1183 1693 non
1203 1638 1299 1708 dejeci,
1326 1638 1397 1694 llecti
1418 1638 1517 1693 munda
1538 1638 1707 1694 conscientia
1728 1656 1783 1696 non

135 1727 328 1796 interfuerunt,
346 1735 373 1781 ct
387 1726 448 1797 ipsa
463 1725 544 1782 etiam
559 1723 725 1795 episcopalia
740 1731 829 1797 gesta,
841 1740 936 1779 eorum
986 1726 1120 1797 permisit.
1138 1728 1171 1781 Et
1186 1727 1309 1783 bocmeo
1324 1742 1392 1781 ausu
1407 1725 1496 1782 lacere
1520 1742 1628 1793 vereor,
1654 1728 1783 1798 quoniam

136 1815 303 1873 inconvulsis
328 1813 572 1885 subscriptionibus
588 1812 701 1867 subnixa
716 1828 732 1867 a
747 1812 845 1884 quibus
859 1812 936 1868 suere
987 1814 1106 1880 euobis,
1122 1814 1514 1881 autadecessoribusvestris,
1527 1814 1646 1887 quinque
1656 1815 1785 1872 videlicet

135 1913 252 1977 patrata,
267 1902 477 1975 presentialiter
490 1908 649 1957 monstrant.
667 1900 754 1968 Unde,
777 1900 936 1970 jubentibus
986 1902 1187 1973 provinciarum
1197 1903 1343 1975 episcopie,
1356 1918 1470 1975 quorum
1481 1919 1541 1959 meo
1555 1918 1783 1975 cousensuexpe·
1816 1911 1818 1932 ¹

137 1994 241 2051 eisdem
256 1992 403 2064 episcopis,
419 1998 522 2046 autum
537 1989 645 2059 bajulus
667 1989 714 2057 sui,
732 2004 842 2045 causam
857 1989 935 2044 vide·
985 1993 1087 2048 tierunt
1097 1991 1229 2061 judicium
1243 1991 1393 2047 secundum
1414 2007 1509 2047 saeros
1534 2006 1652 2048 canones
1676 1992 1781 2048 electo-

137 2082 201 2139 licet
214 2081 346 2137 Ecclesiae
360 2078 425 2135 mihi
440 2078 593 2136 commissae
610 2078 644 2132 ab
667 2078 721 2132 illis
745 2076 885 2133 diffinitam
900 2078 935 2133 ad
985 2096 1044 2136 rum
1059 2096 1092 2136 ex
1105 2096 1242 2136 consensu
1258 2080 1374 2151 partium
1388 2079 1547 2135 diffinitione
1569 2080 1647 2136 fuere
1670 2080 1779 2150 dejecti.

138 2172 233 2228 sedem
248 2167 590 2242 apostolicam‘delerendi.
607 2165 674 2237 Quae
687 2167 779 2222 domni
794 2166 936 2237 apostolici
984 2171 1018 2224 lit
1032 2169 1135 2226 idcirco
1149 2169 1264 2224 aliorum
1280 2184 1348 2239 opus
1367 2169 1395 2223 in
1408 2167 1518 2224 illorum
1532 2169 1703 2224 restitutione
1717 2170 1781 2225 nul-

136 2258 276 2317 Benedicti
288 2257 434 2330 privilegio
453 2257 504 2311 sub
529 2255 706 2310 anathematis
718 2255 932 2326 interpositione,
985 2257 1091 2313 latenas
1106 2273 1241 2327 usurpare
1254 2257 1416 2329 presumpsi
1433 2273 1440 2310 :
1457 2257 1530 2329 quio,
1548 2256 1616 2313 sicut
1631 2258 1716 2327 scitis,
1733 2274 1781 2313 rc·

135 2356 165 2403 ut
179 2348 243 2404 inde
258 2346 371 2418 quaestio
384 2344 465 2400 nullis
479 2344 627 2415 aliquando
637 2343 806 2415 temporibus
819 2344 932 2405 oriatur,
983 2344 1055 2417 gulae
1070 2361 1155 2400 sacrae
1170 2360 1256 2417 usque
1272 2345 1306 2399 ad
1317 2344 1433 2400 similem
1441 2345 1780 2401 excusationisvindictam

135 2444 197 2493 sunt
216 2432 392 2501 confirmata,
417 2441 443 2487 et
464 2433 574 2487 demum
603 2431 696 2487 domni
726 2430 833 2488 Nicolai
855 2447 933 2502 papae
983 2433 1143 2500 decernunt,
1159 2440 1188 2487 ut
1202 2433 1236 2488 ab
1250 2432 1310 2486 aliis
1320 2432 1417 2502 dejecti
1426 2432 1527 2487 abaliis
1536 2448 1592 2488 non
1601 2433 1777 2504 recipiantur,

134 2522 354 2592 confirmatione,
381 2521 450 2578 sicut
478 2528 578 2577 sanctae
610 2518 808 2575 recordationis
842 2520 932 2575 Bene·
982 2520 1094 2576 minime
1109 2529 1198 2576 autern
1212 2520 1407 2575 restituantur:
1424 2521 1473 2575 sed
1488 2529 1533 2575 aut
1548 2522 1717 2588 eorumdem,
1733 2530 1780 2578 aut

132 2613 222 2670 dictus
249 2609 370 2683 pontilex
401 2609 477 2664 illem
501 2607 681 2675 confirmavit,
704 2607 778 2663 salvo
802 2609 932 2664 Romane
982 2608 1095 2679 majoris
1108 2609 1216 2665 concilii
1231 2609 1424 2680 episcoporum
1438 2609 1780 2678 discussionesacjudicia

132 2701 207 2758 sedis
217 2701 246 2755 in
260 2698 386 2755 omnibus
397 2698 475 2768 jussu
500 2705 582 2770 atque
602 2696 715 2768 judicio,
741 2695 792 2751 sub
818 2695 932 2751 terribili
981 2697 1181 2768 praestolentur.
1197 2698 1232 2752 iit
1246 2697 1310 2770 quia
1324 2697 1379 2752 Leo
1388 2695 1452 2752 dicit
1471 2697 1565 2769 (epist.
1582 2701 1616 2752 95
1630 2699 1665 2753 od
1680 2701 1779 2755 Rasti-

133 2791 314 2858 anatbemate,
344 2793 373 2841 ut
403 2801 573 2857 quaecunque
603 2799 732 2856 persona,
762 2800 861 2856 magna
887 2783 931 2840 vel
981 2801 1046 2840 cam
1056 2785 1189 2855 Narbon.)
1205 2794 1233 2840 ut
1248 2786 1275 2839 in
1290 2785 1333 2839 bis
1349 2801 1408 2856 quae
1427 2785 1470 2840 vel
1491 2785 1574 2840 dubia
1598 2785 1709 2852 luerint,
1734 2795 1780 2842 aut

132 2893 228 2950 parva,
243 2873 390 2933 temerario
399 2889 466 2929 ausu
480 2881 572 2929 contm
586 2874 639 2929 boc
657 2887 736 2927 suurn
751 2872 929 2944 apostolicum
981 2873 1109 2945 obscura,
1123 2873 1151 2928 in
1166 2873 1323 2929 noverimus
1337 2873 1517 2944 sequendum,
1530 2873 1602 2944 quod
1612 2890 1664 2929 nec
1674 2891 1779 2944 praece

132 2965 275 3022 decretum
290 2977 374 3035 agere
387 2961 600 3033 presumpserit,
617 2960 799 3016 anathematis
820 2960 929 3017 vinculo
980 2961 1034 3033 ptis
1048 2961 1214 3034 evangelicis
1228 2961 1403 3027 contrarium,
1419 2977 1470 3017 nec
1489 2961 1605 3017 decretis
1619 2969 1779 3018 sanctorum

131 3054 167 3111 sit
180 3051 335 3121 innodatus,
357 3058 420 3106 sunt
436 3049 579 3105 roborata:
592 3048 664 3105 velut
686 3048 732 3105 hic
753 3049 867 3120 potestis
885 3065 929 3104 re·
944 3010 1132 3105 Cinvenietur
1155 3050 1312 3116 adversum,
1335 3058 1361 3104 et
1384 3051 1499 3104 domnus
1522 3065 1554 3105 ac
1577 3050 1658 3105 Pater
1681 3059 1777 3107 noster

132 3149 238 3208 texere,
267 3148 294 3197 et
324 3138 413 3212 sigilla
440 3154 533 3194 eorum
566 3137 658 3203 salva,
688 3152 720 3193 ec
758 3137 929 3208 incorruptas
978 3136 1107 3194 Nicolaus
1120 3152 1193 3209 papa
1207 3137 1777 3210 vobisutmihivideturscripsit,quoniam

121 3230 283 3302 ‘scripturas
297 3235 376 3300 atque
391 3225 604 3297 subscriptiones
622 3225 719 3281 valetis
733 3225 879 3296 inspicere.
895 3226 929 3280 lit
979 3242 1038 3299 quaa
1053 3234 1151 3281 statuta
1167 3235 1230 3281 sunt
1244 3227 1278 3282 de
1292 3226 1410 3298 praelatis
1423 3226 1497 3292 viris,
1514 3225 1641 3282 violanda
1655 3243 1712 3284 non
1725 3228 1776 3284 du·

130 3319 195 3391 quia
208 3317 289 3374 sedes
303 3315 462 3387 apostolica,
478 3313 549 3369 utin
564 3313 682 3370 decretis
697 3329 806 3369 suorum
821 3310 929 3384 pontili-
978 3320 1029 3380 cat,
1041 3314 1093 3369 nisi
1108 3314 1201 3369 lorsan
1212 3315 1298 3370 sacris
1324 3314 1432 3386 legibus
1451 3314 1623 3370 inveniantur
1645 3316 1774 3385 adversa,

129 3423 192 3465 curn
219 3404 346 3480 legimus,
365 3404 394 3458 in
417 3404 469 3460 boo
490 3417 602 3474 prorsus
626 3418 676 3457 sua
699 3401 736 3457 ibi
760 3416 927 3475 magnopere
978 3402 1094 3474 simplici
1109 3418 1142 3458 ac
1156 3403 1264 3458 sincera
1275 3403 1367 3459 cordis
1378 3402 1566 3459 intentioncex
1577 3403 1679 3476 regulis
1687 3405 1774 3460 sacris

125 3496 189 3566 jura
203 3500 358 3561 conservat,
374 3499 402 3549 et
416 3491 506 3547 ebena
518 3490 646 3556 custodit,
661 3490 717 3546 imo
741 3505 791 3545 sue
814 3489 928 3562 propria
977 3491 1121 3564 perspicue
1132 3491 1251 3547 tarditati
1263 3508 1361 3547 sensus
1387 3491 1440 3546 mei
1463 3492 1609 3546 monstrari
1632 3502 1773 3564 exspecto,

127 3583 203 3651 lacit,
218 3591 247 3639 ut
261 3582 350 3640 omnis
366 3580 480 3653 quaestio
495 3579 530 3636 ad
543 3595 603 3634 eam
618 3579 703 3634 relate
717 3578 819 3648 judicio
829 3586 856 3635 et
871 3595 928 3636 sua
977 3588 1067 3634 utrum
1079 3595 1140 3651 quae
1146 3578 1311 3635 diffiniemnt
1317 3578 1412 3636 iratres
1421 3588 1446 3635 et
1452 3579 1607 3651 coepiscopi
1615 3581 1713 3648 nostri,
1723 3582 1774 3638 sic·

127 3670 343 3729 confirmationis
356 3669 495 3725 decisione
510 3665 593 3721 finem
616 3667 739 3737 accipiat,
760 3682 870 3721 omnem
893 3682 926 3722 ex
976 3675 1006 3721 ut
1016 3669 1149 3724 hactenus
1159 3668 1303 3724 observata
1313 3676 1385 3734 sunt,
1396 3668 1431 3724 de
1446 3677 1542 3724 caetero
1552 3677 1581 3723 ut
1589 3669 1692 3739 regulis
1703 3685 1773 3726 con-

126 3763 177 3816 bac
191 3774 274 3817 causa
288 3756 472 3829 suspicionem
487 3753 658 3825 querulitatis
667 3755 710 3809 bae
725 3753 842 3808 duorum
856 3770 926 3824 prae·
975 3754 1116 3810 sordentia
1129 3755 1246 3810 debeant
1259 3755 1410 3825 observari,
1426 3772 1461 3810 an
1482 3756 1590 3811 illorum
1605 3755 1729 3813 diffinitio
1745 3767 1774 3814 ut

127 3844 340 3904 clarissimorum
382 3841 557 3897 luminarium
597 3838 817 3896 confirmationes
846 3848 926 3912 atque
974 3841 1083 3898 inventa
1097 3842 1204 3915 legibus
1219 3843 1302 3899 sacris
1320 3844 1438 3900 adversa
1458 3843 1557 3900 debeat
1578 3844 1699 3901 refutari.
1717 3846 1772 3902 Sed

125 3932 338 4004 subscriptiones
353 3945 371 3986 a
385 3929 485 3986 nostris
508 3928 667 4001 regionibus
681 3936 708 3984 et
721 3929 857 3984 mentibus
866 3929 926 3984 abs-
975 3930 1082 3986 etmihi
1096 3931 1202 3987 ostendi
1217 3940 1346 4003 exspecto
1361 3932 1491 4004 apertius,
1515 3948 1597 4004 quam
1612 3933 1639 3988 in
1653 3933 1712 3988 suis
1724 3951 1771 3989 aa·

127 4021 256 4079 tulerunt.
271 4021 351 4077 Nune
365 4034 439 4085 vero,
465 4018 528 4090 quia
547 4017 634 4073 isdem
659 4018 775 4073 domnus
798 4026 824 4073 et
846 4025 925 4088 pater
974 4019 1029 4075 cris
1044 4017 1141 4075 litteris
1155 4020 1309 4093 intelligere
1324 4021 1440 4085 valeam,
1457 4021 1480 4075 si
1504 4021 1596 4076 domni
1619 4022 1770 4090 Benedicti,

126 4117 219 4167 noster
233 4107 361 4164 Nicolaus
374 4122 448 4179 pape
462 4107 519 4162 suis
534 4105 657 4179 epistolis
672 4122 704 4160 ex
719 4106 772 4161 hoc
787 4105 925 4178 negotioa
973 4121 1005 4163 ac
1020 4107 1141 4176 ejusdem
1156 4108 1249 4163 domni
1263 4108 1378 4174 Nicolai,
1396 4124 1478 4180 super
1492 4109 1617 4166 eamdem
1631 4109 1771 4166 diffinitio-

127 4197 206 4255 vobis
220 4195 308 4252 sanxit
321 4193 445 4251 refricari
465 4195 607 4264 judicium,
622 4201 750 4248 monente
774 4192 921 4263 Apostolo:
973 4211 1036 4250 nem
1050 4196 1101 4250 sub
1114 4197 1287 4252 anathemate
1300 4196 1512 4253 confirmationis
1535 4197 1690 4271 privilegia,
1717 4199 1771 4255 nisi

128 4285 241 4346 obedite
246 4285 406 4358 praepositis
416 4282 762 4352 verinaetacljoceteeit
772 4281 847 4352 (Hel.
860 4297 921 4352 xrrr,
972 4283 1041 4339 torte
1056 4284 1102 4339 illa
1115 4284 1174 4356 ipse
1190 4301 1237 4340 sua
1259 4285 1392 4359 singulari
1415 4285 1573 4341 auctoritate
1594 4286 1771 4344 dissolvenda

126 4371 415 4447 1⁵1),quodprivitegio
425 4371 580 4442 apostolica
591 4370 664 4426 sedis
674 4370 709 4425 de
720 4368 922 4441 ipsislretribus
935 4362 963 4423 D
974 4381 1000 4427 et
1015 4371 1181 4428 immutanda
1195 4374 1303 4438 viderit,
1320 4390 1435 4446 quorum
1450 4390 1583 4429 summam
1599 4374 1770 4432 firmitatem·

125 4461 247 4519 decernit
261 4460 305 4518 vel
320 4459 481 4529 decreverit,
498 4467 527 4514 ut
540 4459 671 4529 competit
680 4474 749 4514 meac
763 4457 920 4529 subditioni,
973 4477 1026 4532 que
1039 4460 1119 4517 nobis
1133 4462 1259 4517 omnibus
1274 4462 1580 4534 scripsitinapostolicae
1591 4463 1664 4519 sedis
1676 4480 1770 4521 reser-

124 4550 223 4609 obedio
236 4557 264 4607 et
278 4548 415 4614 obediam,
428 4547 497 4603 sicut
506 4546 803 4604 hactenusconscrvavi
820 4562 851 4602 ea
861 4563 922 4619 quae
972 4556 1060 4604 vatam
1075 4548 1188 4605 arbitrio
1202 4550 1352 4621 potestatis,
1368 4566 1419 4605 nos
1434 4551 1492 4606 sina
1507 4552 1665 4624 regularum
1681 4562 1707 4610 et
1722 4569 1769 4610 se·
1797 4595 1808 4623 ,.

124 4639 219 4696 domni
227 4637 367 4695 Benedicti
381 4644 408 4693 et
417 4651 468 4692 sua
476 4635 585 4692 luerunt
594 4635 754 4692 auctoritate
762 4633 878 4690 firmata.
888 4635 922 4690 Et
972 4636 1014 4692 dis
1028 4637 1183 4708 apostolicae
1197 4638 1361 4708 praejudicio,
1378 4639 1491 4711 sineque
1514 4648 1607 4696 nostro
1629 4643 1768 4698 cummuni

124 4725 440 4797 itemdicentedpostolo
451 4742 457 4779 :
468 4723 594 4797 idipsum
604 4723 920 4789 dicctiacmcea,etocn
970 4725 1102 4796 periculo,
1120 4726 1269 4782 dissolvere
1285 4735 1312 4783 ct
1326 4727 1466 4783 immutare
1489 4728 1636 4798 possimus,
1661 4729 1768 4786 Coeles-

123 4813 304 4870 aintiovoiia
317 4814 507 4884 schismatico
514 4814 573 4870 Cor.
583 4827 602 4879 1,
612 4811 674 4883 ssis!
684 4812 753 4867 sicut
763 4812 923 4868 serrarius·
970 4813 1026 4869 tino
1040 4814 1147 4871 dicente
1163 4816 1256 4888 (epist.
1274 4815 1301 4886 3)
1319 4833 1325 4870 :
1343 4813 1441 4884 Quaea
1460 4816 1537 4871 nobis
1553 4834 1598 4872 res
1613 4817 1696 4890 digna
1707 4835 1767 4874 ser-

123 4918 177 4976 que
191 4901 219 4957 in
234 4916 356 4972 praesens
370 4917 430 4972 quae
441 4902 661 4972 predecessores
671 4901 846 4973 quorumdam
857 4917 920 4957 ves·
969 4903 1086 4969 rabitur,
1104 4904 1127 4960 si
1138 4903 1311 4960 decretalium
1327 4919 1421 4959 norma
1436 4906 1644 4961 constitutorum
1660 4907 1767 4977 proali-

121 4998 225 5048 trorum
238 5004 299 5044 cum
307 4987 469 5060 quibusdam
477 5006 510 5044 ex
521 4990 599 5045 vobis
606 4988 770 5062 regulariter
777 5005 810 5045 ex
820 4989 919 5044 iisdem
968 5007 1082 5062 quorum
1096 4992 1174 5047 libitu
1184 4992 1292 5047 licentia
1306 4992 1414 5064 populis
1438 4995 1575 5065 permissa
1596 4995 1737 5068 frangatur
1751 4998 1765 5052 i

120 5077 251 5135 fratribus
265 5074 431 5131 diffinierunt
451 5076 510 5132 :ita
525 5085 552 5133 et
565 5093 627 5149 quae
649 5077 683 5132 de
706 5076 773 5148 ipsis
787 5078 917 5133 canonice
968 5079 1022 5134 Sed
1029 5080 1159 5136 etanobis
1167 5096 1222 5135 non
1232 5088 1273 5135 est
1283 5081 1506 5152 parvipendenda
1514 5083 1763 5154 granditerbeonis
1787 5142 1790 5147 ,

116 5166 195 5234 iuxta
210 5173 331 5226 tenorem
346 5162 519 5234 epistolarum
534 5164 626 5220 domni
640 5164 783 5237 apostolici
799 5163 914 5220 diffinie-
967 5184 1045 5239 papae
1059 5168 1092 5223 ad
1107 5168 1225 5225 Leonem
1239 5170 1391 5242 Augustum
1407 5170 1441 5226 de
1455 5187 1485 5225 se
1505 5171 1607 5241 scripta
1631 5173 1764 5229 sententia

118 5252 187 5318 ritis,
204 5251 313 5324 priscis,
325 5259 355 5306 ut
373 5250 438 5306 dicit
461 5250 586 5307 Gelasius
609 5255 699 5324 (Dece.
725 5268 784 5324 cap.
810 5254 848 5323 2),
865 5268 916 5324 pro
967 5256 1060 5329 (epist.
1076 5259 1131 5326 at),
1159 5257 1186 5311 Si
1209 5274 1280 5329 quae,
1303 5259 1398 5330 inquit,
1424 5260 1545 5315 destruxi
1565 5261 1624 5315 baec
1646 5259 1761 5326 aediiico,

117 5339 160 5396 sui
174 5340 325 5396 reverentia
346 5339 519 5396 manentibus
538 5341 700 5405 constitutis,
726 5350 752 5396 et
775 5349 915 5396 reservato
966 5343 1202 5414 praevaricatorem
1217 5363 1261 5401 me
1285 5347 1429 5415 constituo,
1453 5357 1478 5403 et
1501 5347 1541 5403 eis
1562 5363 1607 5403 me
1631 5349 1764 5405 ultionum

115 5443 167 5499 per
185 5429 275 5484 omnia
291 5429 430 5486 sententiae
452 5444 484 5484 ac
503 5428 572 5497 iuris
593 5429 737 5501 privilegio
760 5428 915 5499 apostolicae
965 5431 1166 5490 conditionibus
1197 5434 1302 5501 subdo,
1325 5452 1392 5508 quas
1413 5451 1468 5492 non
1498 5435 1587 5492 solum
1615 5437 1762 5493 auctoritas
