3794 6104
164 212 215 265 383

163 344 226 389 rttm
240 332 351 389 decreta
365 348 399 388 ex
414 333 497 388 sacris
511 333 663 388 canonibus
678 334 861 405 promulgata,
878 344 904 390 et
919 336 1002 399 in-A

164 421 258 478 venies
272 428 299 477 te
312 420 424 493 obloqui
449 419 606 492 pontificum
623 423 805 478 Romanorum
821 424 941 479 decretis
957 442 964 479 ε

164 517 190 565 et
205 510 314 582 quando
328 510 413 565 altera
436 510 495 566 rice
510 510 549 566 sic
563 520 689 566 accurate
704 511 830 577 dictabis,
857 513 964 568 studio·
984 511 986 515 ’

159 613 210 654 sus
224 598 312 668 poli-e
326 598 446 671 linguam
472 607 543 652 tuam
564 598 684 662 curabis,
712 616 746 655 ne
761 601 857 656 vitioso
872 609 965 655 contra

164 693 236 741 tuam
264 687 471 758 grammaticam
498 687 604 752 dictes,
634 687 703 742 sicut
729 688 774 744 bic
803 688 891 744 iecisti
920 690 964 744 di-

164 789 230 830 cens
247 793 254 829 :
271 775 298 829 Si
314 776 374 846 quis
385 783 478 829 contra
489 775 670 830 Romanorum
682 775 839 846 pontificum
854 777 964 833 decreta

164 862 274 935 obloqui
301 864 515 933 praesumpserit.
556 865 614 919 Nos
649 865 721 919 enim
758 865 896 935 simplices
932 883 965 922 ac

163 940 263 1017 idiotes,
288 951 311 1006 si
333 951 396 1006 hinc
419 951 493 1023 loqui
516 953 693 1024 contingeret,
723 953 887 1016 diceremus,
917 965 964 1009 aut

162 1046 257 1096 contra
280 1039 464 1095 Romanorum
495 1039 652 1111 pontificum
675 1041 783 1096 decreta
809 1041 892 1114 loqui,
920 1052 964 1098 aut

163 1126 347 1183 Romanorum
376 1127 535 1199 pontificum
573 1128 691 1183 decretis
729 1129 849 1200 obloqui.
889 1131 962 1185 ldem

162 1214 234 1270 enim
263 1225 313 1282 cst,
344 1225 389 1270 aut
413 1224 508 1272 contra
528 1217 711 1271 Romanorum
733 1216 889 1286 pontificum
912 1219 962 1273 de-

161 1311 234 1359 creta
261 1304 345 1375 loqui,
376 1312 420 1358 aut
446 1304 629 1358 Romanorum
658 1305 815 1374 pontificum
839 1306 963 1361 decretis

162 1390 282 1463 obloqui,
307 1399 334 1445 ut
355 1407 409 1446 non
432 1392 639 1447 contemnendae
661 1393 828 1448 auctoritatis
849 1393 963 1449 falsator

161 1479 250 1536 dicit:

228 1636 377 1694 ootoqnttur
392 1638 503 1684 numeria
518 1639 614 1694 septem
629 1638 775 1685 discrimina
795 1650 891 1687 vocum.

161 1770 237 1826 Unde
247 1778 308 1827 tuus
318 1771 439 1837 Servius,
449 1772 753 1845 obloquitornomeris,
765 1774 882 1829 dicendo
892 1777 962 1831 oblo-

160 1861 268 1931 quitur,
302 1859 467 1914 chordarum
500 1861 634 1931 expressit
656 1861 776 1927 laudem,
801 1877 869 1934 quas
896 1861 962 1917 dicit

158 1946 250 2002 verbis
264 1947 367 2001 locutas
384 1965 390 2002 :
407 1948 518 2020 obloqui
534 1948 606 2002 enim
621 1958 730 2003 nonest
744 1949 796 2004 nisi
811 1957 906 2006 contra
921 1950 961 2004 lo-

159 2042 287 2106 quentem
299 2034 382 2106 loqui.
398 2035 459 2104 Qua
474 2036 508 2091 dc
522 2052 562 2103 rc,
580 2037 603 2090 si
620 2036 747 2091 talionem
763 2037 828 2091 mihi
843 2038 960 2092 reddere

159 2121 289 2188 volueris,
306 2131 332 2178 et
346 2125 373 2177 in
389 2123 469 2180 dictis
491 2125 561 2179 meis
582 2126 811 2195 reprehensiones
833 2142 960 2197 qnaerens

157 2209 314 2277 inveneris,
343 2227 395 2282 ego
421 2213 478 2280 J'am
505 2213 605 2283 spretis
626 2214 787 2281 Jactantibus
813 2229 959 2284 puerorum

157 2298 308 2370 plausibus,
327 2301 371 2370 qui
386 2309 512 2355 manente
527 2301 633 2372 integro
649 2317 741 2368 sensu,
767 2302 794 2355 in
810 2302 900 2356 verbis
915 2319 959 2356 mc

158 2387 247 2459 magis
266 2387 381 2458 intelligi
396 2403 499 2460 quaero,
525 2404 608 2461 quam
631 2389 772 2455 admirari,
795 2406 857 2445 cum
875 2391 959 2446 Paulo

158 2473 252 2530 dicam
260 2491 267 2529 t
275 2477 310 2530 at
318 2478 342 2531 si
351 2477 502 2548 imperitus
513 2493 651 2546 sermone,
665 2481 826 2533 nontamen
837 2479 959 2533 scicntia

157 2562 196 2632 (ll
210 2563 270 2620 Cor.
286 2579 327 2629 xt,
350 2565 387 2633 6).
411 2563 471 2618 Tibi
495 2573 583 2619 autem
608 2580 680 2619 noro
695 2564 883 2637 grammatico,
900 2565 957 2637 qui,

645 210 815 266 tttttcuhttt
843 212 1045 269 RHEMENSIS
1066 213 1340 273 nucfltactscort.

1771 227 1821 281 384

1307 341 1419 398 CAPUT
1439 342 1526 399 XXV.

1017 445 1057 500 lle
1067 447 1239 502 anctoritate
1249 453 1279 502 et
1292 448 1454 519 differentia
1472 451 1658 506 conciliorum
1674 456 1703 506 et
1718 455 1825 526 episto·

1145 518 1238 572 lorum
1254 519 1501 591 sedisapostolicae
1513 522 1695 593 pontificum.

1053 621 1094 676 De
1109 630 1208 677 caetcro
1221 625 1294 695 quod
1309 625 1403 680 Daniel
1419 625 1483 683 dicit
1499 645 1506 680 :
1522 629 1751 684 pertransibant
1760 631 1827 702 ple·

1017 709 1094 774 rimi,
1112 717 1140 764 ct
1150 713 1306 784 multiplea
1317 716 1373 769 crit
1382 716 1504 770 scientia
1515 717 1598 779 (Dara.
1612 718 1675 778 xtti,
1689 717 1826 773 Dominus

1017 797 1186 853 demonstrat
1197 800 1231 854 ad
1242 801 1363 872 bloysem
1374 802 1469 857 dicens
1485 821 1491 856 :
1509 805 1564 874 Epo
1575 821 1640 858 aum
1653 806 1728 862 Deos
1740 807 1827 861 dhre·

1017 886 1093 950 honr,
1106 891 1133 941 ct
1149 890 1222 943 Deus
1239 890 1327 956 lance,
1344 892 1717 955 macchabaeorum
1730 911 1827 950 meam

1016 974 1186 1031 Adocoinoc
1198 977 1371 1034 iradicnoicis
1381 980 1480 1046 (deod.
1491 987 1542 1050 vr),
1551 983 1668 1054 etlonge
1678 990 1745 1051 post
1756 983 1827 1055 bloy-

1017 1077 1074 1116 sem
1095 1064 1183 1117 David
1198 1064 1262 1119 dicit
1276 1083 1282 1118 :
1295 1066 1384 1138 Super
1400 1069 1523 1122 seniores
1540 1084 1616 1125 meos
1636 1071 1778 1125 intellexi
1787 1077 1825 1136 et,

1016 1167 1100 1222 saper
1114 1169 1210 1207 cnrrrcs
1221 1153 1351 1209 docentes
1363 1171 1408 1210 nac
1419 1157 1553 1211 intellexi
1568 1156 1658 1226 (l’rol.
1668 1159 1784 1226 cxvrtr);
1800 1169 1828 1215 et

1014 1239 1130 1308 apostoli
1146 1240 1271 1295 viderunt
1280 1250 1306 1296 et
1320 1243 1546 1314 audieruntquod
1557 1245 1634 1298 multi
1643 1246 1750 1317 antiqui
1760 1247 1825 1316 J'usti

1016 1326 1205 1383 desiderantes
1216 1345 1270 1383 non
1279 1330 1405 1385 viderunt
1413 1330 1456 1386 vel
1465 1332 1619 1387 audierunt.
1633 1332 1716 1401 Quod
1728 1334 1825 1390 beatus

1016 1414 1152 1482 Gelasius,
1178 1418 1317 1487 sapientiae
1340 1427 1367 1472 et
1390 1419 1510 1474 scientiae
1526 1420 1622 1491 spiritu
1638 1421 1773 1492 repletus,
1797 1424 1823 1477 in

1015 1504 1150 1574 catalogo,
1168 1506 1213 1576 qni
1228 1506 1290 1560 libri
1306 1507 1341 1560 ab
1356 1507 1480 1562 Ecclesia
1497 1509 1630 1564 catholica
1642 1511 1820 1580 recipiantur,

1014 1599 1075 1660 post
1091 1591 1302 1663 descriptionem
1318 1595 1533 1650 authenticarum
1549 1597 1770 1667 scripturarum,
1796 1607 1822 1654 et

975 1679 1132 1747 BNicarna,
1149 1682 1457 1753 Constantinopolitano,
1482 1700 1513 1739 ac
1528 1685 1677 1755 Ephesiae,
1706 1686 1821 1743 Chalce-

1014 1768 1129 1823 donensi
1144 1786 1252 1840 quoqne
1268 1770 1381 1841 synodis
1403 1775 1636 1840 commemoratis,
1655 1775 1797 1841 subjunxit
1813 1793 1819 1828 ι

1016 1877 1027 1906 ι
1044 1857 1115 1910 Etsi
1130 1873 1183 1927 qna
1199 1866 1261 1911 sunt
1276 1858 1390 1914 concilia
1409 1875 1426 1913 a
1449 1861 1550 1915 sanctis
1567 1862 1695 1916 Patribus
1710 1862 1819 1918 institu-

1012 1951 1049 2011 ta,
1074 1953 1134 2014 post
1150 1946 1248 2000 borum
1262 1955 1377 2018 quatuor
1394 1949 1580 2003 auctoritatem
1595 1957 1621 2004 et
1637 1950 1819 2007 custodienda

1012 2040 1040 2086 et
1062 2032 1219 2103 recipienda
1242 2035 1454 2090 decrevimus.»
1482 2037 1711 2093 Commemoratis
1736 2039 1817 2094 etiam

1012 2121 1151 2190 opusculis
1175 2123 1388 2178 orthodoxorum
1413 2139 1445 2177 er
1468 2125 1578 2180 nomine
1595 2125 1815 2198 designatorum,

1013 2208 1134 2278 adjunxit
1159 2210 1277 2266 dicens:
1307 2213 1403 2265 altem
1426 2213 1557 2282 opuscula
1579 2221 1661 2285 atque
1684 2222 1817 2271 tractatus

1011 2297 1131 2351 omniurn
1164 2298 1274 2352 Petrum
1302 2300 1536 2369 orthodoxorum,
1564 2302 1611 2372 qui
1639 2302 1667 2356 in
1697 2303 1775 2360 nullo
1801 2319 1817 2359 e

1012 2394 1114 2439 saoctae
1138 2386 1270 2440 Ecclesiae
1284 2386 1414 2442 llomanae
1429 2389 1569 2443 consortio
1584 2390 1744 2457 deviarunt,
1768 2408 1817 2448 nec

1010 2473 1045 2527 ab
1076 2475 1134 2542 ejus
1163 2473 1217 2528 lide
1243 2474 1287 2528 vel
1309 2476 1503 2545 praedicatione
1527 2477 1644 2546 sejuncti
1668 2487 1743 2543 sunt,
1767 2481 1816 2535 sed

1010 2561 1095 2632 ipsius
1110 2563 1293 2617 communioni
1309 2565 1489 2635 pergratiam
1514 2565 1564 2620 Dei
1587 2582 1676 2638 osque
1700 2568 1736 2623 ad
1759 2567 1817 2622 ulti·

156 2659 184 2706 ut
198 2651 326 2707 frondosa
342 2662 368 2708 et
383 2653 522 2708 condensa
538 2653 630 2719 arbor,
650 2653 720 2708 loliis
734 2662 847 2708 ornatus
861 2655 959 2708 verbo·
1010 2665 1082 2704 mum
1102 2650 1174 2705 diem
1193 2651 1253 2706 vitan
1274 2668 1329 2706 snae
1353 2651 1429 2707 luere
1445 2653 1599 2724 participes,
1624 2655 1749 2726 legenda
1773 2658 1817 2711 de·

156 2757 217 2795 rum
232 2741 352 2811 phaleris
368 2742 453 2797 debes
468 2742 606 2810 incedere,
623 2751 649 2797 et
664 2751 710 2796 tna
725 2741 855 2813 figmenta
870 2758 957 2814 gran·
1009 2740 1157 2793 cernimus.
1177 2759 1187 2787 v
1206 2739 1310 2794 Deinde
1326 2740 1389 2795 dicit
1407 2759 1413 2794 :
1432 2763 1443 2791 s
1462 2742 1528 2796 ltem
1543 2742 1702 2798 decretales
1718 2745 1817 2816 episto

156 2828 260 2884 disonis
275 2844 407 2900 pompare
419 2830 517 2894 modis,
536 2838 562 2883 et
578 2831 723 2884 inomnem
736 2838 846 2885 ventum
858 2830 958 2885 intlatis
1007 2826 1058 2891 las,
1084 2843 1152 2898 quas
1176 2828 1324 2881 beatissimi
1349 2844 1427 2899 papae
1450 2829 1568 2885 diversis
1583 2831 1758 2902 temporibus
1781 2833 1815 2888 ab

155 2915 251 2971 buccis
261 2916 454 2986 grammaticas
465 2931 576 2986 spumas
588 2933 729 2986 exspuere,
742 2920 793 2972 boc
803 2919 958 2975 dicerenon
1008 2915 1076 2969 urbe
1107 2915 1188 2968 Roma
1219 2931 1269 2984 pro
1293 2916 1464 2971 diversorum
1490 2919 1599 2972 Petrum
1623 2920 1813 2976 consolatione

156 3002 257 3058 licebit.
289 3005 319 3057 ln
347 3002 469 3058 clausula
497 3018 563 3058 vero
592 3004 627 3056 tui
657 3004 776 3073 pitacioli
804 3006 919 3074 posuisti
950 3003 1151 3103 :edederunt
1168 3003 1816 3075 venerabilitersuscipiendas.»Etsicdemaa

158 3113 170 3139 ι
189 3091 263 3156 Haec,
274 3090 410 3162 inquiens,
423 3091 560 3146 succincte
575 3091 686 3163 quidem
701 3093 834 3162 excerpsi,
847 3109 879 3149 ac
893 3110 958 3164 pas·
1008 3097 1096 3161 tyrum
1118 3091 1291 3160 passionibus
1313 3093 1476 3161 conjunctim
1499 3095 1623 3165 loquens,
1650 3104 1679 3150 et
1701 3097 1738 3152 de
1753 3097 1815 3152 vitis

156 3178 207 3234 sim
221 3195 272 3251 pro
288 3179 418 3251 qualitate
446 3180 547 3251 negotii
563 3180 734 3235 contexendo
747 3181 956 3253 promiscueque

155 3269 336 3333 conserendo,
352 3268 448 3324 ordine
463 3284 525 3323 cnm
541 3278 715 3340 praepostero,
726 3278 782 3323 tum
793 3272 954 3340 composito,

155 3357 204 3412 sed
237 3365 264 3412 et
296 3355 399 3411 sensim
429 3372 562 3423 connexo,
596 3357 689 3413 ascivi.
711 3381 721 3404 »ι
756 3359 834 3414 Unde
861 3367 957 3429 parcat

154 3443 220 3500 mihi
235 3452 281 3499 tua
295 3444 446 3515 prudentia,
476 3453 502 3501 et
519 3446 706 3517 cujuscunque
721 3446 834 3502 alterius
848 3448 956 3503 lectoris

153 3533 292 3605 patientia,
324 3533 347 3587 si
376 3534 551 3588 tumultuario
574 3543 600 3590 et
624 3536 724 3605 saepius
748 3535 874 3606 repetito,
900 3552 955 3591 non

153 3628 244 3676 autem
265 3621 332 3677 recti
356 3621 470 3676 tramitis
486 3622 529 3677 vel
544 3622 669 3678 ordinato
693 3639 830 3689 sermone,
855 3640 955 3680 neces-

154 3708 234 3764 sitate
263 3711 420 3780 compulsus
441 3711 493 3766 boc
516 3711 678 3781 opusculum
699 3711 844 3783 designare
865 3712 956 3782 potius

154 3813 234 3868 quam
258 3797 393 3868 perficere
414 3799 504 3852 studui
530 3817 537 3852 ε
561 3799 691 3869 quoniam
714 3799 766 3853 ruis
787 3799 955 3869 compilatio-

153 3884 235 3940 nibus
245 3885 369 3949 coniuso,
382 3894 408 3940 et
418 3886 486 3940 sicut
497 3886 555 3956 ipse
566 3886 665 3950 dixisti,
682 3895 848 3956 praepostero
859 3888 955 3942 ordine

153 3971 260 4043 positis,
290 3980 317 4026 et
342 3988 481 4044 nunquam
505 3974 531 4026 in
554 3973 651 4028 eodem
676 3981 745 4028 statu
770 3974 954 4039 manentibus,

153 4059 233 4115 aliter
259 4061 428 4131 respondere
458 4076 511 4115 non
539 4061 622 4131 potui,
652 4061 723 4130 nisi,
755 4069 783 4115 ut
811 4071 955 4116 venatores

154 4146 221 4204 lerae
234 4147 318 4203 lustra
334 4158 479 4220 sequentes
494 4165 577 4221 agere
591 4149 681 4203 auditu
707 4157 733 4204 et
756 4149 872 4204 lectione
886 4166 956 4220 puer

1008 3187 1175 3242 sanctornm,
1192 3186 1219 3232 et
1233 3180 1267 3234 dc
1281 3180 1386 3235 actibus
1406 3181 1478 3236 beati
1493 3181 1625 3246 Silvestri,
1641 3191 1669 3237 ct
1684 3199 1719 3238 ex
1734 3184 1812 3240 Scri-

1008 3275 1087 3337 ptura
1102 3267 1136 3320 de
1152 3267 1305 3322 inventione
1329 3268 1478 3324 Dominicee
1492 3270 1595 3337 Crucis,
1622 3277 1648 3326 et
1663 3270 1701 3328 de
1716 3272 1813 3328 inven-

1007 3354 1080 3409 tione
1094 3355 1190 3424 capitis
1205 3356 1275 3410 beati
1290 3357 1402 3412 loannis
1419 3358 1554 3428 Baptistae,
1573 3359 1758 3415 solertissime
1781 3376 1813 3416 ac

1007 3442 1201 3498 discretissime
1224 3444 1326 3499 addidit
1349 3445 1443 3500 dicens
1467 3463 1473 3500 :
1497 3447 1580 3503 «Sed
1604 3461 1667 3503 cum
1695 3448 1756 3504 haec
1777 3449 1811 3504 ad

1007 3531 1202 3587 catholicorum
1217 3548 1314 3586 manus
1328 3532 1498 3598 advenerint,
1518 3534 1591 3589 beati
1601 3535 1678 3590 Pauli
1693 3531 1811 3606 apostoli

1007 3620 1141 3688 praecedat
1156 3620 1289 3675 sententia
1304 3637 1310 3673 ε
1326 3621 1427 3676 Omrric
1435 3622 1560 3694 probate,
1573 3623 1757 3695 quodborram
1769 3629 1813 3680 ert

1008 3710 1102 3762 tenete
1112 3708 1136 3776 (1
1148 3709 1238 3762 Thess.
1251 3710 1307 3777 vl.»
1318 3708 1372 3763 Sed
1383 3716 1409 3763 et
1419 3709 1446 3763 in
1458 3709 1524 3779 ipsis
1534 3710 1700 3782 apocryphis
1710 3711 1813 3768 disere

1007 3794 1108 3848 tionem
1130 3795 1217 3849 teneri
1241 3795 1342 3850 debere
1360 3796 1496 3851 subinnuit
1514 3816 1519 3851 ε
1536 3818 1547 3847 ι
1566 3799 1606 3852 De
1621 3798 1722 3870 quibus
1738 3817 1813 3872 quae·

1007 3882 1069 3935 dam
1085 3882 1110 3935 in
1128 3890 1210 3936 toturn
1222 3892 1283 3937 snnt
1293 3884 1447 3953 rejicienda,
1460 3886 1584 3956 quaedam
1595 3895 1690 3941 autem
1699 3895 1813 3960 propter

1007 3970 1196 4024 baereticorum
1223 3970 1372 4026 calumnias
1387 3973 1457 4029 inter
1470 3974 1626 4044 apocrypha
1648 3984 1714 4028 sunt
1736 3990 1812 4031 com·

1006 4058 1136 4126 putenda,
1161 4059 1210 4112 sed
1230 4075 1284 4113 non
1305 4061 1411 4130 penitus
1435 4061 1627 4129 abominanda,
1654 4062 1811 4135 dequibus

1007 4145 1080 4201 viros
1104 4146 1253 4201 catholicos
1276 4148 1303 4201 in
1325 4149 1381 4201 suis
1403 4150 1542 4219 opusculis
1565 4149 1723 4205 testimonia
1738 4152 1811 4224 legi-

153 4235 304 4293 scholarius
330 4237 357 4292 in
385 4237 455 4292 libro
494 4238 539 4309 qui
578 4237 734 4293 inscribitur
771 4238 954 4309 cynegeticon
1006 4251 1066 4288 mus
1079 4236 1269 4304 assumpsisse,
1287 4237 1355 4292 sicot
1371 4246 1397 4291 et
1413 4238 1509 4292 beatus
1522 4238 1607 4292 ludas
1622 4239 1767 4308 apostolus
1783 4241 1811 4295 in

153 4324 377 4398 Carthaginensis
401 4326 503 4381 Aurelii
525 4326 615 4387 didici,
641 4327 691 4380 hac
715 4326 831 4398 illacque
845 4327 954 4382 discur—
1007 4322 1121 4393 epistola
1135 4339 1184 4377 sua
1200 4325 1538 4394 egit.»ltnimadvertenda
1554 4326 1637 4398 igitur
1647 4335 1693 4382 est
1703 4327 1811 4384 discre-

152 4414 246 4479 rendo,
269 4414 428 4485 retrograda
444 4415 525 4469 etiam
541 4414 655 4486 vestigia
680 4416 838 4484 repetendo,
861 4416 954 4470 anim·
968 4399 1040 4465 Deio
1055 4427 1088 4466 ex
1104 4413 1193 4466 verbis
1208 4413 1279 4466 beati
1304 4414 1406 4468 Gelasii
1430 4414 1500 4469 inter
1523 4414 1666 4484 synodalia
1681 4417 1810 4481 concilia,

151 4511 212 4558 ctus
226 4511 287 4557 tuos
302 4501 472 4574 vestigando,
490 4502 626 4572 explicare
642 4503 778 4557 studerem
797 4521 803 4556 :
820 4505 890 4574 quod
906 4504 955 4558 ad-

152 4591 204 4646 buc
219 4590 285 4644 mihi
299 4590 351 4645 erit
367 4590 551 4646 necessarium
566 4590 668 4648 lacere.
696 4601 720 4644 et
743 4591 769 4644 in
793 4592 954 4662 explicanda

152 4678 187 4734 de
201 4678 315 4749 inceptis
329 4679 444 4741 ratione,
462 4686 488 4733 ct
504 4677 532 4732 in
546 4678 716 4732 ostendenda
730 4679 832 4732 causali
847 4681 953 4736 actione

152 4766 187 4820 de
201 4766 244 4819 his
259 4783 320 4836 quae
334 4767 476 4832 admisisti,
493 4774 519 4821 ct
534 4781 585 4836 pro
600 4765 698 4836 quibus
718 4765 766 4819 tibi
781 4775 808 4820 et
822 4767 954 4822 Ecclesiae

152 4853 201 4907 tibi
215 4854 369 4909 commissae
384 4855 491 4925 scripsi,
508 4862 672 4924 contraque
684 4853 871 4924 irregulariter
887 4857 952 4909 sub-

151 4940 296 5012 scripsisti,
322 4956 354 4996 ac
369 4943 500 4998 subscribi
524 4943 622 5007 iecisti,
646 4951 672 4996 et
697 4941 778 4997 etiam
792 4958 854 4997 cum
881 4951 951 4997 tuam

152 5044 250 5085 novam
264 5029 503 5100 subscripsionem,
515 5032 579 5102 quiu
589 5031 678 5102 potius
689 5039 763 5084 tuam
773 5045 872 5085 novam
883 5047 953 5101 prae·

152 5117 335 5189 sumptionem
350 5116 455 5182 adiens,

448 5259 517 5304 mille
532 5260 595 5316 rias,
610 5262 745 5317 tristesque
760 5260 860 5307 labores

275 5330 457 5387 btscuransque
471 5331 543 5382 citos.
559 5332 639 5377 securi
656 5333 742 5388 praelia
758 5333 833 5387 ruris,

152 5468 180 5516 et
192 5460 300 5519 sincero
324 5465 405 5519 corde
427 5464 488 5519 lites
507 5463 672 5520 domesticas
686 5466 776 5521 subire
791 5466 951 5537 compellar.

1005 4507 1031 4554 et
1046 4500 1256 4569 apostolicorum
1273 4501 1388 4556 virorum
1404 4503 1543 4572 epistolas,
1574 4517 1642 4574 quas
1656 4512 1725 4558 ante
1740 4521 1811 4560 con·

1004 4588 1067 4643 cilia
1082 4589 1217 4643 celebrata
1233 4590 1347 4644 diversis
1362 4591 1539 4661 temporibus,
1568 4606 1617 4660 pro
1630 4590 1809 4648 diversorum

1005 4677 1114 4730 Petrum
1128 4678 1314 4733 consolatione
1323 4679 1466 4741 dederunt,
1476 4694 1597 4750 quasque
1608 4681 1811 4737 venerabiliter

1005 4765 1192 4834 suscipiendas
1215 4766 1279 4820 dicit
1304 4782 1310 4819 :
1336 4767 1359 4819 si
1376 4782 1430 4837 qua
1450 4776 1511 4821 sunt
1535 4776 1624 4822 autem
1647 4769 1770 4824 concilia
1794 4786 1811 4825 a

1005 4853 1105 4906 sanctis
1118 4853 1238 4906 Patribus
1262 4854 1380 4908 instituta
1403 4863 1463 4924 post
1488 4863 1604 4926 quatuor
1625 4856 1811 4913 conciliorum

1004 4941 1203 4998 auctoritatem.
1226 4942 1412 4996 custodiendis
1435 4951 1460 4996 et
1484 4944 1654 4998 observanda
1671 4945 1807 5001 decrevit.

1003 5029 1081 5084 Unde
1113 5029 1176 5082 item
1213 5029 1284 5083 idem
1312 5030 1338 5082 in
1371 5030 1489 5086 decretis
1517 5031 1573 5084 suis
1602 5031 1669 5087 dicit
1699 5033 1807 5099 (Gelas.

1004 5119 1085 5189 epist.
1113 5121 1138 5180 3,
1164 5117 1199 5171 cd
1225 5118 1382 5187 Dardanos)
1408 5137 1414 5172 ι
1437 5120 1571 5185 «Patres,
1596 5118 1697 5190 inquit,
1721 5123 1808 5176 nostri

1003 5205 1126 5259 catholici
1141 5205 1268 5276 doctique
1291 5204 1442 5276 pontifices,
1466 5209 1492 5260 in
1516 5223 1682 5279 unaquaque
1707 5210 1809 5266 haeresi

1004 5293 1123 5364 quolibet
1145 5302 1265 5364 tempore
1285 5296 1423 5356 suscitata,
1450 5296 1578 5369 quidquid
1591 5312 1643 5367 pro
1659 5294 1728 5365 fide,
1757 5314 1807 5370 pro

1003 5381 1125 5446 veritate,
1142 5399 1192 5452 pro
1208 5384 1397 5438 communione
1407 5385 1630 5456 catholicaatque
1640 5387 1804 5457 apostolica,

1003 5471 1153 5524 secundum
1173 5471 1377 5541 scripturarum
1398 5472 1541 5540 tramitem,
1563 5473 1805 5544 predicationem-
