3794 6104
586 211 762 267 EPlSTOLE
784 212 830 267 ET
854 215 1026 273 asenath.

1604 238 1652 293 tto

97 322 329 392 materlidelium,
356 329 445 399 quiete
475 345 507 386 ac
534 334 666 388 securiter
693 337 922 395 manereAtatis
951 348 1085 412 astruunt,
1115 345 1178 415 quia
1217 347 1358 419 utriusque
1372 348 1495 419 abbates,
1533 355 1652 413 loannes

98 410 209 466 minime
224 411 297 469 licet.
316 415 380 469 ldeo
396 417 537 473 Franciam
563 437 612 490 per
640 421 691 476 iter
720 424 805 477 mari-

97 496 232 566 trolicisci,
250 501 453 575 gloriosumque
468 506 696 563 Carolomaunum
712 527 804 581 regem

106 593 187 657 atque
203 596 322 658 optatam
337 590 408 645 illius
433 596 607 665 contemplari
631 599 804 667 presentiam

97 689 140 736 us,
158 691 208 744 pru
227 676 312 731 salute
341 679 443 735 seilicet
472 698 505 737 ac
534 682 694 739 detonsione
725 686 805 742 terrae

125 762 207 828 Petri,
242 772 269 818 et
301 765 382 820 totius
414 768 620 825 Christianitatis
649 775 804 843 suppliciter

97 858 184 905 antes
201 868 207 904 :
224 860 356 922 quatenns
372 855 422 909 Dei
437 857 629 928 omnipotentis
643 861 747 921 solatio,
778 870 804 918 et

97 935 193 992 virtute
208 939 296 1004 uobis,
326 950 403 1009 prout
432 953 614 1013 opportunum
644 955 694 1013 est,
726 948 805 1003 solati

97 1023 218 1079 ossimus
234 1026 333 1080 salubri
355 1045 542 1103 prosperoque
566 1050 695 1089 successu
707 1052 805 1106 regere

100 1113 170 1167 tucri
199 1115 376 1181 territorium,
394 1125 418 1171 et
427 1120 556 1188 populum
567 1122 673 1176 Domini
685 1125 804 1193 pretioso

97 1215 103 1254 t
117 1201 296 1271 redemptum,
310 1220 343 1258 ne
354 1206 501 1278 proaliquo
516 1224 612 1263 eorum
623 1227 672 1279 per
683 1221 803 1266 nostram

97 1300 138 1341 tm
154 1287 197 1342 vel
212 1289 343 1344 incuriam
356 1303 495 1361 pereunte,
518 1296 665 1351 districtam
688 1300 804 1355 Domino

97 1390 135 1429 tur
149 1376 264 1431 reddere
288 1380 429 1434 rationem.
458 1382 521 1436 ldeo
546 1399 689 1440 monemus
712 1396 738 1441 et
761 1388 804 1441 his

103 1463 271 1533 apostolatus
289 1464 386 1521 litteris
414 1468 584 1525 dilectionem
614 1482 730 1527 vestram
759 1475 803 1544 pio

97 1551 291 1606 ‚exhortamur
307 1563 333 1607 ut
363 1556 440 1609 nobis
470 1557 632 1613 abeuntibus
663 1561 803 1617 Franciam

97 1634 226 1693 clausione
239 1650 340 1696 sauctae
352 1643 400 1697 Dei
409 1644 540 1699 Ecclesiae
552 1655 578 1700 et
594 1648 741 1718 republicae
748 1659 802 1704 sta·
815 1677 841 1737 Β

97 1740 104 1779 t
118 1726 222 1781 nullam
236 1729 454 1785 contrarietatem
471 1732 514 1787 vel
529 1734 697 1791 inimicitiam
726 1753 802 1792 exer·

100 1812 128 1867 in
144 1822 199 1869 toto
215 1817 350 1871 territorio
364 1819 494 1890 principis
508 1823 701 1890 apostolorum,
714 1841 802 1897 neque

97 1900 197 1963 homae,
213 1919 274 1973 quae
289 1914 328 1958 est
344 1906 440 1961 civitas
456 1910 632 1965 sacerdotalis
660 1920 685 1966 et
715 1914 800 1983 regia,

97 2002 170 2044 cram
188 1990 258 2044 beati
274 1992 343 2046 Petri
358 1994 461 2055 sedem,
492 1995 596 2068 aliquas
624 1999 802 2056 adversitates

97 2074 174 2131 tidias
197 2080 365 2149 praeparetis,
397 2098 484 2153 neque
514 2082 627 2148 faciatis,
658 2085 802 2160 laceroque

97 2158 156 2213 ibus
171 2161 226 2215 ullo
241 2163 323 2217 niodo
338 2167 521 2220 consentiatis.
540 2167 609 2235 Quia
626 2171 648 2224 si
677 2187 727 2241 per
753 2189 802 2227 vos

97 2262 112 2301 r
125 2248 203 2303 vobis
219 2251 356 2317 subiectos
371 2254 494 2308 homines
509 2257 605 2310 eudem
621 2259 687 2311 urbs
716 2260 802 2315 Roma

97 2334 232 2391 bationem
254 2339 372 2410 aliquam
399 2341 442 2395 rel
469 2343 720 2400 dehonestationem
750 2349 801 2402 lra-

97 2423 160 2484 ,rel
173 2425 288 2480 adversa
304 2429 430 2498 qnaelibet
454 2431 621 2498 sustinuerit,
645 2450 696 2504 pro
725 2444 801 2491 certo

97 2512 177 2583 ¹quia
193 2514 333 2570 canonicis
357 2532 406 2571 ros
430 2521 650 2590 correptionibus
673 2539 734 2577 cum
758 2524 801 2578 vi·

97 2601 178 2654 macti
194 2600 308 2670 Spiritus
331 2605 491 2661 auctoritate
521 2609 684 2663 omnimodis
711 2613 802 2665 redar-

97 2702 129 2751 ts,
147 2696 174 2742 et
188 2689 222 2742 ab
238 2692 393 2759 apostolicas
410 2694 483 2748 sedis
499 2697 691 2752 communione
705 2699 801 2754 merito

97 2774 202 2830 ibimus.
220 2778 289 2832 Data
305 2784 337 2833 att
351 2797 448 2852 supra.

351 2885 448 2940 XClX.

116 2965 153 3006 xa
170 2968 342 3078 taxoucrttq
352 2971 506 3081 eetsqoqt'tt
525 2974 686 3016 exerescit.

311 3038 330 3091 ti
347 3042 400 3080 nno
435 3031 450 3082 i
472 3040 492 3093 .)

103 3113 137 3165 ttt
147 3114 381 3167 content-ictcum
390 3116 544 3171 Athanasio
551 3119 675 3189 episcopo
692 3120 801 3191 Neapo-

97 3196 129 3236 ιο
152 3183 190 3235 cd
216 3183 347 3238 Ecclesiae
369 3187 501 3240 ltontanoe
534 3188 726 3257 defensionem
756 3193 802 3245 :et

97 3253 320 3334 ttpactumcttnt
339 3255 521 3323 Amalfitenit
538 3261 659 3327 sactum,
682 3259 715 3312 ab
732 3259 801 3330 ipsis

97 3336 187 3377 evan.

97 3408 275 3465 arendissimo
291 3418 316 3465 et
331 3413 661 3469 sanctissimoLxxnutro
672 3414 801 3486 episcopo

98 3512 144 3553 ιιο.

97 3592 143 3640 uto
157 3586 246 3640 studio
261 3595 307 3642 tua
322 3589 432 3644 dilectio
449 3599 547 3661 tuaque
564 3591 683 3663 benigna
703 3590 800 3646 irater-

97 3688 153 3746 trga
167 3673 356 3730 detonsionem
373 3692 405 3731 ac
421 3677 610 3733 liberationem
623 3678 801 3750 obsequium·

97 3769 177 3818 anctae
187 3763 317 3817 Romanae
328 3764 461 3831 ecclesiae,
478 3767 531 3835 eui,
546 3768 602 3822 Deo
612 3774 730 3831 auctore,
747 3767 802 3823 cul-

97 3849 270 3911 ·raesidemus,
284 3851 456 3918 laboraverit,
470 3855 589 3926 totisque
599 3854 703 3909 nisibus
709 3855 801 3910 cordis

97 3938 491 4008 enostrioperisdesudaverit,
502 3942 595 3996 sedula
602 3942 802 3998 reminiscimur

109 4024 194 4080 dubio
212 4028 415 4091 recordatione,
432 4039 530 4101 tuaque
546 4031 580 4084 oh
594 4032 645 4085 hoc
660 4031 801 4086 retributio

97 4113 136 4169 ud
145 4114 232 4168 Deum
243 4131 323 4186 qnam
335 4117 406 4186 apud
418 4133 466 4172 nos
475 4119 526 4172 erit
537 4119 563 4172 in
581 4128 708 4189 promptu
723 4119 801 4173 iudu-

97 4210 231 4272 trparata.
247 4201 429 4274 Quapropter,
439 4206 501 4276 quia
510 4213 536 4260 te
546 4206 624 4260 valde
635 4206 763 4261 idoneum
774 4207 801 4260 in

97 4290 221 4346 labemus
236 4301 388 4361 expertum,
405 4310 547 4348 monemus
566 4302 645 4364 atque
661 4295 800 4348 hortamur

858 425 984 483 titlelicet
998 444 1029 483 ac
1044 432 1214 495 Anastasius,
1232 450 1300 505 quos
1321 435 1384 493 illuc
1407 454 1439 494 ex
1462 449 1553 497 nostra
1575 451 1652 513 parte

855 512 1012 575 direximus,
1029 534 1082 572 uun
1098 518 1235 575 indecem
1251 523 1364 578 millium
1380 535 1482 582 tantum
1504 546 1650 588 mancuso-

855 616 923 662 rum,
941 604 1025 658 sedin
1039 606 1184 662 ‹luodeeim
1200 609 1314 664 millium
1330 613 1467 685 plaitasse,
1482 619 1554 687 quod
1571 618 1652 674 iidem

855 689 967 744 abbates
980 707 1070 747 coram
1087 704 1180 750 nostra
1194 699 1336 766 pensantia
1352 717 1406 757 nort
1421 720 1450 758 se
1467 703 1565 761 secisse
1574 706 1653 776 jure·

851 775 968 842 jurando
984 779 1117 836 refellunt.
1136 784 1252 856 ideoque
1274 796 1363 843 restra
1387 806 1435 845 eos
1460 793 1606 863 prudentia
1625 804 1652 851 et

853 864 888 917 ab
912 865 962 921 hac
984 866 1079 936 injusta
1103 870 1230 939 petitione
1252 886 1416 946 compescat,
1442 888 1468 933 et
1491 880 1519 934 in
1541 882 1651 937 servitio

855 952 956 1006 salubri
981 958 1190 1014 commonitione
1218 961 1368 1029 conlirmet,
1399 975 1533 1036 quatenus
1560 979 1653 1025 nostra

854 1038 1139 1113 bencdictionepotiti,
1164 1047 1254 1102 auimo
1283 1059 1308 1103 et
1336 1068 1452 1122 corpore
1481 1071 1513 1110 ex
1545 1056 1651 1113 Christo

855 1127 971 1183 Domino
986 1131 1054 1184 sahi
1070 1132 1192 1189 existant.
1208 1136 1275 1190 bata
1293 1145 1325 1192 at
1339 1157 1434 1212 supra

934 1319 969 1359 sn
986 1321 1155 1363 censemus
1175 1324 1323 1366 aatxctrex
1343 1329 1568 1374 sxtuaxtrxxutt.

1165 1400 1256 1467 (anuo
1270 1402 1344 1471 stt.)

855 1474 991 1529 llortetatt·
1002 1479 1071 1531 utta
1080 1493 1131 1532 crte
1143 1480 1309 1604 ittteqrilate
1317 1491 1485 1567 perseveret,
1498 1492 1525 1543 ct
1535 1490 1650 1559 Amulli-

891 1547 972 1599 tanos
982 1549 1126 1617 corripiat,
1144 1566 1205 1620 qttot
1230 1554 1375 1608 auxiltam
1388 1558 1489 1611 eteocle
1508 1575 1565 1614 nott
1595 1562 1651 1615 mi-

889 1616 990 1680 serint,
1003 1621 1031 1670 et
1039 1618 1129 1672 attritio
1140 1621 1299 1677 calliditate
1310 1625 1341 1678 itt
1352 1640 1381 1679 se
1396 1630 1528 1682 utantur.

888 1702 1081 1759 Amantissimo
1096 1704 1151 1759 tilio
1171 1707 1325 1763 Gnateuato
1344 1712 1469 1783 principi.

888 1791 1066 1867 Devotionem
1081 1793 1163 1865 igitur
1178 1795 1260 1849 animi
1276 1798 1313 1851 tui
1327 1815 1360 1852 ex
1376 1799 1419 1855 die
1435 1818 1486 1872 qua
1501 1811 1526 1858 te
1537 1806 1655 1876 cognovi

852 1878 948 1946 paucis
969 1879 1059 1933 verbis
1083 1881 1220 1951 explicare
1244 1899 1297 1939 non
1320 1890 1457 1957 possum?
1479 1891 1537 1946 lloc
1559 1900 1650 1949 tamea

852 1966 986 2021 veraciter
1001 1968 1100 2021 scimus
1124 1970 1185 2039 quia
1209 1970 1286 2041 [edit.
1314 1975 1402 2041 llam,
1418 1977 1490 2047 apud
1513 1978 1600 2034 Deum
1624 1989 1651 2037 et

852 2053 932 2123 apud,
949 2053 1014 2125 etc}
1029 2056 1100 2124 apud
1120 2072 1170 2112 nos
1195 2059 1241 2112 tibi
1263 2061 1355 2115 omnia
1375 2063 1452 2117 salva
1475 2075 1650 2123 reservantur

852 2149 974 2210 tempore
988 2152 1149 2212 opportuno.
1167 2145 1272 2202 idcirco
1297 2158 1438 2205 monentes
1461 2151 1601 2209 hortamur
1625 2165 1652 2211 et

853 2230 976 2299 rogando
986 2230 1114 2297 jubemus
1131 2232 1169 2286 uti
1183 2233 1209 2286 in
1226 2244 1312 2290 semet
1327 2244 1371 2290 tua
1385 2247 1515 2309 percepta
1531 2240 1651 2299 bonitate

852 2332 1022 2386 perseveres.
1040 2318 1175 2385 Quoniam
1190 2321 1320 2393 scriptum
1337 2333 1377 2378 est
1394 2327 1473 2381 :Noa
1489 2329 1585 2384 turdct
1600 2332 1652 2386 llo-

854 2406 1650 2484 mittasprcmistamadunationesadimpleaturqttodlo-

852 2496 936 2547 catat
947 2496 990 2547 est
1000 2493 1038 2560 (tt
1051 2496 1126 2549 l’rtr.
1144 2502 1184 2563 ιιι)
1198 2514 1204 2560 ;
1221 2505 1248 2551 et
1262 2496 1325 2552 ideo
1339 2514 1422 2554 nosse
1436 2500 1551 2572 gloriam
1576 2511 1650 2558 tuam

852 2579 978 2649 cupimus
992 2581 1056 2651 quia
1071 2597 1103 2636 ex
1119 2591 1194 2651 parte
1209 2582 1430 2641 Antalhtanorum
1446 2588 1549 2643 nullum
1571 2590 1651 2645 nobis

849 2667 928 2735 juxta
943 2668 1100 2723 condictum
1115 2668 1243 2738 placitum
1259 2672 1419 2728 studuerunt
1433 2675 1556 2745 praebere
1570 2677 1650 2747 adiu-

854 2754 954 2808 torium
970 2755 1061 2809 navali
1077 2757 1225 2812 certamine
1239 2775 1254 2812 a
1269 2760 1390 2828 Traiecto
1404 2778 1491 2833 usque
1520 2763 1649 2820 Centum·

852 2843 946 2897 cellas.
965 2844 1081 2913 lusuper
1096 2844 1214 2915 quadarn
1230 2845 1377 2903 calliditate
1399 2859 1523 2905 asserunt
1547 2868 1602 2907 nou
1624 2852 1652 2907 in

852 2931 949 2985 decem
977 2931 1091 2985 millium
1120 2940 1224 2987 tautum
1254 2949 1456 3004 mancusorum,
1485 2939 1533 2993 sed
1561 2947 1588 2993 et
1625 2939 1652 2994 in

814 3018 994 3081 cduodecim
1009 3018 1123 3073 millium
1152 3019 1235 3076 luisse
1265 3031 1387 3078 nostram
1416 3024 1651 3094 promissionem:

852 3107 924 3176 quod
939 3122 1033 3162 verum
1049 3107 1123 3162 nullo
1138 3108 1219 3164 modo
1234 3118 1348 3176 constat,
1365 3128 1427 3167 cum
1441 3120 1468 3167 et
1481 3113 1532 3183 ipsi
1540 3114 1651 3169 abbates

852 3210 920 3264 quos
934 3194 997 3249 illuc
1022 3211 1072 3265 pro
1094 3203 1188 3249 nostra
1206 3205 1284 3265 parte
1303 3198 1453 3253 direximus
1474 3199 1650 3270 jurejurando

849 3298 903 3335 non
920 3298 950 3336 se
964 3281 1065 3336 dixisse
1082 3281 1222 3337 fateantur.
1240 3284 1280 3338 De
1295 3284 1339 3338 his
1355 3301 1418 3341 xero
1431 3286 1546 3357 aliisque
1570 3287 1645 3342 simi·

851 3369 932 3434 libus,
948 3377 1078 3440 quantum
1093 3370 1120 3422 in
1135 3370 1214 3424 nobis
1230 3378 1279 3434 est,
1295 3387 1344 3440 per
1357 3371 1474 3444 gloriam
1488 3381 1541 3429 tuoe
1565 3374 1643 3429 uobi-

850 3455 933 3510 litatis
966 3457 1167 3526 correptionem
1196 3473 1359 3530 omnemque
1387 3474 1528 3529 speramus
1570 3461 1652 3519 studii

851 3543 1083 3609 emendationem
1100 3544 1182 3614 quod,
1200 3561 1302 3616 quaeso,
1320 3544 1408 3601 lacere
1422 3555 1528 3604 mature
1542 3548 1647 3605 accele-

852 3647 905 3686 res.
922 3630 1065 3702 Optamus.
1082 3633 1151 3685 Data
1168 3636 1199 3687 nt
1212 3650 1309 3704 supra.

1236 3728 1278 3782 Cl.

974 3829 1011 3869 an
1023 3830 1261 3871 xxcttraetscoeuu
1284 3832 1520 3873 csnunuxcnsatt.

1160 3906 1341 3975 (dabellii.)

851 3991 1126 4064 Reprehenditqttod
1150 3994 1241 4048 olium
1265 3995 1435 4066 episcopam.
1457 3999 1560 4064 preter
1584 4012 1649 4052 cum

903 4078 968 4117 aean
990 4064 1083 4119 clerus
1102 4067 1129 4117 et
1150 4064 1270 4134 popalus
1285 4065 1416 4135 elegerat,
1442 4066 1474 4120 in
1505 4066 1650 4122 Vencietttt'

886 4080 1013 4188 ilccleat'o
1023 4134 1229 4188 consecraverit
1238 4153 1247 4188 :
1257 4135 1388 4206 praecipit
1401 4138 1434 4189 ut
1444 4152 1509 4191 cum
1533 4140 1651 4209 atroque

886 4204 999 4258 Romam
1013 4205 1117 4257 ueniet.

886 4289 1124 4343 Reverendissimo
1144 4297 1170 4343 et
1194 4288 1365 4344 sanctissimo
1389 4292 1532 4345 harasaro
1561 4292 1650 4346 archi·

97 4379 230 4433 uanimem
242 4394 303 4433 cum
319 4381 467 4434 Athanasio
480 4381 659 4451 Neapolitano
669 4381 798 4451 episcopo
812 4363 838 4422 D
850 4376 978 4446 episcopo
1007 4375 1204 4429 ttbredunenst.

97 4482 124 4522 sa
138 4468 266 4537 praesenti
282 4469 410 4523 Romana
426 4468 565 4532 Ecclesiae,
583 4468 798 4539 quoniamliqui-

97 4551 257 4619 edt'tllom.,
282 4552 413 4623 liquidum
441 4560 466 4605 et
495 4549 634 4622 scriptum]
663 4551 690 4604 in
719 4550 797 4606 Salo·

104 4638 243 4693 dicimus:
271 4640 426 4695 Fasciculus
457 4640 564 4708 trt'plea:
586 4638 715 4708 difficilis
743 4639 798 4692 erit

112 4724 163 4794 tv),
181 4723 324 4795 eidemque
339 4734 430 4779 nostro
445 4726 553 4780 hortatu
565 4733 590 4779 et
614 4725 797 4779 admonitione

99 4811 180 4866 nibus
204 4812 338 4866 fraternus
357 4813 500 4868 auxiliator
523 4814 639 4868 existere
661 4829 798 4883 nunquam

98 4916 133 4965 s;
149 4901 219 4954 iuter
229 4902 286 4955 haec
301 4909 347 4956 tua
360 4901 481 4972 benigna
503 4900 678 4964 maternitate,
705 4911 732 4957 et
752 4901 797 4955 di-

99 4988 129 5043 lii
149 4989 235 5043 nostri
257 4989 387 5044 Guailerii
411 4989 549 5059 principis,
576 4990 721 5056 mediante,
747 5004 797 5060 pa·

97 5077 225 5132 udecem
239 5078 352 5131 millium
369 5093 559 5131 mancusorum
576 5077 625 5148 [el.
650 5092 797 5132 mancoso-

97 5181 148 5220 tum
164 5164 334 5219 amalfitanis
350 5174 460 5220 eatenus
475 5165 598 5227 lecimus,
629 5171 657 5218 ut
685 5180 700 5218 a
729 5164 797 5218 Tra·

97 5269 169 5326 sque
185 5255 384 5309 Centumcellas
400 5254 478 5308 nobis
495 5252 581 5307 navali
605 5252 699 5307 labore
720 5251 798 5305 inde·

97 5360 119 5399 tr
132 5343 262 5397 auxilium
278 5342 389 5398 terrent.
407 5342 460 5397 Sed
477 5343 607 5398 tracteuus
621 5340 647 5395 id
671 5341 699 5396 in
722 5339 797 5395 nullo

99 5439 277 5489 straverunt:
299 5430 411 5500 insuper
439 5430 563 5500 quaedam
591 5428 680 5483 studio
694 5427 797 5483 callidi·

882 4463 910 4518 Si
936 4463 1068 4518 canonica
1095 4461 1123 4516 iu
1156 4463 1350 4518 consecrandis
1380 4463 1517 4533 episcopis
1545 4472 1646 4520 statuta

847 4566 997 4613 servasses,
1010 4562 1159 4620 nunqnam,
1176 4550 1244 4605 sicut
1259 4551 1352 4605 auditu
1367 4550 1521 4615 didicimus,
1538 4558 1564 4606 et
1580 4565 1645 4621 quo·

846 4638 908 4692 dam
923 4637 1050 4702 diacono.
1065 4637 1174 4693 nomine
1190 4638 1335 4707 Waldeno,
1348 4654 1429 4709 super
1442 4646 1515 4692 tuam
1526 4637 1648 4694 dilectio·

847 4742 909 4781 nem
924 4724 1097 4790 reclamante,
1120 4743 1150 4782 se
1178 4727 1307 4784 canonice
1335 4743 1351 4780 a
1378 4726 1458 4796 plebe
1488 4733 1515 4781 et
1542 4726 1644 4796 populo

847 4814 967 4870 vine-iate
982 4815 1080 4880 electo,
1096 4822 1151 4869 cta
1167 4823 1209 4870 tua
1237 4814 1356 4887 sagacite
1383 4814 1498 4882 abjecto,
1527 4813 1563 4869 dc
1578 4828 1641 4870 con·

847 4912 955 4959 secrato
969 4902 1154 4959 controversia
1170 4902 1296 4973 quaelibet
1307 4909 1473 4970 nasceretur,
1485 4916 1540 4972 qua
1550 4910 1642 4957 vestra

847 4992 943 5046 merito
958 4991 1202 5061 reprehenderetur
1218 4988 1380 5044 fraternitas.
1409 4991 1442 5044 tt
1471 5005 1551 5057 nunc,
1580 4989 1643 5060 quia

846 5087 952 5133 mortuo
967 5078 1110 5133 venciensi
1126 5077 1264 5146 episcopo,
1280 5092 1334 5130 nun
1349 5076 1489 5147 prelatum
1512 5077 1642 5131 sacerdo-

847 5174 911 5230 tem,
928 5180 1019 5236 quem,
1035 5171 1065 5218 ut
1079 5163 1180 5219 dictum
1195 5171 1246 5229 est,
1262 5164 1350 5218 clerus
1376 5172 1403 5218 et
1417 5163 1534 5234 populus
1546 5162 1641 5219 cirita·

846 5253 881 5307 tis
896 5252 1025 5325 elegerat,
1055 5252 1160 5322 piaque
1186 5251 1327 5307 memoriae
1353 5252 1466 5307 Carolus
1492 5251 1641 5323 imperator

848 5355 897 5395 suo
927 5355 1062 5395 consensu
1089 5338 1254 5405 firmaverat,
1274 5339 1450 5406 consecrasti,
1491 5346 1519 5396 et
1546 5340 1644 5397 eodem

847 5427 882 5498 [s.
903 5427 950 5483 sed
966 5427 1072 5494 eodem,
1091 5427 1197 5497 lixam}
1219 5430 1340 5498 augusto
1369 5427 1403 5485 de
1429 5428 1560 5498 praesenti
1587 5429 1642 5485 rita
