3794 6104
55 259 106 317 lli
801 249 988 310 EPISTOLAE.
1657 257 1711 313 ato

59 398 107 437 nus
123 382 152 436 in
167 387 285 438 tractatu
298 380 440 455 Evangelii
455 379 605 436 secuudum
619 380 752 436 loannem
766 378 893 439 osten-A
908 377 960 447 sis,
992 377 1059 434 sicut
1092 379 1172 434 etiam
1206 379 1343 435 solemnes
1376 380 1513 437 orationes
1546 379 1708 436 universalis

60 472 104 526 dit.
124 492 135 520 r
154 472 304 541 Habemus,
321 470 457 542 inquiens,
474 479 595 525 sanctum
612 470 740 541 Spiritum
755 467 859 523 siama·
909 465 1039 522 Ecclesiae
1062 466 1090 521 in
1118 467 1163 522 die
1184 469 1270 524 sancti
1293 484 1459 540 parasceves
1482 477 1575 541 aperte
1590 462 1707 525 d'emon-

60 576 117 614 mus
131 558 298 627 Ecclesiam,
315 574 437 614 amamrn
452 568 551 624 autem,
568 559 591 613 si
606 559 634 613 in
653 558 711 628 ejus
726 573 858 630 compage
910 562 1006 620 strant,
1023 564 1158 612 anunente
1181 556 1296 613 veritate
1318 558 1464 614 ostendere
1489 558 1705 630 procurabimus,

60 657 83 704 et
96 648 231 703 charitate
246 648 429 704 consistimus.
449 668 460 697 i
478 649 511 702 Et
527 648 554 702 in
574 647 688 718 epistola
703 646 810 704 concilii
825 645 859 700 ad
910 644 971 715 quia
997 660 1048 699 nec
1076 660 1091 698 a
1119 645 1293 701 damnatione
1322 647 1477 703 simoniacae
1503 648 1639 703 haereseos
1667 655 1708 701 est

61 737 238 792 Donatistas:
266 735 424 809 «Quisquis
449 753 466 791 a
488 736 624 792 catholice
645 736 766 792 Ecclesia
780 735 858 790 suerit
909 732 1046 789 immunis.
1063 734 1195 789 Dominus
1209 734 1274 790 dicit
1294 735 1322 789 in
1336 735 1489 808 Evangelio
1508 736 1543 790 de
1558 735 1707 809 largiendis

61 834 211 896 separatus,
236 825 432 896 quantumlibet
456 825 673 880 laudabiliterse
695 824 859 879 viveroexi-
910 822 997 877 sacris
1023 822 1192 877 ordinibus:
1214 823 1308 879 Gratis
1336 826 1494 896 accepistis,
1524 826 1614 896 protis
1642 825 1708 880 dote

61 915 157 980 stimet,
174 915 228 969 hoc
243 914 303 968 solo
320 914 425 969 scelere
440 914 543 984 quoda
567 913 666 968 Christi
685 912 786 967 unitate
800 911 859 966 dis·
910 910 1018 980 (hatti.
1036 912 1079 975 x).
1097 932 1108 961 r
1126 911 1300 977 Praesciebat‚
1324 911 1409 983 inquit
1434 913 1530 967 beatus
1545 912 1706 984 Gregorius,

59 1005 164 1072 junctus
179 1012 232 1072 est,
249 1018 304 1057 non
327 1001 436 1056 habebit
457 1002 549 1067 vitam,
575 1003 624 1056 sed
646 1003 686 1056 ira
706 1001 755 1056 Dei
770 1009 860 1056 manet
882 1005 888 1014 '
910 999 1055 1054 nonnullos
1082 1001 1133 1055 hoc
1159 1000 1249 1070 ipsum
1277 1000 1377 1055 donum
1405 1002 1508 1071 accepti
1538 1001 1651 1072 Spiritus
1680 1002 1707 1055 in

61 1107 228 1162 supereum.
254 1091 383 1162 Quisquis
407 1099 496 1145 autem
519 1092 546 1145 iu
568 1091 618 1146 hac
641 1091 767 1147 Ecclesia
789 1091 859 1146 bene

61 1179 163 1243 vixerit,
192 1180 259 1233 nihil
283 1179 308 1234 ei
334 1180 510 1249 praejudicant
533 1180 621 1234 aliene
643 1188 762 1251 peccata.
790 1180 859 1246 Qrtin

61 1268 292 1341 unusquisquam
307 1283 341 1322 ea
353 1270 578 1340 propriumonns
591 1270 715 1341 portabit
730 1269 802 1338 (Gal.
820 1267 857 1338 v),

61 1358 125 1412 sicut
140 1357 208 1412 dicit
229 1356 385 1427 Apostolus.
413 1358 447 1410 Et
471 1358 629 1430 quicunque
654 1358 684 1411 in
711 1374 743 1412 en
759 1373 859 1428 corpus

910 1105 986 1143 nsum
1002 1088 1193 1160 negotiationis
1208 1089 1359 1155 inflectere,
1376 1098 1401 1144 et
1423 1089 1616 1147 miraculorum
1630 1089 1710 1162 signa

911 1177 945 1231 ad
960 1177 1081 1232 avaritiae
1100 1177 1262 1249 obsequium
1285 1176 1432 1233 declinare.
1456 1179 1523 1234 Hinc
1547 1186 1588 1233 est
1616 1179 1705 1245 enim,

911 1266 984 1336 quod
1000 1265 1092 1320 Simon
1108 1282 1206 1339 magus
1229 1283 1280 1336 per
1301 1266 1498 1337 impositionem
1522 1284 1617 1322 manus
1637 1268 1708 1322 edita

910 1353 1042 1410 miracula
1074 1353 1255 1424 conspiciens,
1285 1355 1426 1425 percipere
1465 1356 1566 1410 donum
1595 1355 1709 1426 Spiritus

66 1448 167 1502 Christi
182 1446 400 1501 manducaverit
416 1446 540 1517 indique,
551 1447 694 1516 judicium
708 1447 760 1501 sibi
774 1463 859 1500 rnnn-
911 1444 997 1498 sancti
1012 1443 1127 1513 pecunia
1141 1443 1235 1508 voluit,
1265 1443 1368 1500 scilicet
1391 1451 1418 1498 ut
1440 1444 1558 1499 deterius
1580 1444 1709 1499 venderet

63 1536 142 1589 dcent
157 1539 188 1588 et
204 1535 274 1589 bibit
289 1534 313 1603 (l
328 1535 388 1588 Cor.
403 1538 456 1602 xi).
469 1534 536 1587 Cum
553 1534 626 1588 enim
641 1534 705 1588 dicit
717 1535 860 1605 judicium
911 1532 983 1602 qood
1013 1532 1084 1587 mole
1108 1541 1305 1602 comparasset.
1331 1532 1408 1587 Unde
1432 1531 1502 1587 bene
1526 1549 1586 1588 cum
1608 1534 1708 1602 Justum

63 1624 107 1677 sibi
121 1621 292 1687 manducat,
317 1621 383 1676 satis
408 1622 525 1676 ostendit
549 1622 613 1692 quia
628 1638 682 1676 uon
697 1622 773 1677 alteri
785 1621 860 1691 jndi-
911 1622 998 1676 virum
1012 1620 1179 1675 describeret
1193 1621 1328 1691 propheta
1338 1621 1393 1675 ait:
1413 1623 1465 1689 Qut
1479 1624 1591 1677 excutit
1606 1638 1711 1677 munos

62 1710 125 1765 cium
141 1710 303 1773 manducat,
322 1710 370 1763 sod
386 1710 446 1773 sibi,
472 1711 537 1781 quia
558 1710 711 1766 communio
726 1711 859 1765 malornm
873 1734 900 1795 Β
912 1727 976 1764 srvos
991 1711 1024 1764 nh
1039 1712 1117 1764 cerini
1128 1710 1301 1782 metnechs.
1315 1711 1431 1780 xxxin).
1443 1711 1537 1782 Neque
1549 1711 1621 1764 enim
1634 1710 1707 1776 dicit,

62 1815 108 1853 uon
122 1798 247 1853 maculat
261 1797 381 1869 aliquem
395 1797 602 1870 participatione
617 1808 857 1866 sacramentorum,
910 1798 956 1869 qui
971 1799 1070 1853 excutit
1088 1815 1184 1852 manus
1200 1815 1263 1853 suas
1286 1814 1302 1852 a
1318 1815 1440 1864 munere,
1464 1800 1511 1854 sed
1536 1799 1658 1867 adjunxit
1678 1800 1711 1854 ab

61 1888 101 1942 sed
118 1902 263 1942 consensu
287 1885 427 1941 lectorum.
448 1887 517 1940 Nam
532 1887 554 1940 si
570 1887 597 1941 in
621 1887 698 1942 factis
712 1888 791 1941 malis
806 1903 860 1942 non
910 1889 996 1956 oanni,
1014 1887 1076 1957 quia
1092 1887 1164 1941 alind
1180 1894 1219 1941 est
1235 1903 1334 1941 munus
1349 1887 1383 1941 ab
1405 1887 1546 1958 obsequio,
1564 1886 1638 1942 eliud
1651 1903 1711 1941 rnn-

61 1977 94 2030 eis
110 1976 232 2046 quisque
247 1975 410 2044 consentiat,
426 1984 519 2046 portat
528 1976 615 2030 malus
624 1992 733 2032 causam
750 1985 860 2031 suamet
910 1991 960 2029 nus
983 1990 1000 2030 a
1024 1991 1115 2040 manu,
1137 1975 1210 2030 alind
1232 1992 1330 2029 murrns
1344 1991 1361 2029 a
1375 1976 1478 2045 lingua.
1495 1978 1592 2030 Munus
1611 1977 1710 2047 quippe

61 2079 206 2136 personam
231 2079 317 2129 suam,
347 2079 401 2119 non
428 2063 584 2135 praejudicat
614 2065 701 2132 alteri,
728 2081 808 2136 quem
832 2065 859 2119 in
911 2064 945 2118 ab
960 2065 1092 2135 obsequio
1107 2072 1156 2128 est,
1174 2054 1306 2134 subjec'tio
1320 2065 1440 2119 indebito
1462 2065 1596 2134 impensa,
1612 2080 1710 2118 munus

64 2153 244 2208 consensione
259 2152 323 2206 mali
338 2152 427 2223 operis
438 2154 541 2207 socium
551 2170 604 2208 non
614 2153 695 2231 habet
709 2154 857 2209 criminis»
911 2168 1022 2207 amanu
1035 2154 1159 2224 pecunia,
1186 2170 1284 2207 munus
1307 2170 1323 2207 a
1347 2154 1440 2226 lingua
1464 2153 1552 2208 lavor.
1573 2153 1625 2222 Qui
1641 2168 1709 2225 ergo

63 2241 108 2310 Qui
124 2257 193 2296 vero
209 2258 243 2296 cv
259 2256 422 2313 quocunque
438 2249 519 2308 statu,
536 2243 750 2315 velqnocunque
766 2244 859 2299 ordine
911 2257 1005 2296 sacros
1021 2242 1131 2296 ordines
1146 2242 1246 2307 tribuit,
1268 2251 1332 2297 tunc
1347 2244 1382 2296 ab
1397 2242 1471 2298 omni
1485 2257 1598 2296 munere
1612 2258 1710 2296 manus

60 2329 197 2384 schismati
213 2330 271 2398 ejus
286 2328 388 2394 lavent,
406 2331 544 2384 attendant
554 2338 579 2384 ot
592 2332 747 2401 appendant
762 2331 860 2385 dillini·
911 2331 1021 2396 excutit,
1039 2331 1148 2401 quando
1163 2331 1190 2385 in
1205 2331 1303 2386 divinis
1322 2332 1405 2386 robus
1428 2347 1482 2385 non
1499 2331 1585 2385 solum
1606 2330 1710 2384 nullam

61 2419 155 2474 tionem
174 2418 431 2489 apostolicaesedis,
448 2435 530 2490 quam
544 2420 661 2474 decretis
676 2421 732 2474 suis
746 2420 859 2474 inseruit
910 2419 1064 2489 pecuniam,
1082 2420 1130 2474 scd
1145 2420 1227 2474 etiam
1242 2421 1388 2474 humanam
1404 2420 1521 2492 gratiam
1537 2436 1591 2475 nou
1614 2419 1709 2490 requi-

61 2507 159 2573 dicens‚
180 2529 191 2556 r
211 2506 352 2578 Quisquis,
368 2507 463 2578 inquit,
476 2508 590 2561 assentit
600 2508 715 2579 principi
729 2508 861 2563 schisma·
911 2509 954 2562 rit.
974 2530 985 2557 i
1003 2509 1079 2563 Unde
1095 2508 1226 2563 Dominus
1241 2510 1390 2564 vendentes
1405 2517 1430 2563 ot
1446 2517 1567 2564 ementes
1590 2499 1628 2562 ex'
1639 2496 1709 2563 tem-

61 2595 96 2660 tis,
115 2595 314 2651 schismaticus
329 2612 390 2650 csse
404 2596 499 2668 negari
514 2612 568 2651 non
578 2597 687 2666 poterit.
703 2597 780 2666 Quod
796 2606 821 2651 ct
837 2598 860 2651 si
911 2597 956 2666 plo
972 2596 1103 2661 eliminat,
1119 2594 1186 2667 quia*
1197 2598 1240 2651 vol
1256 2613 1303 2651 eos
1319 2612 1368 2668 pro
1384 2613 1496 2651 munere
1510 2597 1709 2667 impositionem

62 2701 153 2739 omnes
184 2685 344 2740 sacerdotes
367 2693 394 2740 et
420 2686 537 2740 mundus
559 2686 698 2754 assentiat,
723 2686 860 2741 damnatio
910 2700 1038 2739 manuum
1055 2685 1183 2751 tribuunt,
1201 2686 1243 2740 vel
1259 2701 1306 2741 eos
1321 2687 1366 2756 qui
1377 2686 1478 2740 donum
1490 2685 1606 2755 Spiritus
1617 2702 1709 2740 emere

61 2775 263 2830 consentientes
291 2774 413 2840 involvit,
437 2790 490 2830 non
513 2775 766 2845 praevaricationem
791 2791 858 2830 con·
911 2774 1032 2829 nituntur
1047 2774 1167 2829 damnat.
1186 2774 1338 2829 l'endentes
1354 2774 1453 2846 quippe
1475 2775 1502 2828 in
1519 2773 1620 2845 templo
1635 2780 1707 2838 sunt,

62 2875 153 2914 sensus
183 2858 312 2913 absolvit.
338 2859 399 2913 Nou
422 2860 494 2913 enim
522 2860 625 2914 crimen
648 2860 785 2926 minuitur,
811 2860 860 2914 sed
911 2863 956 2934 qui
972 2865 1023 2918 hoc
1039 2863 1112 2934 quod
1133 2862 1296 2934 quibusdam
1317 2864 1378 2932 jure
1399 2864 1527 2933 competit
1541 2863 1575 2917 ad
1590 2862 1710 2934 pretium

61 2948 199 3011 accrescit,
224 2963 288 3002 cum
311 2948 441 3019 generale
463 2946 491 3002 sit
516 2965 549 3003 ex
569 2949 685 3018 privato.
710 2949 768 3003 Hoc
788 2949 860 3003 enim
910 2951 1072 3023 largiuntur.
1095 2952 1223 3007 limentes
1247 2968 1311 3007 vero
1333 2952 1360 3007 in
1376 2952 1477 3023 templo
1492 2961 1568 3017 sunt,
1585 2951 1631 3023 qui
1645 2951 1710 3006 dato

61 3036 125 3092 heus
155 3037 280 3091 omnium
302 3035 441 3101 indicarit,
470 3037 515 3108 qui
540 3038 671 3091 mundum
700 3045 858 3108 peccantem
910 3040 1033 3111 patronis
1055 3040 1169 3111 praemio
1191 3050 1283 3096 emunt
1307 3049 1460 3112 peccatum.
1481 3041 1549 3096 Hinc
1571 3049 1612 3095 est
1636 3040 1709 3111 quod

61 3123 177 3197 generali
194 3124 298 3180 diluvio
314 3124 460 3179 interemit.
480 3147 491 3174 u
519 3126 607 3180 isdem
623 3142 698 3191 vero,
715 3134 743 3180 ut
754 3127 859 3195 jactant
911 3130 981 3184 sacri
997 3145 1116 3185 canones
1132 3130 1308 3185 simoniacam
1324 3130 1449 3186 haeresim
1463 3130 1602 3196 damnant,
1620 3138 1645 3184 ct
1661 3145 1709 3183 eos

60 3213 172 3269 lautores
190 3214 241 3282 sui,
268 3221 294 3268 ct
317 3213 481 3283 applaudunt
503 3215 529 3269 ci
548 3215 695 3285 complices
710 3232 858 3286 praesurnp·
910 3218 1064 3273 sacerdotio
1075 3219 1176 3289 privari
1191 3219 1359 3290 praecipiunt,
1372 3220 1418 3289 qui
1427 3219 1460 3273 de
1477 3218 1626 3291 largiendis
1635 3217 1710 3272 ordi-

61 3303 131 3358 tionis
148 3319 218 3368 suae,
235 3317 291 3356 non
305 3319 462 3373 proponens
487 3305 572 3358 Deum
597 3311 657 3358 ante
683 3312 858 3375 conspectum
909 3306 988 3360 nibus
1003 3308 1120 3378 pretinm
1145 3314 1278 3379 quaerunt.
1299 3310 1333 3362 Et
1355 3307 1519 3378 cumprime
1538 3315 1709 3361 contrasau·

61 3408 141 3457 suum,
156 3390 308 3462 persuadet
323 3391 375 3444 sibi
399 3399 489 3447 tenere
514 3402 540 3447 et
553 3409 688 3464 usurpare
704 3410 749 3448 res
767 3409 799 3448 ac
815 3392 857 3447 la·
909 3403 980 3451 ctam
996 3395 1146 3451 Ecclesiam
1169 3396 1316 3451 simoniaca
1339 3396 1450 3450 haeresis
1473 3395 1506 3449 sit
1529 3402 1633 3460 exorta,
1660 3410 1709 3449 cur

62 3483 166 3535 cultates
192 3496 209 3535 a
235 3496 265 3535 se
286 3479 389 3535 invasae
413 3481 545 3546 ecclesiae,
572 3482 678 3536 etiamsi
703 3484 738 3537 ad
759 3498 858 3536 nomen
909 3500 962 3538 non
978 3484 1085 3539 videtur
1099 3485 1163 3555 quia
1177 3500 1240 3538 cum
1255 3501 1337 3555 quem
1351 3499 1412 3538 oum
1427 3483 1513 3554 pretio
1529 3483 1709 3553 ordinatpro·

62 3569 214 3641 episcopale
229 3570 373 3640 pervenire
396 3570 557 3642 nequiverit,
578 3579 748 3626 assumentes
765 3572 793 3625 in
807 3587 859 3625 au·
909 3573 1033 3627 vehendo
1047 3572 1104 3644 agit
1117 3581 1145 3626 ut
1160 3572 1304 3628 haereticus
1319 3571 1387 3627 fiat?
1402 3572 1473 3628 sacri
1488 3587 1603 3644 namque
1620 3586 1706 3627 cano-

62 3669 196 3729 gmentum
211 3675 268 3713 suae
293 3660 475 3714 damnationis
498 3661 624 3731 exempla
644 3662 677 3715 de
694 3661 858 3732 quibusdam
895 3677 957 3730 ,nes
973 3668 998 3715 et
1013 3661 1170 3717 ordinantes
1194 3670 1220 3715 et
1243 3661 1383 3716 ordinatos
1406 3677 1457 3732 pro
1471 3677 1595 3725 munere,
1617 3660 1666 3716 scd
1681 3668 1708 3716 et

64 3749 190 3817 ecclesiis,
218 3764 280 3819 quae
306 3749 484 3820 quorumdam
513 3749 665 3820 principum
692 3750 858 3820 temporibus
908 3749 1106 3805 interventores
1130 3748 1354 3823 irrefragabiliter
1376 3749 1516 3815 damnant,
1538 3748 1607 3805 sicut
1622 3749 1708 3805 lector

63 3837 98 3891 diu
112 3839 172 3892 siue
187 3845 301 3908 pastore
316 3846 462 3903 vacarunt,
480 3854 529 3893 sua
545 3854 630 3909 opera
645 3839 721 3910 qnasi
735 3856 767 3894 ex
783 3855 857 3894 mor·
908 3837 1071 3894 insecundo
1092 3839 1211 3909 capitulo
1232 3838 1326 3911 magui
1350 3838 1580 3894 Chalcedonensis
1600 3837 1708 3894 concilii

65 3927 107 3980 tois
119 3927 253 3998 pellibus,
269 3935 298 3980 ut
321 3927 418 3981 beatus
433 3928 602 3982 demonstrat
617 3927 778 4000 Gregorius,
796 3943 858 3984 cre·
908 3929 1006 3998 poterit
1021 3928 1153 3983 invenire.
1168 3928 1226 3982 Nos
1250 3928 1359 4000 quidem
1380 3943 1435 3983 non
1451 3928 1555 3984 incerto
1574 3926 1708 3983 relatione

65 4014 148 4070 dentes
177 4015 290 4080 muniri,
321 4016 387 4070 dum
414 4017 574 4087 pravitatem
601 4032 677 4071 suam
700 4033 733 4071 ox
761 4017 859 4071 alienis
909 4016 1080 4088 saepefatum
1096 4016 1241 4081 Odacmm‚
1257 4033 1314 4071 nou
1337 4017 1425 4072 solum
1447 4002 1601 4088 pecuniam,
1618 4016 1709 4071 sedet

65 4104 236 4172 pravitatibus
266 4112 383 4159 tuentur.
414 4104 482 4173 Quia
520 4105 591 4160 onim
618 4105 682 4160 talia
709 4106 858 4178 contigisse
908 4122 953 4160 res
967 4123 1017 4177 per
1031 4122 1086 4161 non
1096 4106 1202 4178 ignotas
1212 4121 1345 4177 personas
1355 4121 1405 4177 pro
1416 4105 1591 4178 percipiendo
1602 4105 1708 4177 episco-

67 4194 241 4258 considerant,
265 4209 295 4248 sc
323 4194 381 4249 haec
401 4193 492 4250 iacere
520 4195 635 4250 licenter
658 4196 858 4266 putantquod
908 4196 962 4266 pali
976 4195 1072 4250 ordine
1088 4195 1217 4250 obtulisse
1232 4195 1426 4265 comperimus.
1443 4196 1476 4250 Et
1493 4203 1601 4250 sanctus
1616 4196 1709 4265 hugn-

68 4283 174 4337 schisma
190 4299 254 4337 esse
276 4289 371 4338 contra
399 4283 571 4338 traditionem
596 4283 808 4339 ecclesiasticam
831 4293 858 4339 et
909 4284 995 4338 stinus
1010 4284 1038 4337 iu
1052 4283 1122 4338 libro
1136 4284 1171 4337 de
1185 4283 1298 4337 utilitate
1312 4282 1439 4338 credendi
1451 4282 1487 4337 ait
1504 4300 1509 4337 :
1529 4305 1539 4333 r
1558 4282 1708 4338 Hareticns

70 4386 199 4426 sacrorum
215 4386 352 4427 canonum
367 4371 584 4428 constitutionem
599 4381 724 4442 patenter
738 4372 857 4427 ostendi·
909 4381 950 4426 est
965 4371 1010 4443 qui
1024 4372 1136 4440 alicujus
1148 4371 1307 4442 temporalis
1323 4369 1458 4426 commodi
1474 4378 1499 4424 et
1513 4370 1632 4424 maxime
1647 4369 1708 4442 glo-

69 4464 110 4512 tur.
125 4459 206 4529 Quod
229 4467 341 4515 sauctus
362 4461 513 4533 Gregorius
537 4461 564 4514 in
586 4461 728 4533 Evangelii
748 4450 893 4516 homiliaD
907 4461 954 4515 rim
968 4461 1190 4531 principatusque
1206 4459 1304 4532 gratia,
1321 4459 1401 4513 falsas
1417 4473 1449 4514 ac
1463 4474 1548 4513 novas
1564 4457 1707 4528 opiniones

70 4547 196 4621 redarguit
226 4548 321 4605 dicens
338 4567 344 4602 :
364 4571 374 4597 r
393 4550 459 4604 Sunt
482 4549 613 4619 nonnulli,
636 4550 681 4621 qui
707 4551 772 4604 dum
797 4551 858 4620 plus

71 4641 192 4692 terrenam
221 4638 400 4693 substantiam
421 4654 502 4709 quam
526 4654 591 4692 oves
612 4638 736 4710 diligunt,
761 4639 858 4694 merito

71 4737 156 4780 nomen
169 4725 289 4796 pastoris
304 4726 431 4796 perdunt,
448 4726 511 4798 quia
526 4741 578 4780 non
590 4742 640 4797 pro
656 4742 749 4780 amore
765 4726 858 4781 intimo

71 4827 124 4867 oves
139 4812 306 4879 Dominicas,
330 4815 378 4869 sed
398 4815 433 4868 ad
455 4815 619 4885 temporales
640 4815 783 4871 mercedes
807 4831 858 4886 pe-

72 4912 145 4956 scnut.
162 4902 346 4958 hlercenarius
370 4903 470 4974 qnippe
493 4911 544 4972 est,
569 4904 615 4974 qui
637 4902 726 4959 locum
741 4903 859 4974 pastoris

69 4996 139 5058 tenet,
165 4993 215 5047 sed
245 4991 324 5046 lucra
347 4992 501 5047 animarum
529 5008 584 5048 non
611 4993 716 5068 quaerit,
742 4993 858 5047 terrenis

69 5081 209 5136 commodis
234 5081 329 5147 inhiat,
352 5082 457 5136 honore
479 5080 644 5152 praelationis
660 5081 771 5154 gaudet,
787 5089 858 5136 tem-

66 5170 199 5238 poralibus
214 5168 298 5225 lucris
313 5171 443 5241 pascitur,
460 5171 584 5241 impensa
598 5170 650 5225 sibi
661 5171 694 5224 ab
705 5170 859 5225 hominibus

65 5259 209 5313 reverentia
223 5258 345 5325 laetatur,
361 5268 387 5313 et
401 5275 451 5330 pro
466 5276 500 5315 eo
514 5259 574 5330 ipso
596 5259 668 5331 quod
683 5259 711 5313 in
725 5259 858 5332 regimine

63 5344 172 5416 laborat,
189 5347 233 5403 hic
248 5347 322 5419 quod
337 5347 434 5419 quaerit
455 5348 584 5415 inveniat,
610 5355 636 5402 et
651 5348 685 5401 ab
704 5348 859 5403 haereditate

61 5437 150 5509 gregis
165 5437 193 5492 iu
207 5442 351 5508 posterum
366 5436 472 5491 alienus
487 5436 596 5492 existat.
614 5458 625 5487 »

94 5526 124 5580 V.
140 5526 277 5582 ceterum
291 5525 357 5597 quia
378 5532 496 5599 cognata
517 5534 578 5582 sunt
600 5525 720 5582 schisma
733 5533 760 5580 et
773 5527 858 5582 haerc-

909 4550 952 4605 vel
967 4549 1055 4622 gignit
1079 4549 1122 4603 vel
1146 4549 1278 4620 sequitur.
1298 4549 1346 4603 Ille
1367 4556 1457 4603 autem
1482 4546 1528 4619 qui
1552 4545 1707 4614 hujusmodi

908 4638 1011 4692 homini
1026 4639 1122 4705 credit,
1139 4639 1220 4693 homo
1234 4647 1275 4693 cst
1290 4637 1484 4710 imaginatione
1509 4635 1624 4707 quadam
1646 4634 1706 4706 pie-

909 4727 971 4781 tatis
985 4726 1090 4781 illusus.
1113 4748 1124 4777 i

946 4815 991 4869 vt.-
1007 4816 1036 4870 ln
1051 4816 1195 4889 privilegio
1220 4813 1391 4870 belvacensis
1414 4811 1554 4879 Ecclesia,
1571 4827 1707 4869 consensu

908 4903 1001 4958 domni
1018 4905 1109 4959 Karoli
1134 4920 1183 4958 nos
1205 4903 1326 4974 episcopi
1348 4909 1465 4974 quatuor
1493 4901 1706 4973 provinciarum,

908 4992 1075 5048 Rhemornm
1100 4993 1211 5056 scilicet,
1233 4991 1506 5062 Rhotomagensium,
1537 4992 1706 5047 Turonorum
1787 4976 1792 4987 ⁶

908 5098 940 5137 ac
956 5082 1104 5151 Senonum,
1121 5083 1253 5150 majorum
1276 5079 1401 5151 exempla
1416 5081 1518 5146 secuti,
1535 5080 1667 5136 canonica
1681 5086 1707 5135 et

909 5171 1058 5242 episcopali
1080 5169 1239 5226 auctoritate
1268 5170 1445 5225 decernentes
1473 5169 1706 5239 subscripsimus,

911 5281 922 5310 ι
941 5261 974 5315 Ut
989 5259 1062 5313 nulla
1077 5258 1216 5314 saecularis
1226 5265 1348 5328 potestas
1362 5259 1396 5315 de
1411 5259 1492 5314 rebus
1506 5255 1636 5328 episcopii
1647 5256 1707 5312 Bel-

909 5347 1033 5402 vaconsis
1059 5346 1189 5402 Ecclesiae
1212 5357 1373 5418 praesumat.
1393 5347 1420 5402 Si
1436 5347 1496 5418 quis
1515 5362 1581 5401 vero
1597 5362 1704 5419 regum,

909 5436 1090 5501 sacerdotum,
1108 5443 1134 5491 et
1155 5436 1287 5505 judicum,
1312 5445 1392 5508 atque
1416 5434 1584 5491 secularium
1608 5452 1706 5508 perso·

908 5539 1015 5591 narum,
1048 5526 1118 5581 hanc
1151 5525 1349 5582 constitutionis
1376 5524 1506 5598 paginam
1534 5540 1705 5601 cognoscens
