3794 6104
645 190 820 247 netstoln
840 191 886 246 ET
903 192 1075 250 DECRETR.
1588 192 1640 247 758

97 336 106 375 r
120 336 182 392 quae
196 328 221 374 et
237 318 325 390 qualia
341 319 383 374 his
397 326 469 373 retro
483 316 580 371 diebus
604 333 619 370 a
643 314 788 371 lantberto
802 313 904 374 Atiam
919 316 946 370 in
963 332 1025 372 eum
1040 323 1066 372 et
1088 316 1116 370 io
1138 330 1233 370 ornnes
1257 329 1388 386 sequaces
1412 315 1480 382 ejus,
1503 313 1527 369 si
1551 320 1645 368 contra

97 422 139 463 mo
159 406 258 463 comite
279 405 350 461 mala
371 414 398 460 et
420 404 584 474 multiplices
608 403 682 475 passi
703 417 797 461 sumus
846 403 941 459 urbem
970 405 1084 460 Romam
1110 412 1137 459 et
1171 402 1320 459 Ecclesiam
1348 403 1498 458 Romanam
1525 399 1647 471 aliquam

97 512 110 563 r,
127 494 224 567 quales
237 494 328 549 nullus
342 501 544 549 antecessorum
561 500 714 547 nostrorum
730 505 796 560 pon·
847 506 940 546 rursus
954 492 1068 547 veniens
1090 490 1318 556 contrarietatem,
1344 489 1387 546 rel
1410 488 1574 554 molestiam,
1598 494 1645 541 aut

104 598 273 654 equaquam
287 583 374 637 Deum
390 581 497 637 colente
511 581 672 634 sustinuisse
688 577 791 634 recoli·
847 579 1075 648 perturbationem
1091 579 1191 634 inferre
1206 577 1419 649 quolibetmodo
1429 575 1642 647 praesumpserit,

97 679 141 727 tur
156 687 237 726 omne
252 687 323 740 pene
338 669 505 724 territorium
530 669 559 723 S.
583 668 657 722 Petri
682 667 739 720 suis
754 674 795 737 ty·
846 667 872 719 in
888 667 1002 722 eeclesia
1017 668 1087 722 beati
1104 666 1178 723 Pauli
1193 666 1313 723 doctoris
1332 665 1455 738 gentium
1469 663 1643 736 protulimus.

97 786 99 796 r
126 759 330 815 devastantibus
357 757 530 814 hominibus.
559 773 621 811 curn
654 757 789 809 immensa
845 753 995 810 Etidciroo
1010 755 1099 810 nullus
1114 763 1234 810 restrum
1258 754 1317 823 ejus
1339 751 1582 825 iniquisoperibus
1606 749 1645 805 ia·

97 847 266 904 multitudine
289 848 404 903 Romam
427 845 500 901 rcuit
516 863 522 898 :
540 859 590 899 nos
613 851 703 897 autem
719 842 793 897 illurn
845 850 917 905 reat,
933 842 997 914 quin
1012 843 1101 913 potius
1117 842 1200 897 libere
1224 849 1330 914 arguat,
1355 841 1378 895 si
1400 837 1644 911 apostolicaesedis

97 935 209 992 ilectum
234 935 351 990 amicum
371 933 443 1004 apud
460 922 575 987 >beatum
599 933 705 987 Petrum
732 946 794 1001 apo·
844 929 925 983 uultis
941 945 1049 1001 semper
1063 929 1149 985 iulciri
1164 930 1272 985 auxilio.
1289 929 1461 999 Quapropter
1470 927 1529 983 haec
1542 925 1642 991 omnia,

97 1039 122 1078 m
137 1023 288 1094 principem
308 1019 458 1077 honorifice
482 1019 653 1090 recepimus;
670 1020 720 1073 setl
735 1019 794 1088 ipse
844 1024 871 1070 ut
896 1016 993 1072 restris
1017 1016 1198 1087 suffraganeis
1224 1016 1360 1087 episcopis
1383 1015 1491 1088 cognita
1520 1013 1641 1077 iacietis,

97 1110 156 1167 ovili
177 1112 248 1182 pelle
270 1111 389 1175 indutus,
415 1109 495 1164 solita
520 1107 639 1178 repletus
660 1107 791 1177 nequitia,
843 1104 1031 1160 incunctanter
1045 1106 1186 1160 hortamur
1200 1104 1406 1159 sanctimoniam
1426 1110 1554 1167 vestram,
1571 1115 1643 1173 qua·

97 1215 155 1271 rque
170 1207 316 1269 corruptus
339 1197 456 1268 ingenti,
477 1202 569 1251 contra
584 1211 635 1249 nos
648 1196 792 1267 insurgere
843 1199 921 1246 tenus
951 1191 1012 1263 ipsi,
1044 1193 1088 1263 qui
1116 1191 1376 1261 membracorporis
1399 1190 1499 1246 Christi
1512 1188 1640 1256 existunt,

97 1286 192 1341 bitavit
207 1287 376 1349 t‘rlimoirrua,
393 1285 440 1338 lib.
458 1300 485 1348 v,
502 1300 527 1337 c.
543 1284 597 1353 37).
613 1283 681 1337 Nam
698 1292 792 1352 portas
842 1280 982 1334 vobiscum
1005 1279 1107 1350 pariter
1134 1295 1183 1351 pro
1206 1279 1362 1349 apostolieae
1384 1279 1456 1332 sedis
1480 1276 1642 1332 exaltatione

97 1390 107 1428 s
134 1374 261 1429 Romane
291 1373 441 1439 violenter,
472 1371 580 1441 imoque
607 1370 792 1425 fraudulenter
842 1368 968 1422 studeant
981 1368 1127 1422 desudare.

97 1468 222 1532 otamque
238 1461 334 1516 urbem
354 1461 488 1519 Romam:
504 1473 536 1513 oc
554 1474 604 1528 per
623 1458 682 1512 dies
704 1458 790 1528 pluri·
1191 1499 1273 1553 cvm

97 1549 186 1604 mines
209 1565 273 1604 suos
295 1548 329 1602 ita
354 1548 454 1603 arctius
479 1546 598 1601 retinere
625 1545 698 1610 iecit,
714 1555 740 1599 ut
756 1562 790 1600 ne
1278 1540 1285 1553 ‘

97 1652 118 1692 rs
137 1636 329 1704 Romanorum,
350 1651 401 1691 nec
425 1634 546 1706 episcopi
571 1641 597 1687 et
620 1634 833 1718 sacerdotes,B
968 1616 1004 1656 Μ)
1023 1617 1184 1657 ”mmm
1204 1618 1297 1657 '‘⁸⁰¹³''
1317 1616 1511 1657 ⁸UL⁶³¹¹⁰¹¹W

97 1724 172 1779 etiam
190 1723 335 1778 familiares
359 1724 443 1778 nostri
468 1723 502 1777 ad
527 1741 578 1780 nos
600 1723 653 1776 nisi
674 1723 792 1776 maxima
1151 1693 1241 1761 (Λῃῃο
1258 1694 1333 1760 ω’)

97 1810 185 1866 atione
200 1812 315 1866 exeundi
339 1811 497 1868 iaerrltatem
522 1812 661 1867 haherent,
685 1810 792 1864 Cibaria
842 1813 916 1858 atissa
931 1822 977 1869 per
988 1814 1127 1867 Eugenium
1147 1816 1172 1858 et
1193 1812 1295 1858 Paulum
1319 1811 1453 1868 episcopos
1464 1820 1550 1856 mense
1564 1808 1642 1865 Aprili

97 1907 177 1955 rostra
193 1899 272 1955 nobis
286 1899 380 1953 venire
392 1899 588 1954 instantissime
597 1898 789 1970 prohibebant.
1089 1883 1130 1928 ‘¹¹⁰
1140 1893 1191 1938 mr
1203 1882 1343 1928 mmmm
1357 1893 1391 1927 ¹¹·

97 1987 606 2060 bilespemep1500p05,p1·esb510,03
628 1996 708 2057 arque
734 1986 791 2039 dia.
840 1975 919 2057 Dolet
938 1973 1008 2057 quiid
1023 1974 1129 2056 (ἔναιρε
1142 1977 1293 2044 aequatam,-
1310 1973 1441 2026 bortatur·
1455 1969 1492 2024 od
1510 1972 1642 2053 Romqnoe

97 2074 235 2146 eligiosos
250 2075 398 2130 monachos
412 2092 472 2131 curn
496 2077 603 2147 hymnis
628 2084 654 2130 et
677 2074 791 2129 canticis
877 2040 1641 2169 hrcgtlffidffmwmgg'gff‘izzntwjaffgnssm‘)

97 2162 185 2229 ilibus,
197 2163 335 2234 sacrisque
351 2163 451 2218 litaniis
465 2165 500 2219 ad
520 2164 664 2220 eeclesiam
687 2162 790 2232 princi·
875 2131 1032 2255 {eph-,menz
1042 2131 1275 2239 agssacergoqum
1281 2129 1314 2237 θές
1325 2125 1639 2253 epsicopagumsswmo.

97 2251 231 2306 stolorum
247 2251 396 2315 venientes,
422 2252 484 2315 beu,
509 2253 578 2322 prola
602 2249 697 2306 dolori
714 2266 790 2305 more
877 2258 948 2319 tam,
960 2254 1117 2325 depositum
1128 2256 1217 2325 [uisae
1228 2253 1381 2323 significat.

99 2355 160 2394 rum
181 2339 427 2401 conturbaverunt,
457 2349 483 2394 et
512 2339 626 2395 fustibus
653 2339 791 2394 credentes
878 2341 1013 2396 lirenxnur
1028 2341 1086 2411 regi
1100 2341 1256 2412 Bulgarum.

97 2442 118 2482 rr
130 2427 327 2497 disperserunt,
343 2443 396 2481 non
413 2428 533 2483 sinentes
548 2427 609 2482 illos
624 2427 699 2482 exire
713 2426 790 2482 debi-
876 2428 1065 2499 spiritualibus
1086 2437 1112 2483 te
1136 2429 1288 2483 uisceribus
1307 2427 1380 2482 edito
1400 2425 1596 2498 gaudebamus,
1614 2433 1641 2480 et

97 2536 101 2568 t
127 2516 185 2571 Deo
210 2514 370 2569 sacrificium
393 2515 501 2570 ollrrrre,
532 2516 659 2570 lnirnicos
681 2530 789 2585 quoque
839 2532 890 2588 pro
905 2517 1054 2572 salvatione
1068 2525 1114 2571 tua
1129 2515 1406 2588 gratiasagebamus3
1423 2514 1639 2569 sednuncastu·

97 2600 211 2658 nfideles
226 2613 325 2658 sanctia
340 2604 469 2659 Romanae
483 2604 614 2659 Ecclesiae
628 2611 654 2658 et
670 2611 787 2667 nostros,
840 2605 874 2660 tia
890 2605 1072 2677 malignorum
1085 2605 1210 2675 decepto,
1228 2604 1366 2658 tristamur
1380 2611 1407 2657 et
1425 2601 1633 2674 ingemiscimus

97 2705 130 2746 oa
144 2706 207 2745 cum
220 2699 312 2745 restro
328 2706 462 2746 consensu
486 2701 512 2746 et
531 2691 727 2761 subscriptione
748 2690 789 2744 bis
840 2697 967 2745 verentes
988 2699 1014 2744 et
1038 2691 1262 2759 pertimescentes
1285 2705 1319 2744 ne
1343 2689 1366 2744 si
1382 2688 1450 2743 torte
1466 2687 1578 2743 Graecos
1593 2702 1639 2742 se·

97 2779 189 2848 ojam
211 2779 458 2834 excommunicatos
482 2779 679 2850 damnatosque
701 2778 789 2832 babe—
839 2779 893 2834 cuti
918 2777 1034 2846 fueritis,
1057 2794 1119 2833 cum
1143 2777 1181 2831 illi
1196 2777 1223 2831 in
1246 2777 1370 2832 diversas
1384 2777 1503 2831 haereses
1526 2784 1553 2831 et
1566 2775 1641 2831 sebi-

97 2882 160 2938 rper
174 2882 224 2921 nos
247 2875 348 2921 temere
374 2867 519 2931 conduxit,
545 2883 647 2937 eosque
672 2867 699 2920 in
722 2866 789 2921 urbe
840 2875 928 2921 smata
943 2865 1022 2921 solito
1037 2881 1113 2921 more
1128 2865 1286 2929 ceciderint,
1303 2880 1352 2920 vos
1371 2879 1479 2936 quoque
1498 2879 1560 2918 cum
1574 2863 1642 2934 ipsis

97 2954 147 3008 sine
162 2962 255 3008 nostra
271 2954 408 3008 voluntate
427 2954 546 3008 immisit.
572 2955 619 3008 llis
635 2953 725 3026 itaque
739 2970 789 3008 nos
841 2953 866 3008 in
882 2954 983 3009 erroris
997 2952 1133 3024 profunda
1147 2953 1247 3019 ruatis3
1264 2953 1373 3009 etaient
1398 2967 1513 3022 serpeus
1537 2951 1645 3006 seduxit

97 3041 145 3097 ciis
159 3050 185 3095 et
200 3042 305 3108 injuriis
320 3042 511 3111 multiplicibus
526 3043 643 3114 gravati,
660 3058 721 3095 com
733 3050 789 3096 tota
804 2999 924 3097 CEram
938 3042 1035 3097 astutia
1052 3058 1109 3110 stra,
1128 3041 1164 3097 ita
1179 3058 1277 3096 sensus
1289 3040 1373 3097 vestri
1397 3047 1601 3111 corrumpantur
1616 3046 1643 3095 et

97 3130 215 3185 ostolica
231 3133 322 3183 tristes
336 3130 406 3184 adeo
420 3147 471 3199 per
485 3129 543 3184 dies
568 3130 668 3184 multos
683 3129 789 3185 exstiti·
840 3130 966 3186 excidant
980 3145 997 3185 a
1012 3129 1184 3200 simplicitate
1200 3138 1226 3184 et
1240 3130 1363 3185 castitate
1378 3136 1489 3199 quaeest
1499 3127 1642 3183 inchristo

97 3226 290 3288 tnequaqnam
307 3218 385 3272 nobis
399 3218 471 3272 aliud
481 3234 562 3290 agere
577 3218 630 3273 nisi
645 3218 710 3273 llere
726 3218 790 3273 licc-
838 3219 913 3274 lesn.
929 3219 999 3273 Nam
1014 3226 1048 3284 te,
1066 3217 1113 3281 sili,
1139 3216 1264 3271 Mosaicis
1285 3231 1354 3286 rogo
1378 3215 1480 3280 verbis,
1496 3216 1641 3286 interroga

97 3321 133 3361 tm
147 3306 214 3375 ipsis
228 3306 326 3360 diebus
350 3322 400 3360 nec
423 3306 507 3360 vestis
528 3305 576 3360 suit
599 3321 682 3375 super
704 3305 790 3360 altare
839 3310 1052 3379 poircmtaam,
1064 3305 1367 3361 etonnuntiodiitidi:
1380 3305 1505 3359 seniores
1524 3307 1596 3366 tuos,
1611 3306 1640 3357 ct

97 3394 170 3459 Rebi,
188 3409 239 3448 uec
254 3394 363 3464 aliquod
379 3393 416 3447 ibi
431 3401 591 3449 nocturnum
606 3393 649 3448 rel
663 3393 790 3448 diurnum
840 3394 936 3449 dicent
948 3394 999 3450 tibi
1009 3394 1101 3459 (Dent.
1114 3394 1218 3457 xxxn).
1231 3391 1253 3446 si
1264 3390 1411 3463 aliquando
1422 3389 1510 3445 Graeci
1521 3389 1579 3444 sine
1590 3388 1641 3445 bec

97 3496 151 3537 tex
166 3497 243 3536 more
262 3481 437 3537 celebratum.
463 3481 542 3536 Nunc
566 3481 646 3536 etiam
672 3481 791 3536 minatur
840 3482 939 3536 velilla
954 3481 1051 3537 baeresi
1073 3480 1170 3535 suerint
1186 3497 1192 3535 :
1209 3488 1235 3535 et
1250 3495 1312 3535 curn
1335 3495 1389 3535 non
1412 3476 1570 3533 inveneritis
1593 3492 1642 3532 eos

97 3569 176 3638 ejora
192 3569 301 3634 inferre,
317 3569 369 3622 nisi
385 3571 443 3636 ejtis
466 3569 684 3640 obtemperemus
700 3568 790 3624 bumi-
840 3571 876 3625 ab
890 3569 984 3640 aliqua
998 3569 1096 3624 haeresi
1106 3569 1253 3640 aliquando
1267 3567 1368 3623 liberos
1380 3566 1524 3636 exstitisse,
1536 3571 1643 3636 oportet

97 3657 210 3712 tlunmti.
236 3657 313 3712 Unde
338 3658 507 3711 sanctitatem
531 3664 649 3712 restrum
674 3657 718 3727 pio
734 3656 790 3711 ira-
841 3673 890 3712 ros
904 3673 999 3712 eorum
1012 3656 1125 3712 fraudes
1141 3664 1167 3711 et
1186 3656 1323 3712 consortia
1347 3655 1452 3724 lugere,
1469 3670 1504 3708 ne
1527 3668 1589 3709 cnm
1604 3651 1642 3707 illi

98 3744 252 3800 dilectionis
279 3743 376 3800 affectu
404 3745 573 3813 conjunctam
596 3745 736 3799 hortamur
763 3751 792 3799 ut
841 3745 1000 3811 erraverint,
1016 3760 1066 3798 ros
1080 3744 1185 3814 erretis,
1202 3752 1229 3799 et
1243 3760 1306 3799 curu
1325 3742 1362 3797 illi
1383 3743 1418 3798 ad
1442 3740 1642 3811 blasphemiam

97 3832 147 3887 ntis
161 3831 347 3888 afflictionibus
376 3840 401 3885 et
430 3833 548 3887 miseriis
582 3832 661 3903 capiti
688 3841 783 3888 nostro
841 3833 912 3887 rersi
927 3831 1036 3900 suerint,
1052 3840 1079 3887 et
1089 3847 1138 3887 ros
1149 3831 1228 3886 etiam
1242 3830 1305 3886 fidei
1316 3839 1399 3886 rectae
1409 3829 1642 3901 blasphematores

102 3936 137 3975 cx
151 3919 214 3974 totis
233 3920 391 3990 praecordiis
411 3921 509 3975 restris
535 3914 682 3976 nobiscum
690 3920 792 3990 pariter
841 3920 1030 3983 inveniamini;
1047 3936 1097 3976 nec
1121 3920 1172 3975 erit
1194 3920 1240 3992 qui
1264 3936 1313 3974 vos
1333 3917 1505 3990 postmodum
1524 3915 1644 3989 corrigat

97 4008 165 4072 atis,
181 4017 208 4063 et
223 4017 317 4062 contra
332 4009 573 4077 euidentissimum,
596 4017 622 4063 ct
645 4008 791 4064 immanem
842 4009 884 4064 rel
899 4009 1038 4065 aberrare
1053 4009 1165 4064 reducat
1182 4026 1189 4063 :
1205 4016 1232 4063 et
1244 4009 1296 4064 ltoe
1311 4014 1363 4074 est,
1387 4006 1454 4062 milri
1475 4005 1588 4071 credite,
1605 4003 1644 4058 iili

98 4104 262 4150 mnostrum
279 4112 448 4168 consurgere
465 4105 521 4151 toto
539 4097 635 4151 annisu
657 4096 794 4152 studeatis
842 4097 1012 4164 charissime,
1038 4097 1111 4168 quod
1130 4096 1272 4163 dolemus;
1297 4097 1349 4152 boc
1364 4103 1406 4151 est
1428 4094 1499 4150 unde
1517 4101 1597 4149 nocte
1619 4101 1646 4148 et

97 4199 175 4255 mque
190 4184 262 4238 illius
278 4200 331 4239 non
348 4185 470 4238 valentes
494 4185 628 4240 sustinere
644 4192 732 4239 tantas
747 4185 791 4239 in·
842 4186 886 4241 die
900 4201 951 4256 pro
967 4185 1045 4241 robis
1060 4185 1168 4240 solliciti
1185 4201 1298 4249 sumus;
1315 4199 1369 4239 non
1385 4183 1499 4256 gloriam
1520 4198 1553 4237 ex
1570 4180 1649 4236 robis

98 4271 163 4344 quia
178 4288 227 4342 per
252 4281 352 4327 terram
378 4272 416 4326 ire
436 4273 616 4344 nequivimus,
641 4288 690 4344 per
708 4273 786 4326 mari·
843 4273 886 4328 rel
901 4274 1032 4328 honorem
1047 4281 1091 4326 aut
1102 4287 1215 4327 censum
1229 4271 1324 4342 procul
1343 4271 1426 4325 dubio
1445 4276 1645 4340 exspectantes,

97 4375 132 4424 ar,
148 4360 206 4413 Deo
222 4360 347 4429 propitio,
363 4360 389 4412 in
406 4360 424 4414 F
428 4360 545 4415 ranciam
561 4359 698 4431 proficisci
711 4360 795 4414 debe-
808 4346 905 4416 Deum
920 4375 968 4415 ros
983 4360 1073 4429 potius
1088 4365 1115 4413 et
1134 4374 1188 4413 nou
1209 4365 1299 4413 vestra
1319 4373 1494 4429 quaeramus:
1511 4370 1574 4410 nam
1589 4370 1644 4410 non

97 4446 212 4502 loriosos
223 4447 325 4502 scilicet
337 4463 416 4517 reges
427 4448 598 4517 deprecaturi
610 4458 638 4501 ut
648 4448 793 4503 ecclesiam
842 4447 938 4519 patriae
959 4447 1082 4519 regimen
1103 4454 1130 4499 et
1151 4445 1308 4515 reipublicae
1330 4444 1506 4499 moderamen
1530 4442 1644 4513 adipisci

102 4535 174 4589 Petri
198 4543 224 4588 et
246 4535 382 4589 civitatem
411 4535 572 4600 Romanam,
596 4535 677 4590 totius
701 4536 792 4589 mundi
843 4534 977 4606 cupimus,
995 4533 1042 4588 sed
1057 4533 1210 4589 diaeceseos
1231 4533 1354 4603 ejusdem
1373 4531 1494 4604 regionis
1506 4545 1601 4586 curam
1616 4538 1644 4584 et

97 4630 113 4676 et
127 4622 274 4687 dominam,
301 4638 316 4676 a
337 4622 417 4676 tantis
436 4623 662 4693 oppressionibus
675 4632 701 4677 et
720 4623 792 4678 cals-
843 4622 1048 4694 dispositionem
1072 4624 1148 4678 more
1172 4621 1264 4693 prisco
1285 4635 1424 4677 resumere
1448 4618 1589 4683 volumus,
1614 4625 1645 4672 ut

97 4726 129 4764 us
143 4710 267 4773 liberent,
285 4710 422 4764 salsamet
438 4711 557 4781 quietam
570 4711 789 4772 sinantmaoere.
843 4710 1064 4776 sollicitudinem,
1088 4727 1168 4783 quarn
1191 4702 1327 4765 universis
1349 4708 1479 4763 debemus
1500 4703 1642 4772 Ecclesiia,

97 4813 145 4868 que
161 4813 243 4851 manu
263 4798 297 4849 ab
320 4798 436 4851 bostium
458 4815 524 4868 quas
547 4798 666 4869 patimur
686 4798 792 4854 insidiis
842 4808 917 4856 tanto
944 4814 995 4869 pro
1024 4800 1121 4854 eadem
1147 4797 1258 4853 diocesi
1291 4796 1417 4851 solertius
1447 4808 1642 4859 exerceamus,

97 4900 130 4947 .r;
147 4901 198 4940 nec
226 4901 275 4938 nos
303 4886 339 4940 ob
367 4886 440 4940 aliud
468 4885 531 4941 illuc
554 4886 716 4953 ituros,nisi
739 4902 791 4958 pro
841 4888 989 4960 antiquitus
1003 4887 1166 4958 pertinuisse
1186 4901 1239 4940 non
1263 4885 1431 4957 ignoramus,
1448 4890 1577 4953 tantoque
1592 4896 1642 4951 pro

97 4971 125 5026 ni
153 4972 249 5038 salute,
265 4973 359 5044 procul
385 4974 468 5027 dubio
496 4974 608 5030 credite.
640 4975 693 5029 Sed
723 4975 791 5030 sicut
842 4983 938 5031 restrae
954 4976 1048 5030 salutis
1064 4974 1185 5030 custodia
1201 4973 1344 5027 instantius
1364 4971 1477 5044 vigilare
1492 4971 1643 5038 valeamus,

97 5061 377 5115 >multorumrelatu
407 5061 560 5127 didicimus,
601 5078 662 5118 cum
682 5079 732 5117 nos
755 5063 790 5117 de
841 5072 940 5135 quanto
955 5071 984 5117 ut
999 5060 1140 5118 confirmet
1156 5063 1207 5117 b'oc
1224 5062 1297 5115 Dens
1322 5061 1395 5132 quod
1417 5067 1546 5131 operatus
1561 5058 1644 5113 estin

97 5164 155 5204 ema
173 5148 302 5203 fuerimus
317 5151 430 5221 egressi.
448 5160 619 5222 emptumque
631 5151 682 5205 iter
695 5151 789 5223 egeri·
840 5152 919 5207 nobis
934 5150 1039 5206 enixius
1062 5149 1140 5205 nubis
1164 5150 1309 5220 optandum
1334 5157 1385 5216 est,
1411 5157 1437 5204 et
1461 5147 1643 5203 districtiusa

97 5237 204 5291 adimus
228 5238 355 5292 eumdem
378 5239 549 5292 lambertum
572 5238 702 5293 satellites
724 5254 789 5294 suos
840 5239 919 5295 nobis
934 5238 1063 5294 divinitus
1077 5238 1250 5304 exigendum,
1274 5238 1375 5294 clarius
1397 5237 1508 5304 scimus,
1526 5235 1549 5290 si
1573 5235 1646 5291 circa

97 5324 225 5397 elligere,
256 5326 424 5396 Romamque
453 5343 547 5381 rursus
571 5334 789 5398 expugnaturum
839 5326 1044 5382 Instructionem
1059 5334 1085 5381 et
1102 5326 1279 5382 munitionem
1293 5333 1410 5381 vestram
1431 5324 1553 5390 desides,
1570 5323 1646 5397 quod

97 5412 147 5466 Ros
171 5428 235 5467 sero
260 5414 308 5467 boe
334 5414 459 5477 seientes,
476 5414 652 5468 artatbentatis
676 5422 787 5468 senten·
839 5415 918 5479 absit,
936 5413 1068 5469 fuerimus
1080 5415 1192 5469 inventi.
1209 5413 1385 5471 Revertimini
1403 5429 1471 5487 ergo
1493 5413 1527 5468 ad
1540 5413 1652 5469 beatum
