3794 6104
65 279 111 335 ala
470 269 591 330 Ol’USC.
619 271 666 328 ΕΤ
688 269 799 328 EPIST.
831 271 868 326 [Ν
886 269 999 329 CAUSA
1022 271 1201 329 HINCllAlll'
1216 271 1369 331 uaooott.
1658 278 1710 333 350

66 397 133 470 quod
162 413 218 452 non
245 395 394 463 credimus,
424 396 525 467 scripta
551 397 697 467 praesentia
720 396 808 468 aliqua
831 396 897 457 inA
911 397 1024 452 veniens
1039 397 1126 453 Deum
1142 397 1248 465 dixerit,
1275 398 1402 454 frivolum
1418 398 1497 455 valde
1512 399 1585 455 erit?
1607 400 1656 455 sed
1669 408 1712 455 ta-

65 494 138 559 parte
153 485 318 559 neglexerit,
333 503 349 540 a
364 485 437 541 beati
460 485 533 541 Petri
553 486 739 556 apostolorum
755 485 861 556 princi·
911 502 974 540 men
997 485 1078 540 minis
1102 486 1294 557 perniciosum.
1326 488 1355 543 Si
1379 488 1555 560 quantitatem
1579 490 1713 545 sermonis

64 576 102 646 pis
116 590 185 645 pacc
201 591 231 631 se
245 575 352 630 noverit
368 582 554 647 segregatum.
570 576 609 628 lta
624 590 691 648 ergo
706 583 797 629 vestra
812 573 862 628 fra·
911 575 1084 641 attendimus,
1107 574 1167 630 duas
1184 583 1245 630 sunt
1259 576 1390 647 syllaba,
1415 577 1520 633 sivero
1535 578 1643 648 pondus
1658 578 1713 633 ini-

65 663 175 718 temitas
188 671 262 736 agat,
278 671 306 718 ut
323 679 383 720 oum
400 671 491 734 pastor
507 671 646 734 pastorum
660 662 802 732 injudicio
816 677 862 718 ve·
913 662 1031 734 quitatis,
1049 663 1176 718 universa
1187 664 1331 734 pernicies.
1344 665 1405 737 Ego
1420 673 1511 721 autem
1522 665 1638 721 fidenter
1652 667 1713 722 dice

65 753 142 819 uerit,
167 753 203 807 de
225 751 287 808 loco
305 752 446 826 regiminis
460 768 540 824 quem
555 752 669 822 accepit,
686 760 792 808 reatum
812 751 862 807 ha·
913 751 976 822 quia
992 751 1115 823 quisquis
1130 767 1160 807 se
1175 752 1356 809 universalem
1373 753 1540 809 sacerdotem
1557 762 1647 822 vocat,
1671 754 1714 812 vel

65 843 127 897 bere
141 857 198 897 non
212 842 309 912 possit.
330 865 341 889 a
912 839 1005 896 vocari
1019 840 1167 908 desiderat,
1191 841 1219 895 in
1234 841 1351 897 elatione
1367 857 1417 897 sua
1431 842 1629 898 antichristum
1641 860 1715 915 prae·

97 930 132 985 Et
146 931 175 985 in
190 929 307 1001 epistola
321 930 355 984 ad
369 928 511 1001 Cyriacum
535 928 861 1000 Constantinopolitanum
913 928 1005 995 currit,
1030 929 1093 1001 quia
1117 929 1301 1000 superbiendo
1324 947 1354 986 sa
1375 930 1481 987 caeteris
1495 934 1638 1003 praeponit,
1664 947 1715 989 nec

66 1019 233 1090 episcopum,
260 1017 371 1074 loannis
395 1018 517 1089 episcopi
540 1034 727 1073 successorem
747 1019 805 1087 (tit.
823 1032 861 1084 vr,
913 1018 1014 1088 dispari
1029 1018 1157 1088 superbia
1172 1019 1205 1072 ad
1218 1035 1338 1074 errorem
1349 1019 1476 1087 ducituv;
1495 1021 1557 1092 quia
1568 1021 1638 1078 sicut
1648 1038 1715 1093 per-

66 1109 122 1165 ind.
141 1111 185 1172 15,
203 1109 286 1180 epist.
304 1106 331 1177 l)
349 1125 356 1162 :
374 1131 385 1154 ιι
404 1108 433 1161 ln
448 1108 510 1172 boc,
535 1106 630 1179 inquit,
643 1122 692 1161 vos
706 1106 864 1161 medullitus
914 1123 1011 1163 versus
1040 1106 1086 1162 ille
1114 1107 1187 1162 Deus
1217 1107 1304 1163 videri
1332 1108 1387 1163 vult
1415 1124 1499 1180 super
1522 1109 1658 1176 homines,
1678 1109 1716 1166 ita

66 1195 260 1268 amplectimur,
276 1195 304 1250 in
319 1197 370 1251 boc
386 1196 541 1251 sacerdotes
556 1212 617 1251 esso
632 1195 862 1266 recognoscimus,
914 1195 1039 1268 quisquis
1054 1195 1105 1251 isto
1121 1203 1172 1261 est,
1190 1196 1234 1267 qui
1252 1196 1325 1251 solus
1340 1198 1471 1252 sacerdos
1484 1198 1614 1269 appellari
1628 1214 1715 1270 appe-

67 1288 87 1342 si
100 1285 214 1356 repulsa
228 1285 344 1340 vanitate
359 1285 513 1349 verborum,
534 1283 683 1340 sanctitatis
699 1284 787 1339 locum
802 1300 865 1340 cam
915 1285 944 1340 tit
959 1300 1042 1355 super
1058 1284 1177 1356 reliquos
1200 1285 1372 1341 sacerdotes.
1400 1285 1453 1340 Sed
1467 1286 1595 1357 quoniam
1610 1287 1716 1343 Veritas

67 1383 156 1430 sancta
171 1373 323 1429 bumilitate
338 1374 460 1430 teneatis.
478 1374 551 1430 Ecce
566 1373 637 1429 enim
652 1373 680 1427 in
694 1372 804 1428 nefandi
818 1389 865 1444 ap-
914 1372 979 1429 dicit
992 1364 1166 1444 {Omniapoi
1179 1389 1209 1429 sc
1223 1375 1337 1429 ecoltat
1347 1375 1633 1437 ltomitiabiturllac.
1646 1375 1715 1446 xlv),

66 1464 212 1536 pellatione
225 1461 343 1517 nominis
359 1462 531 1519 scandalizati
545 1479 648 1531 sumus,
674 1469 700 1516 ει
714 1478 768 1517 nou
782 1461 865 1517 mini·
915 1462 972 1518 scio
1002 1460 1066 1533 quia
1096 1461 1223 1533 quaelibet
1252 1461 1332 1517 elatio
1363 1468 1438 1518 tanto
1467 1462 1547 1518 citius
1576 1463 1716 1534 rumpitur,

68 1568 122 1607 mas
137 1550 266 1625 querelas
282 1565 424 1606 servamus
438 1552 465 1605 in
479 1559 580 1614 mente,
591 1550 741 1622 promimus
751 1550 865 1608 invoce.
915 1558 1016 1623 quanto
1032 1550 1149 1621 amplius
1164 1551 1283 1606 inflatur.
1301 1550 1357 1605 Illis
1373 1566 1441 1624 ergo
1451 1551 1537 1622 pietas
1547 1559 1638 1607 vestra
1648 1568 1718 1623 prae-

70 1641 165 1697 l'estra
187 1648 280 1695 autem
302 1638 457 1695 fraternitas
478 1639 553 1695 novit
575 1639 637 1711 quia
652 1639 758 1694 Veritas
776 1639 864 1697 dicit:
915 1638 1007 1710 cipiat,
1034 1655 1068 1693 ne
1083 1639 1156 1711 quod
1170 1655 1218 1710 ρετ
1246 1640 1456 1710 appellationem
1484 1639 1575 1695 frivoli
1600 1639 1718 1696 nominis

69 1732 94 1787 Si
101 1730 187 1800 offers
196 1743 304 1784 munos
314 1733 395 1784 mam
403 1728 439 1784 ad
449 1729 551 1794 altore,
559 1734 586 1783 et
593 1727 814 1799 reliqua(llottlt.
824 1729 863 1798 v).
881 1727 1076 1817 Bacandalum
1091 1728 1216 1800 gignant,
1230 1729 1275 1800 qui
1290 1729 1318 1783 in
1333 1729 1460 1801 superbia
1472 1737 1498 1784 ει
1513 1730 1597 1801 typho
1612 1729 1719 1785 cecide·

70 1817 126 1887 Qua
140 1818 169 1872 in
184 1834 217 1873 τε
232 1816 405 1889 pensandum
419 1816 481 1888 quia
504 1833 565 1872 cnm
580 1816 668 1872 omnis
682 1817 762 1889 culpa
776 1815 867 1872 oblato
918 1824 988 1872 runt.
1006 1817 1076 1871 Nam
1091 1823 1220 1888 peccator
1234 1833 1297 1888 ego,
1320 1819 1366 1889 qui
1380 1826 1491 1874 auctore
1505 1819 1563 1874 Deo
1577 1817 1719 1873 bumilita-

69 1905 205 1962 sacrifrcio
220 1905 334 1975 deletur,
355 1912 457 1961 tantum
473 1914 514 1961 εει
528 1904 627 1960 malum
643 1905 764 1961 scandali
778 1905 867 1960 alieno
917 1914 971 1960 tem
986 1913 1075 1975 teneo,
1102 1905 1291 1961 admonendus
1306 1906 1340 1960 ad
1355 1906 1532 1963 bumilitatem
1546 1922 1601 1962 non
1615 1923 1686 1962 snm.
1706 1926 1718 1956 a

68 1996 148 2051 corde
163 1993 298 2067 generati,
324 2001 353 2049 ut
367 1994 400 2048 ab
415 2009 449 2050 eo
464 1994 509 2066 qui
524 1995 686 2065 peccaverit,
712 2010 763 2049 uec
778 1993 867 2065 ipsum
917 1996 953 2050 Et
975 1994 1003 2048 in
1024 1994 1137 2066 epistola
1150 1995 1185 2049 ad
1200 1994 1372 2049 anastasium
1396 1995 1593 2050 Antiochenam
1608 1995 1719 2067 episco-

69 2082 232 2142 sacrificium
245 2083 377 2139 Dominus
392 2083 515 2154 accipiat,
532 2082 605 2154 quod
620 2082 711 2138 delere
724 2091 868 2153 peccatum
918 2099 983 2155 pum
997 2083 1057 2148 (lib.
1074 2099 1112 2149 vr,
1130 2085 1212 2156 epist.
1226 2085 1273 2153 21)
1291 2101 1297 2137 :
1316 2107 1326 2130 a
1345 2083 1376 2138 ln
1390 2083 1564 2154 suscipienda
1586 2082 1680 2138 fratris
1694 2090 1720 2139 et

70 2171 145 2229 solet.
170 2174 268 2229 Curate
291 2188 357 2243 crgo
381 2171 472 2228 cordis
486 2171 572 2227 nostri
593 2171 753 2227 scandalum
770 2171 868 2227 festine
918 2171 1124 2228 consacerdotis
1147 2172 1234 2227 nostri
1256 2171 1363 2243 Cyriaci
1384 2171 1517 2243 synodica
1541 2171 1655 2243 epistola
1674 2171 1718 2226 di·

72 2263 228 2333 detergere,
245 2269 273 2316 ut
286 2259 373 2332 possit
388 2260 559 2331 omnipotens
573 2262 648 2315 Deus
663 2261 808 2317 oblationis
822 2277 869 2317 ve-
919 2277 1003 2334 gnum
1018 2259 1135 2315 nonfuit
1150 2267 1180 2314 ut
1193 2275 1244 2331 pro
1259 2275 1340 2315 causa
1354 2259 1461 2331 profani
1484 2260 1611 2317 vocabuli
1625 2275 1717 2315 moras

70 2359 131 2407 strae
141 2348 310 2407 sacrificium
320 2349 485 2421 acceptabile
497 2349 607 2405 babere.
623 2370 634 2398 s
651 2349 685 2403 Et
699 2349 764 2404 item
774 2349 802 2403 in
816 2350 869 2405 alia
920 2349 1049 2414 lacerem,
1069 2364 1103 2405 ne
1122 2349 1252 2404 unitatem
1272 2356 1372 2404 sanctae
1381 2348 1512 2404 Ecclesiae
1520 2349 1717 2420 perturbarem.

71 2439 184 2510 epistola
207 2438 243 2494 ad
261 2438 388 2495 cumdem
407 2438 466 2508 (aa
488 2453 526 2504 vr,
553 2439 611 2494 ind.
634 2440 677 2505 15,
698 2438 779 2510 epist.
800 2438 867 2509 itt:
921 2438 976 2494 Sed
990 2445 1080 2494 tamen
1096 2437 1130 2493 de
1145 2438 1242 2492 eodem
1258 2437 1448 2508 superstitioso
1464 2444 1490 2493 et
1505 2437 1625 2509 superbo
1640 2451 1722 2494 voca-

73 2553 82 2575 t
98 2527 227 2600 Oportet,
244 2527 340 2599 inquit,
352 2534 381 2581 ut
395 2526 460 2581 mihi
475 2535 555 2598 atque
566 2527 691 2581 omnibus
705 2525 832 2581 iratribus
842 2526 870 2581 in
921 2527 985 2582 bulo
1002 2543 1062 2583 eum
1081 2527 1229 2583 admonere
1246 2526 1344 2594 studui,
1370 2526 1464 2582 dicens
1479 2526 1544 2598 quia
1557 2543 1653 2598 pacem
1668 2542 1721 2582 no-

72 2617 177 2683 vestris,
205 2617 264 2686 ejus
287 2615 425 2671 charitatis
445 2615 674 2687 pulchritudinem
693 2615 721 2670 in
736 2617 789 2671 boc
812 2615 870 2687 pri·
920 2617 1026 2672 hiscum
1041 2616 1142 2671 babere
1158 2632 1213 2671 non
1234 2622 1337 2686 posset,
1364 2615 1415 2670 nisi
1439 2615 1584 2671 elationem
1598 2614 1721 2687 praedicti

72 2721 144 2761 mum
168 2720 254 2776 opere
274 2704 442 2770 monstretis,
466 2711 496 2759 ut
518 2705 632 2759 verbum
654 2704 798 2774 superbiae,
820 2719 871 2774 per
921 2704 998 2760 verbi
1013 2704 1173 2775 corrigeret,
1190 2720 1271 2775 quarn
1286 2704 1388 2774 pumus
1398 2711 1521 2775 apostata
1535 2703 1647 2759 invenit.
1665 2704 1722 2759 Vos

73 2795 142 2866 quod
152 2809 239 2866 grave
250 2793 408 2849 scandalum
418 2793 445 2846 in
455 2792 587 2848 Ecclesiis
598 2799 753 2865 generatur,
765 2791 871 2848 auferre
922 2801 1012 2848 tamen
1027 2793 1150 2848 eamdem
1164 2807 1276 2848 causam
1286 2792 1387 2847 nullam
1399 2807 1459 2848 esse
1475 2791 1565 2848 dicere
1576 2808 1630 2847 uon
1641 2791 1723 2848 debe·

72 2882 216 2951 festinetis,
245 2882 298 2939 boc
312 2881 401 2937 modis
416 2881 543 2937 omnibus
556 2881 700 2952 implentes
715 2879 787 2952 quod
802 2881 871 2936 scri-
923 2882 967 2947 tis,
994 2882 1056 2953 quia
1071 2881 1094 2936 si
1108 2883 1180 2937 hanc
1203 2880 1392 2953 aequanimiter
1414 2887 1566 2953 portamus,
1587 2880 1723 2938 universa

77 2976 220 3042 ptumest:
236 2972 475 3028 Sollicittservore
484 2972 625 3026 unitatem
636 2971 754 3043 spiritus
766 2972 797 3025 io
808 2971 871 3026 uin-
923 2969 1055 3027 Ecclesiae
1080 2968 1162 3024 fidem
1186 2970 1397 3041 corrumpimus.
1422 2967 1503 3026 Scitis
1526 2969 1598 3025 euim
1618 2968 1722 3041 quand,

74 3062 132 3117 calo
144 3062 227 3133 pacis
241 3059 354 3132 (Εριιεε.
372 3060 423 3130 rv).
434 3058 468 3115 Et
481 3074 592 3113 rursum
604 3077 610 3113 :
623 3059 738 3114 Nullam
752 3060 873 3115 occasio-
924 3074 978 3115 non
993 3058 1082 3114 solum
1097 3057 1226 3125 baeretici,
1244 3059 1291 3114 sed
1307 3059 1387 3114 etiam
1397 3058 1588 3114 haeresiarchae
1603 3057 1638 3114 de
1653 3057 1725 3114 Con·

74 3148 383 3206 ncmdarcodocrsario
391 3148 538 3203 maledicti
548 3149 641 3220 pratia
652 3149 677 3218 (l
684 3147 873 3218 Tim.v).'lunc
887 3112 912 3174 C
924 3147 1164 3218 stantinopolitana
1177 3147 1302 3203 Ecclesia
1316 3155 1379 3202 sunt
1394 3146 1518 3218 egressi,
1535 3155 1561 3202 et
1576 3153 1606 3200 ut
1620 3146 1656 3202 de
1670 3147 1724 3201 ho·

74 3239 141 3294 caim
156 3236 400 3293 ostensaclraritas
415 3252 480 3291 vera
491 3242 543 3302 cst,
556 3236 579 3291 si
593 3252 643 3307 per
654 3236 767 3308 typhum
778 3252 874 3306 super·
922 3237 996 3292 noris
1011 3236 1095 3291 vestri
1110 3235 1206 3305 injuria
1222 3243 1335 3306 taceam,
1352 3235 1375 3290 si
1393 3252 1463 3290 unus
1479 3235 1623 3306 episcopus
1636 3248 1723 3290 voca-

73 3325 120 3384 biae
134 3326 209 3382 inter
223 3341 275 3381 nos
290 3325 409 3382 scissura
423 3341 479 3380 non
495 3324 584 3379 fuerit.
610 3325 670 3397 Ego
692 3326 765 3379 enirn
780 3325 875 3379 lesum
923 3333 967 3380 tur
987 3324 1159 3390 universalis,
1185 3325 1314 3380 universa
1335 3323 1460 3379 Ecclesia
1482 3323 1592 3390 corruit,
1615 3322 1638 3376 si
1652 3338 1723 3377 unus

74 3423 166 3472 testem
182 3415 283 3471 invoco
305 3415 332 3468 in
351 3415 441 3469 anima
468 3429 540 3483 mea,
557 3413 620 3485 quia
634 3429 650 3468 a
666 3429 772 3468 summo
788 3429 874 3485 usque
923 3413 1076 3479 universus,
1101 3412 1182 3468 cadit.
1200 3412 1255 3467 Sed
1270 3412 1339 3467 absit
1354 3413 1413 3466 haec
1427 3411 1554 3476 stultitia,
1580 3409 1651 3466 absit
1664 3411 1724 3467 baeo

74 3504 105 3559 td
122 3504 252 3560 ultimum
273 3502 340 3557 nulli
362 3503 501 3557 bominum
523 3502 589 3558 dare
612 3502 731 3558 scandali
753 3501 874 3557 occasio·
923 3500 1018 3556 levitas
1029 3501 1063 3555 ab
1077 3500 1188 3555 auribus
1203 3499 1281 3555 meis.
1311 3501 1341 3554 ln
1356 3498 1541 3571 omnipotente
1558 3506 1649 3554 autern
1664 3498 1723 3554 Do-

73 3609 132 3649 nem
146 3592 213 3649 volo
229 3609 236 3646 :
252 3607 347 3648 omnes
357 3607 418 3646 esse
431 3607 546 3664 magnos
557 3599 584 3646 ει
594 3590 772 3646 honorabiles
783 3589 873 3661 cupio,
923 3590 997 3645 mino
1012 3587 1129 3656 confido,
1155 3590 1219 3661 quia
1232 3588 1305 3661 quod
1320 3588 1444 3660 promisit
1468 3588 1547 3644 citius
1561 3587 1723 3661 impleturus

74 3698 186 3754 quorum
202 3682 392 3737 tamcnbonor
402 3680 498 3735 honori
509 3696 564 3734 non
574 3679 689 3735 detrahit
703 3677 875 3750 omnipoten·
924 3686 966 3734 εει
981 3696 988 3734 :
1005 3678 1102 3735 Omnia
1116 3679 1164 3751 qai
1178 3694 1207 3734 se
1222 3678 1344 3744 exolicit,
1361 3677 1572 3734 humiliabitur.
1590 3700 1601 3727 a

74 3771 104 3826 tis
117 3771 181 3826 Dei.
199 3771 271 3825 Nam
287 3769 409 3841 quisquis
423 3785 454 3824 se
467 3778 562 3824 contra
577 3770 665 3824 Deum
679 3767 809 3824 honorari
824 3784 874 3839 ap·

75 3862 147 3932 petit,
170 3858 241 3915 rnibi
262 3857 430 3914 honorabilis
453 3873 508 3913 non
531 3865 611 3912 est.»
636 3857 764 3928 lltpaulo
788 3864 874 3929 post:
1021 3923 1026 3935 ‚
1209 3824 1462 3936 PAPUlXVfflJ
1506 3922 1512 3935 ι
1593 3923 1599 3935 ι
1696 3921 1703 3934 1

77 3971 84 3999 r
102 3949 176 4018 Quia
193 3947 281 4003 bostis
291 3946 482 4018 omnipotentis
493 3946 601 4001 Domini
611 3946 793 4002 Antichristus
803 3947 876 4016 juxta
928 3924 1002 3993 ΟΜ
1016 3939 1127 3978 ''²³⁰''oe
1137 3926 1242 4025 {new
1254 3923 1381 4023 ΜΨ*
1389 3938 1441 3994 W
1450 3920 1683 3980 mmmmm
1692 3936 1725 3978 Μ

76 4046 123 4104 εει,
148 4037 274 4092 studiose
289 4035 417 4108 capione
431 4035 572 4107 proprium
586 4035 650 4106 quid
666 4034 796 4099 inveniat,
821 4049 877 4090 non
991 4098 996 4106 ¹
1086 4013 1241 4083 δαψωνιδ
1257 4015 1366 4067 Sam
1381 4015 1561 4074 mamm·

77 4127 162 4182 solum
177 4127 207 4181 in
222 4125 360 4192 moribus,
386 4124 434 4179 sed
448 4140 537 4195 neque
552 4124 580 4177 in
594 4124 728 4178 vocabulo
743 4124 875 4179 sacerdo·
961 4127 1037 4183 llanc
1051 4126 1236 4198 evangelicam
1253 4126 1430 4190 sententiam,
1453 4126 1547 4194 frater,
1569 4125 1727 4198 intelligen-

78 4223 140 4270 tum.
156 4217 200 4270 lla
215 4229 284 4286 ergo
300 4229 360 4285 quae
374 4229 445 4268 novo
459 4214 540 4268 modo
555 4212 706 4267 introducta
721 4220 792 4281 sunt,
816 4213 877 4282 ipso
926 4225 968 4271 ter
981 4216 1088 4271 attende
1105 4223 1131 4271 ει
1147 4216 1278 4272 tenaciter
1291 4223 1383 4270 mente
1398 4216 1535 4282 reconde;
1549 4216 1597 4270 sed
1613 4223 1640 4270 et
1654 4215 1728 4270 illam

79 4305 169 4359 ordine
195 4319 250 4375 quo
273 4302 348 4356 illata
369 4308 429 4356 sunt
452 4301 616 4367 auferantur,
643 4308 669 4356 ει
689 4317 741 4372 pax
756 4301 876 4356 nobisin
927 4305 1000 4361 beati
1024 4304 1161 4377 Gregorii,
1186 4319 1267 4376 quam
1289 4310 1317 4358 ut
1340 4304 1424 4374 paulo
1446 4310 1509 4358 ante
1535 4302 1637 4375 legisti,
1665 4302 1728 4358 huic

79 4393 192 4449 Domino
206 4391 310 4446 illibata
324 4390 504 4462 permanebit.
519 4390 590 4444 Nam
601 4405 661 4460 quae
676 4389 727 4445 erit
742 4389 876 4445 internos
928 4393 1095 4466 evangelicae
1109 4392 1250 4448 sententiaa
1265 4391 1403 4461 subjunxit
1415 4390 1510 4447 dicens
1528 4408 1534 4444 :
1553 4413 1563 4442 a
1583 4390 1647 4447 Scio
1663 4389 1729 4462 quia

81 4482 202 4549 dulcedo,
219 4497 282 4553 quae
294 4480 422 4546 charitas,
448 4478 470 4534 si
485 4478 666 4549 nosmetipsos
681 4494 749 4534 voce
763 4477 872 4534 refove·
886 4473 916 4536 D
928 4481 1054 4554 quaelibet
1073 4481 1154 4537 elatio
1179 4487 1252 4536 tanto
1278 4480 1356 4535 citius
1380 4479 1523 4550 rumpitur,
1550 4486 1650 4551 quanto
1665 4494 1726 4533 am·

81 4587 146 4639 mus,
162 4578 190 4627 et
205 4570 291 4625 rebus
305 4569 452 4641 pungimus
462 4568 476 4622 ‘l
488 4592 498 4616 n
511 4569 544 4622 Et
558 4567 584 4620 in
600 4567 714 4638 epistola
729 4568 764 4621 ad
779 4565 876 4621 lllauri-
926 4571 998 4642 plius
1011 4570 1129 4625 inflatur.
1149 4591 1160 4620 a
1187 4571 1364 4642 Recognosce
1380 4568 1463 4641 igitur
1479 4568 1591 4624 modurn
1604 4575 1631 4623 et
1644 4581 1725 4622 men-

81 4658 142 4714 tium
156 4662 312 4731 Augustum
327 4658 386 4728 (lib.
402 4672 440 4726 vr,
457 4657 516 4712 ind.
535 4658 577 4724 to,
594 4656 676 4728 epist.
693 4658 738 4726 30)
754 4673 761 4709 :
776 4656 877 4710 «Eum
927 4676 1020 4715 suram
1035 4668 1118 4726 tuam,
1135 4658 1183 4713 tibi
1205 4675 1222 4714 a
1244 4660 1302 4715 Deo
1315 4675 1366 4730 per
1379 4673 1497 4715 canones
1516 4672 1612 4712 sacros
1627 4657 1726 4712 decre·

84 4747 148 4818 dem,
164 4747 263 4820 inquit,
280 4746 390 4802 fratrem
406 4754 433 4801 ει
452 4744 675 4801 consacerdotem
689 4760 780 4800 meum
800 4744 877 4817 (quin
927 4759 993 4817 tam,
1009 4757 1037 4804 et
1052 4757 1111 4805 esto
1126 4749 1233 4803 humilis
1248 4749 1274 4803 in
1289 4747 1375 4803 oculis
1398 4747 1461 4814 tuis,
1487 4746 1630 4802 attendens
1652 4746 1726 4817 quod

85 4835 223 4908 cyriacum
239 4835 568 4908 constantinopolitanum
578 4834 747 4905 episcopum)
758 4834 877 4889 studiose
928 4839 1060 4894 Dominus
1080 4838 1145 4893 dixit
1163 4838 1236 4894 Sauli
1249 4855 1255 4890 ε
1268 4838 1365 4893 Nonae
1377 4853 1443 4891 cam
1457 4851 1531 4892 esses
1540 4835 1678 4908 parvulos
1694 4835 1726 4890 ia
1816 4908 1817 4912 Ἰ

85 4925 226 4982 admonere
241 4925 346 4990 curavi,
363 4931 391 4980 ut
406 4924 428 4980 si
443 4923 543 4980 hahere
558 4937 656 4994 pacem
673 4923 792 4979 omnium
808 4937 876 4978 0⁰11·
928 4930 1017 4986 oculis
1029 4926 1326 5000 tais,copotinlsroel
1335 4925 1391 4996 sect
1402 4929 1448 4981 te?
1458 4926 1552 4997 (lltcp.
1562 4924 1638 4995 arar.)
1648 4923 1727 4980 Nunc

85 5016 253 5087 cordiamque
268 5013 416 5081 desiderat,
433 5012 467 5068 ab
478 5011 553 5068 stulti
566 5012 693 5069 vocabuli
708 5028 737 5067 sc
753 5011 877 5082 appella·
927 5017 992 5089 quia
1005 5032 1121 5088 magnus
1136 5032 1165 5071 es
1175 5015 1247 5086 apud
1258 5022 1294 5081 te,
1304 5015 1393 5086 objeci
1404 5018 1430 5070 te
1441 5030 1476 5070 ne
1489 5016 1527 5070 sis
1539 5031 1601 5069 rec.
1613 5013 1649 5067 Et
1658 5011 1726 5067 istos

86 5102 150 5160 tione
165 5110 332 5175 compescat.
349 5105 389 5158 De
404 5117 502 5174 quare
517 5101 583 5156 mihi
597 5102 625 5156 in
640 5101 697 5156 suis
709 5101 877 5170 jussionibus
928 5114 1035 5162 veteres
1044 5113 1070 5162 ει
1080 5112 1216 5162 emortuos
1224 5102 1357 5169 cinerosa
1368 5102 1453 5158 sacris
1464 5101 1613 5158 canonibus
1623 5100 1726 5156 dudam

87 5191 252 5249 dominorum
271 5191 357 5263 pietas
371 5191 500 5262 praecepit
515 5190 621 5256 dicens,
647 5198 675 5244 ut
689 5205 739 5261 pro
754 5188 877 5260 appella·
928 5195 1056 5266 sepultos,
1074 5209 1169 5249 eorum
1185 5191 1231 5263 qui
1245 5198 1341 5247 contra
1355 5190 1480 5263 praelatos
1494 5206 1559 5246 suos
1573 5188 1727 5245 rebellave-

87 5281 151 5339 tione
174 5280 265 5337 frivoli
279 5280 398 5335 nominis
422 5279 492 5335 inter
506 5293 557 5335 nos
571 5278 730 5335 scandalum
752 5279 878 5350 generari
928 5293 999 5350 runt,
1017 5283 1107 5339 moliri
1122 5280 1223 5348 desisto
1238 5281 1412 5338 resuscitare.
1432 5280 1486 5335 Sed
1500 5280 1582 5334 timeo
1597 5276 1726 5350 quoniam

86 5384 131 5424 oon
156 5370 266 5425 debeat.
283 5369 337 5424 Sed
351 5384 419 5442 rogo
441 5377 469 5423 ut
491 5368 640 5439 imperialis
663 5368 750 5439 pietas
771 5375 876 5438 penset,
928 5389 961 5428 ea
975 5388 1033 5444 quae
1049 5387 1115 5427 vera
1129 5379 1155 5426 et
1169 5369 1282 5425 humilia
1296 5364 1357 5424 suut
1371 5370 1465 5426 videre
1480 5383 1534 5422 nou
1548 5365 1659 5439 poteris,
1682 5366 1725 5423 al·

86 5458 142 5528 quia
156 5458 210 5515 alia
226 5465 290 5513 sunt
304 5456 402 5514 frivola
417 5457 496 5513 valde
510 5456 630 5524 innoxia,
643 5455 878 5527 atquealiavehe·
928 5461 1058 5534 bugincm
1081 5461 1187 5516 habens
1209 5459 1237 5515 iu
1262 5460 1351 5527 oculo,
1375 5457 1403 5512 id
1425 5463 1467 5512 est
1490 5455 1673 5530 arrogantiam
1697 5455 1725 5512 in

86 5565 186 5616 menter
200 5556 309 5615 nociva.
329 5556 458 5631 Nunquid
479 5571 545 5625 aon,
570 5571 632 5613 cum
652 5572 682 5613 se
696 5553 878 5613 Antichristus
928 5557 1029 5607 mente.
1045 5549 1123 5607 Unde
1137 5549 1269 5608 Dominus
1277 5547 1313 5604 ad
1322 5548 1444 5619 lloysem
1453 5544 1519 5603 dicit
1535 5561 1542 5601 ε
1561 5545 1614 5617 Qut
1626 5544 1724 5613 boboa-
