<?xml version="1.0" encoding="UTF-8"?>
<!DOCTYPE html PUBLIC "-//W3C//DTD XHTML 1.0 Transitional//EN"
    "http://www.w3.org/TR/xhtml1/DTD/xhtml1-transitional.dtd">
<html xmlns="http://www.w3.org/1999/xhtml" xml:lang="en" lang="en">
 <head>
  <title>
</title>
<meta http-equiv="Content-Type" content="text/html;charset=utf-8" />
  <meta name='ocr-system' content='tesseract 3.04.00' />
  <meta name='ocr-capabilities' content='ocr_page ocr_carea ocr_par ocr_line ocrx_word'/>
</head>
<body>
  <div class='ocr_page' id='page_1' title='image "./patrologiaecurs81unkngoog/patrologiaecurs81unkngoog_0251.png"; bbox 0 0 3826 6098; ppageno 0'>
   <div class='ocr_carea' id='block_1_1' title="bbox 141 190 1795 281">
    <p class='ocr_par' dir='ltr' id='par_1_1' title="bbox 141 190 1795 281">
     <span class='ocr_line' id='line_1_1' title="bbox 141 190 1795 281; baseline -0.018 0"><span class='ocrx_word' id='word_1_1' title='bbox 141 219 190 281; x_wconf 80' lang='lat' dir='ltr'><strong>tal</strong></span> <span class='ocrx_word' id='word_1_2' title='bbox 618 207 789 270; x_wconf 71' lang='lat' dir='ltr'><strong>titutum</strong></span> <span class='ocrx_word' id='word_1_3' title='bbox 803 203 1003 265; x_wconf 80' lang='lat' dir='ltr'><strong>RHEMENSIS</strong></span> <span class='ocrx_word' id='word_1_4' title='bbox 1017 199 1294 272; x_wconf 73' lang='lat' dir='ltr'><strong>aucummscol’l.</strong></span> <span class='ocrx_word' id='word_1_5' title='bbox 1731 190 1795 252; x_wconf 67' lang='grc' dir='ltr'><strong><em>Μ</em></strong></span> 
     </span>
    </p>
   </div>
   <div class='ocr_carea' id='block_1_2' title="bbox 139 317 1794 491">
    <p class='ocr_par' dir='ltr' id='par_1_2' title="bbox 139 317 1794 491">
     <span class='ocr_line' id='line_1_2' title="bbox 139 317 1794 417; baseline -0.018 -15"><span class='ocrx_word' id='word_1_6' title='bbox 139 346 286 417; x_wconf 83' lang='lat' dir='ltr'><strong>judicatur.</strong></span> <span class='ocrx_word' id='word_1_7' title='bbox 303 343 412 400; x_wconf 89' lang='lat' dir='ltr'><strong>Cunctis</strong></span> <span class='ocrx_word' id='word_1_8' title='bbox 425 357 544 414; x_wconf 89' lang='lat' dir='ltr'><strong>namque</strong></span> <span class='ocrx_word' id='word_1_9' title='bbox 559 338 676 411; x_wconf 89' lang='lat' dir='ltr'><strong>superba</strong></span> <span class='ocrx_word' id='word_1_10' title='bbox 700 336 773 408; x_wconf 89' lang='lat' dir='ltr'><strong>apud</strong></span> <span class='ocrx_word' id='word_1_11' title='bbox 788 351 817 390; x_wconf 91' lang='lat' dir='ltr'><strong>se</strong></span> <span class='ocrx_word' id='word_1_12' title='bbox 834 330 978 404; x_wconf 82' lang='lat' dir='ltr'><strong>cogita-A</strong></span> <span class='ocrx_word' id='word_1_13' title='bbox 992 329 1071 387; x_wconf 85' lang='lat' dir='ltr'><strong>valeo</strong></span> <span class='ocrx_word' id='word_1_14' title='bbox 1099 327 1275 399; x_wconf 90' lang='lat' dir='ltr'><strong>respondere,</strong></span> <span class='ocrx_word' id='word_1_15' title='bbox 1292 323 1398 381; x_wconf 88' lang='lat' dir='ltr'><strong>laceres</strong></span> <span class='ocrx_word' id='word_1_16' title='bbox 1413 323 1505 394; x_wconf 89' lang='lat' dir='ltr'><strong>utique</strong></span> <span class='ocrx_word' id='word_1_17' title='bbox 1535 320 1603 378; x_wconf 90' lang='lat' dir='ltr'><strong>sicut</strong></span> <span class='ocrx_word' id='word_1_18' title='bbox 1625 317 1752 393; x_wconf 82' lang='lat' dir='ltr'><strong>patriotae</strong></span> <span class='ocrx_word' id='word_1_19' title='bbox 1766 324 1794 374; x_wconf 87' lang='lat' dir='ltr'><strong>et</strong></span> 
     </span>
     <span class='ocr_line' id='line_1_3' title="bbox 142 405 1794 491; baseline -0.017 -2"><span class='ocrx_word' id='word_1_20' title='bbox 142 435 215 489; x_wconf 91' lang='lat' dir='ltr'><strong>tione</strong></span> <span class='ocrx_word' id='word_1_21' title='bbox 230 432 395 487; x_wconf 71' lang='lat' dir='ltr'><strong>tumentibus</strong></span> <span class='ocrx_word' id='word_1_22' title='bbox 417 430 487 486; x_wconf 90' lang='lat' dir='ltr'><strong>inest</strong></span> <span class='ocrx_word' id='word_1_23' title='bbox 510 428 613 485; x_wconf 91' lang='lat' dir='ltr'><strong>clamor</strong></span> <span class='ocrx_word' id='word_1_24' title='bbox 627 426 655 480; x_wconf 92' lang='lat' dir='ltr'><strong>in</strong></span> <span class='ocrx_word' id='word_1_25' title='bbox 676 423 821 491; x_wconf 91' lang='lat' dir='ltr'><strong>locutione,</strong></span> <span class='ocrx_word' id='word_1_26' title='bbox 838 419 940 476; x_wconf 90' lang='lat' dir='ltr'><strong>amari·</strong></span> <span class='ocrx_word' id='word_1_27' title='bbox 991 416 1137 489; x_wconf 91' lang='lat' dir='ltr'><strong>propinqui</strong></span> <span class='ocrx_word' id='word_1_28' title='bbox 1153 415 1191 470; x_wconf 90' lang='lat' dir='ltr'><strong>tui</strong></span> <span class='ocrx_word' id='word_1_29' title='bbox 1214 413 1279 470; x_wconf 90' lang='lat' dir='ltr'><strong>laici</strong></span> <span class='ocrx_word' id='word_1_30' title='bbox 1303 411 1416 482; x_wconf 87' lang='lat' dir='ltr'><strong>faciunt,</strong></span> <span class='ocrx_word' id='word_1_31' title='bbox 1433 410 1535 468; x_wconf 88' lang='lat' dir='ltr'><strong>scilicet</strong></span> <span class='ocrx_word' id='word_1_32' title='bbox 1549 406 1703 467; x_wconf 75' lang='lat' dir='ltr'>voluntarie</span> <span class='ocrx_word' id='word_1_33' title='bbox 1717 405 1794 462; x_wconf 83' lang='lat' dir='ltr'><strong>vivo-</strong></span> 
     </span>
    </p>
   </div>
   <div class='ocr_carea' id='block_1_3' title="bbox 47 492 1793 759">
    <p class='ocr_par' dir='ltr' id='par_1_3' title="bbox 47 492 1793 759">
     <span class='ocr_line' id='line_1_4' title="bbox 143 492 1793 584; baseline -0.017 -7"><span class='ocrx_word' id='word_1_34' title='bbox 143 521 207 577; x_wconf 89' lang='lat' dir='ltr'><strong>tudo</strong></span> <span class='ocrx_word' id='word_1_35' title='bbox 234 520 263 574; x_wconf 90' lang='lat' dir='ltr'><strong>in</strong></span> <span class='ocrx_word' id='word_1_36' title='bbox 288 519 406 584; x_wconf 91' lang='lat' dir='ltr'><strong>silentio,</strong></span> <span class='ocrx_word' id='word_1_37' title='bbox 422 516 563 572; x_wconf 72' lang='lat' dir='ltr'><strong>dissolutio</strong></span> <span class='ocrx_word' id='word_1_38' title='bbox 592 514 619 568; x_wconf 94' lang='lat' dir='ltr'><strong>in</strong></span> <span class='ocrx_word' id='word_1_39' title='bbox 647 512 780 567; x_wconf 80' lang='lat' dir='ltr'><strong>hilaritate</strong></span> <span class='ocrx_word' id='word_1_40' title='bbox 796 551 803 578; x_wconf 94' lang='lat'><strong>,</strong></span> <span class='ocrx_word' id='word_1_41' title='bbox 819 508 895 564; x_wconf 86' lang='lat' dir='ltr'><strong>luror</strong></span> <span class='ocrx_word' id='word_1_42' title='bbox 912 507 941 563; x_wconf 89' lang='lat' dir='ltr'><strong>in</strong></span> <span class='ocrx_word' id='word_1_43' title='bbox 991 521 1035 562; x_wconf 90' lang='lat' dir='ltr'><strong>res</strong></span> <span class='ocrx_word' id='word_1_44' title='bbox 1048 504 1119 559; x_wconf 91' lang='lat' dir='ltr'><strong>inter</strong></span> <span class='ocrx_word' id='word_1_45' title='bbox 1138 513 1198 559; x_wconf 91' lang='lat' dir='ltr'><strong>tuos</strong></span> <span class='ocrx_word' id='word_1_46' title='bbox 1225 510 1419 558; x_wconf 80' lang='lat' dir='ltr'><strong>conterraneos</strong></span> <span class='ocrx_word' id='word_1_47' title='bbox 1441 507 1522 571; x_wconf 91' lang='lat' dir='ltr'><strong>alque</strong></span> <span class='ocrx_word' id='word_1_48' title='bbox 1544 497 1649 554; x_wconf 89' lang='lat' dir='ltr'><strong>vicinos</strong></span> <span class='ocrx_word' id='word_1_49' title='bbox 1662 492 1793 568; x_wconf 85' lang='lat' dir='ltr'><strong>pacifice,</strong></span> 
     </span>
     <span class='ocr_line' id='line_1_5' title="bbox 47 581 1790 675; baseline -0.017 -9"><span class='ocrx_word' id='word_1_50' title='bbox 47 638 53 649; x_wconf 91' lang='lat'><em>·</em></span> <span class='ocrx_word' id='word_1_51' title='bbox 143 608 260 675; x_wconf 91' lang='lat' dir='ltr'><strong>tristitia,</strong></span> <span class='ocrx_word' id='word_1_52' title='bbox 274 607 431 662; x_wconf 90' lang='lat' dir='ltr'><strong>inhonestas</strong></span> <span class='ocrx_word' id='word_1_53' title='bbox 444 604 590 661; x_wconf 86' lang='lat' dir='ltr'><strong>iunctione</strong></span> <span class='ocrx_word' id='word_1_54' title='bbox 605 644 612 668; x_wconf 94' lang='lat'><strong>,</strong></span> <span class='ocrx_word' id='word_1_55' title='bbox 629 602 759 656; x_wconf 89' lang='lat' dir='ltr'><strong>honestas</strong></span> <span class='ocrx_word' id='word_1_56' title='bbox 769 598 797 654; x_wconf 93' lang='lat' dir='ltr'><strong>in</strong></span> <span class='ocrx_word' id='word_1_57' title='bbox 811 595 938 668; x_wconf 88' lang='lat' dir='ltr'><strong>imagine,</strong></span> <span class='ocrx_word' id='word_1_58' title='bbox 991 593 1118 664; x_wconf 87' lang='lat' dir='ltr'><strong>quoniam</strong></span> <span class='ocrx_word' id='word_1_59' title='bbox 1134 591 1157 647; x_wconf 92' lang='lat' dir='ltr'><strong>si</strong></span> <span class='ocrx_word' id='word_1_60' title='bbox 1172 591 1251 647; x_wconf 87' lang='lat' dir='ltr'><strong>aliter</strong></span> <span class='ocrx_word' id='word_1_61' title='bbox 1264 604 1454 662; x_wconf 83' lang='lat' dir='ltr'><strong>praesumeres,</strong></span> <span class='ocrx_word' id='word_1_62' title='bbox 1475 585 1601 643; x_wconf 83' lang='lat' dir='ltr'><strong>fortiores</strong></span> <span class='ocrx_word' id='word_1_63' title='bbox 1617 591 1644 641; x_wconf 90' lang='lat' dir='ltr'><strong>et</strong></span> <span class='ocrx_word' id='word_1_64' title='bbox 1658 581 1790 655; x_wconf 90' lang='lat' dir='ltr'><strong>superio·</strong></span> 
     </span>
     <span class='ocr_line' id='line_1_6' title="bbox 143 670 1793 759; baseline -0.018 -5"><span class='ocrx_word' id='word_1_65' title='bbox 143 696 243 754; x_wconf 80' lang='lat' dir='ltr'><strong>erectio</strong></span> <span class='ocrx_word' id='word_1_66' title='bbox 266 695 293 750; x_wconf 94' lang='lat' dir='ltr'><strong>in</strong></span> <span class='ocrx_word' id='word_1_67' title='bbox 320 693 439 758; x_wconf 89' lang='lat' dir='ltr'><strong>incessu,</strong></span> <span class='ocrx_word' id='word_1_68' title='bbox 456 708 552 747; x_wconf 88' lang='lat' dir='ltr'><strong>rancor</strong></span> <span class='ocrx_word' id='word_1_69' title='bbox 578 689 606 744; x_wconf 96' lang='lat' dir='ltr'><strong>in</strong></span> <span class='ocrx_word' id='word_1_70' title='bbox 631 687 821 759; x_wconf 87' lang='lat' dir='ltr'><strong>responsione.</strong></span> <span class='ocrx_word' id='word_1_71' title='bbox 837 685 941 739; x_wconf 87' lang='lat' dir='ltr'><strong>Horum</strong></span> <span class='ocrx_word' id='word_1_72' title='bbox 991 696 1035 737; x_wconf 88' lang='lat' dir='ltr'><strong>res</strong></span> <span class='ocrx_word' id='word_1_73' title='bbox 1049 679 1095 752; x_wconf 92' lang='lat' dir='ltr'><strong>qui</strong></span> <span class='ocrx_word' id='word_1_74' title='bbox 1109 679 1157 736; x_wconf 89' lang='lat' dir='ltr'><strong>tibi</strong></span> <span class='ocrx_word' id='word_1_75' title='bbox 1170 678 1339 747; x_wconf 85' lang='lat' dir='ltr'><strong>resisterent,</strong></span> <span class='ocrx_word' id='word_1_76' title='bbox 1349 684 1430 749; x_wconf 89' lang='lat' dir='ltr'><strong>teque</strong></span> <span class='ocrx_word' id='word_1_77' title='bbox 1440 673 1629 747; x_wconf 84' lang='lat' dir='ltr'><strong>reprimerent,</strong></span> <span class='ocrx_word' id='word_1_78' title='bbox 1641 670 1793 728; x_wconf 82' lang='lat' dir='ltr'><strong>invenires.</strong></span> 
     </span>
    </p>
   </div>
   <div class='ocr_carea' id='block_1_4' title="bbox 142 771 1488 934">
    <p class='ocr_par' dir='ltr' id='par_1_4' title="bbox 142 771 1488 934">
     <span class='ocr_line' id='line_1_7' title="bbox 143 771 938 854; baseline -0.02 -13"><span class='ocrx_word' id='word_1_79' title='bbox 143 799 220 842; x_wconf 86' lang='lat' dir='ltr'><strong>mons</strong></span> <span class='ocrx_word' id='word_1_80' title='bbox 234 797 343 854; x_wconf 91' lang='lat' dir='ltr'><strong>semper</strong></span> <span class='ocrx_word' id='word_1_81' title='bbox 356 789 398 836; x_wconf 90' lang='lat' dir='ltr'><strong>est</strong></span> <span class='ocrx_word' id='word_1_82' title='bbox 410 780 444 835; x_wconf 91' lang='lat' dir='ltr'><strong>ad</strong></span> <span class='ocrx_word' id='word_1_83' title='bbox 459 777 622 852; x_wconf 79' lang='lat' dir='ltr'><strong>irrogandas</strong></span> <span class='ocrx_word' id='word_1_84' title='bbox 644 774 822 833; x_wconf 88' lang='lat' dir='ltr'><strong>contumelias</strong></span> <span class='ocrx_word' id='word_1_85' title='bbox 838 771 938 838; x_wconf 85' lang='lat' dir='ltr'><strong>valida,</strong></span> 
     </span>
     <span class='ocr_line' id='line_1_8' title="bbox 142 858 1488 934; baseline -0.02 -5"><span class='ocrx_word' id='word_1_86' title='bbox 142 872 178 929; x_wconf 89' lang='lat' dir='ltr'><strong>ad</strong></span> <span class='ocrx_word' id='word_1_87' title='bbox 205 869 360 927; x_wconf 90' lang='lat' dir='ltr'><strong>tolerandas</strong></span> <span class='ocrx_word' id='word_1_88' title='bbox 386 866 502 934; x_wconf 85' lang='lat' dir='ltr'><strong>infirma,</strong></span> <span class='ocrx_word' id='word_1_89' title='bbox 518 866 554 922; x_wconf 87' lang='lat' dir='ltr'><strong>ad</strong></span> <span class='ocrx_word' id='word_1_90' title='bbox 577 863 760 921; x_wconf 88' lang='lat' dir='ltr'><strong>obediendum</strong></span> <span class='ocrx_word' id='word_1_91' title='bbox 786 861 865 934; x_wconf 91' lang='lat' dir='ltr'><strong>pigra</strong></span> <span class='ocrx_word' id='word_1_92' title='bbox 881 901 888 925; x_wconf 93' lang='lat'><strong>,</strong></span> <span class='ocrx_word' id='word_1_93' title='bbox 904 858 940 915; x_wconf 88' lang='lat' dir='ltr'><strong>ad</strong></span> <span class='ocrx_word' id='word_1_94' title='bbox 1291 871 1404 927; x_wconf 58' lang='lat' dir='ltr'><strong>Cppflp</strong></span> <span class='ocrx_word' id='word_1_95' title='bbox 1418 868 1488 925; x_wconf 46' lang='lat' dir='ltr'><strong>Lm,</strong></span> 
     </span>
    </p>
   </div>
   <div class='ocr_carea' id='block_1_5' title="bbox 141 947 1794 1116">
    <p class='ocr_par' dir='ltr' id='par_1_5' title="bbox 141 947 1794 1116">
     <span class='ocr_line' id='line_1_9' title="bbox 142 947 1622 1024; baseline -0.016 -9"><span class='ocrx_word' id='word_1_96' title='bbox 142 957 320 1016; x_wconf 86' lang='lat' dir='ltr'><strong>lacessendos</strong></span> <span class='ocrx_word' id='word_1_97' title='bbox 335 971 400 1012; x_wconf 90' lang='lat' dir='ltr'><strong>vero</strong></span> <span class='ocrx_word' id='word_1_98' title='bbox 414 954 484 1010; x_wconf 88' lang='lat' dir='ltr'><strong>alios</strong></span> <span class='ocrx_word' id='word_1_99' title='bbox 504 954 667 1024; x_wconf 89' lang='lat' dir='ltr'><strong>importuna,</strong></span> <span class='ocrx_word' id='word_1_100' title='bbox 683 952 760 1006; x_wconf 91' lang='lat' dir='ltr'><strong>adea</strong></span> <span class='ocrx_word' id='word_1_101' title='bbox 775 964 836 1020; x_wconf 83' lang='lat' dir='ltr'><strong>quae</strong></span> <span class='ocrx_word' id='word_1_102' title='bbox 849 947 939 1004; x_wconf 84' lang='lat' dir='ltr'><strong>facere</strong></span> <span class='ocrx_word' id='word_1_103' title='bbox 1114 1006 1119 1017; x_wconf 54' lang='lat'>‚</span> <span class='ocrx_word' id='word_1_104' title='bbox 1295 1004 1301 1017; x_wconf 47' lang='grc'>,</span> <span class='ocrx_word' id='word_1_105' title='bbox 1346 1004 1351 1016; x_wconf 45' lang='grc'><strong>,</strong></span> <span class='ocrx_word' id='word_1_106' title='bbox 1427 1004 1433 1017; x_wconf 29' lang='grc' dir='ltr'><strong><em>ο</em></strong></span> <span class='ocrx_word' id='word_1_107' title='bbox 1492 1002 1498 1015; x_wconf 34' lang='lat'>⁸</span> <span class='ocrx_word' id='word_1_108' title='bbox 1615 998 1622 1014; x_wconf 31' lang='grc' dir='ltr'><strong><em>ο</em></strong></span> 
     </span>
     <span class='ocr_line' id='line_1_10' title="bbox 141 999 1794 1116; baseline -0.016 -13"><span class='ocrx_word' id='word_1_109' title='bbox 141 1042 445 1116; x_wconf 83' lang='lat' dir='ltr'><strong>etdebetetpraevalet</strong></span> <span class='ocrx_word' id='word_1_110' title='bbox 466 1042 574 1115; x_wconf 91' lang='lat' dir='ltr'><strong>ignava,</strong></span> <span class='ocrx_word' id='word_1_111' title='bbox 589 1041 672 1096; x_wconf 92' lang='lat' dir='ltr'><strong>adea</strong></span> <span class='ocrx_word' id='word_1_112' title='bbox 701 1054 762 1111; x_wconf 85' lang='lat' dir='ltr'><strong>quae</strong></span> <span class='ocrx_word' id='word_1_113' title='bbox 776 1036 864 1093; x_wconf 87' lang='lat' dir='ltr'><strong>lacere</strong></span> <span class='ocrx_word' id='word_1_114' title='bbox 888 1048 940 1092; x_wconf 89' lang='lat' dir='ltr'><strong>nec</strong></span> <span class='ocrx_word' id='word_1_115' title='bbox 989 1007 1028 1062; x_wconf 46' lang='grc' dir='ltr'><strong>Β(</strong></span> <span class='ocrx_word' id='word_1_116' title='bbox 1047 1005 1169 1061; x_wconf 56' lang='lat' dir='ltr'><strong>’mmm</strong></span> <span class='ocrx_word' id='word_1_117' title='bbox 1192 1020 1316 1078; x_wconf 63' lang='lat' dir='ltr'><strong>⁶⁰⁷P⁰r²³</strong></span> <span class='ocrx_word' id='word_1_118' title='bbox 1339 1003 1522 1068; x_wconf 61' lang='lat' dir='ltr'><em>‘mmm’</em></span> <span class='ocrx_word' id='word_1_119' title='bbox 1544 999 1670 1073; x_wconf 56' lang='lat' dir='ltr'><strong>imm</strong></span> <span class='ocrx_word' id='word_1_120' title='bbox 1692 1009 1794 1055; x_wconf 63' lang='lat' dir='ltr'><strong>mm</strong></span> 
     </span>
    </p>
   </div>
   <div class='ocr_carea' id='block_1_6' title="bbox 121 1090 1815 5509">
    <p class='ocr_par' dir='ltr' id='par_1_6' title="bbox 143 1090 1414 1204">
     <span class='ocr_line' id='line_1_11' title="bbox 143 1090 1414 1204; baseline -0.009 -13"><span class='ocrx_word' id='word_1_121' title='bbox 143 1135 225 1191; x_wconf 87' lang='lat' dir='ltr'><strong>debet</strong></span> <span class='ocrx_word' id='word_1_122' title='bbox 242 1149 293 1190; x_wconf 89' lang='lat' dir='ltr'><strong>nec</strong></span> <span class='ocrx_word' id='word_1_123' title='bbox 308 1130 438 1204; x_wconf 73' lang='lat' dir='ltr'><strong>prevalet</strong></span> <span class='ocrx_word' id='word_1_124' title='bbox 452 1138 556 1201; x_wconf 86' lang='lat' dir='ltr'><strong>parata.¹</strong></span> <span class='ocrx_word' id='word_1_125' title='bbox 571 1130 636 1184; x_wconf 81' lang='lat' dir='ltr'><strong>llaec</strong></span> <span class='ocrx_word' id='word_1_126' title='bbox 650 1128 679 1182; x_wconf 91' lang='lat' dir='ltr'><strong>in</strong></span> <span class='ocrx_word' id='word_1_127' title='bbox 702 1141 736 1182; x_wconf 92' lang='lat' dir='ltr'><strong>eo</strong></span> <span class='ocrx_word' id='word_1_128' title='bbox 753 1123 827 1198; x_wconf 91' lang='lat' dir='ltr'><strong>quod</strong></span> <span class='ocrx_word' id='word_1_129' title='bbox 843 1130 939 1195; x_wconf 89' lang='lat' dir='ltr'><strong>sponte</strong></span> <span class='ocrx_word' id='word_1_130' title='bbox 1308 1090 1414 1148; x_wconf 56' lang='lat' dir='ltr'><strong>dm·</strong></span> 
     </span>
    </p>

    <p class='ocr_par' dir='ltr' id='par_1_7' title="bbox 121 1207 1815 5509">
     <span class='ocr_line' id='line_1_12' title="bbox 141 1207 1794 1294; baseline -0.009 -14"><span class='ocrx_word' id='word_1_131' title='bbox 141 1237 197 1281; x_wconf 91' lang='lat' dir='ltr'><strong>non</strong></span> <span class='ocrx_word' id='word_1_132' title='bbox 211 1220 313 1294; x_wconf 89' lang='lat' dir='ltr'><strong>appetit</strong></span> <span class='ocrx_word' id='word_1_133' title='bbox 326 1219 407 1275; x_wconf 91' lang='lat' dir='ltr'><strong>nullis</strong></span> <span class='ocrx_word' id='word_1_134' title='bbox 435 1215 664 1274; x_wconf 81' lang='lat' dir='ltr'><strong>exhortationibus</strong></span> <span class='ocrx_word' id='word_1_135' title='bbox 692 1213 821 1280; x_wconf 85' lang='lat' dir='ltr'><strong>flectitur,</strong></span> <span class='ocrx_word' id='word_1_136' title='bbox 837 1212 940 1268; x_wconf 90' lang='lat' dir='ltr'><strong>adhoc</strong></span> <span class='ocrx_word' id='word_1_137' title='bbox 1023 1217 1057 1271; x_wconf 81' lang='lat' dir='ltr'><strong>Et</strong></span> <span class='ocrx_word' id='word_1_138' title='bbox 1078 1214 1208 1288; x_wconf 88' lang='lat' dir='ltr'><strong>quoniam</strong></span> <span class='ocrx_word' id='word_1_139' title='bbox 1233 1213 1444 1287; x_wconf 88' lang='lat' dir='ltr'><strong>reprehenderis</strong></span> <span class='ocrx_word' id='word_1_140' title='bbox 1468 1213 1503 1269; x_wconf 95' lang='lat' dir='ltr'><strong>de</strong></span> <span class='ocrx_word' id='word_1_141' title='bbox 1524 1211 1644 1268; x_wconf 89' lang='lat' dir='ltr'><strong>motibus</strong></span> <span class='ocrx_word' id='word_1_142' title='bbox 1668 1207 1794 1282; x_wconf 85' lang='lat' dir='ltr'><strong>eorporis</strong></span> 
     </span>
     <span class='ocr_line' id='line_1_13' title="bbox 144 1297 1793 1381; baseline -0.012 -15"><span class='ocrx_word' id='word_1_143' title='bbox 144 1319 233 1366; x_wconf 90' lang='lat' dir='ltr'><strong>antem</strong></span> <span class='ocrx_word' id='word_1_144' title='bbox 249 1308 322 1381; x_wconf 91' lang='lat' dir='ltr'><strong>quod</strong></span> <span class='ocrx_word' id='word_1_145' title='bbox 340 1307 454 1362; x_wconf 90' lang='lat' dir='ltr'><strong>latenter</strong></span> <span class='ocrx_word' id='word_1_146' title='bbox 479 1304 627 1369; x_wconf 86' lang='lat' dir='ltr'><strong>desiderat,</strong></span> <span class='ocrx_word' id='word_1_147' title='bbox 652 1301 746 1375; x_wconf 83' lang='lat' dir='ltr'><strong>quaerit</strong></span> <span class='ocrx_word' id='word_1_148' title='bbox 759 1308 788 1356; x_wconf 91' lang='lat' dir='ltr'><strong>ut</strong></span> <span class='ocrx_word' id='word_1_149' title='bbox 814 1306 936 1371; x_wconf 86' lang='lat' dir='ltr'><strong>cogatur,</strong></span> <span class='ocrx_word' id='word_1_150' title='bbox 987 1303 1157 1373; x_wconf 75' lang='lat' dir='ltr'><strong>inordinatis,</strong></span> <span class='ocrx_word' id='word_1_151' title='bbox 1180 1302 1376 1359; x_wconf 72' lang='lat' dir='ltr'><strong>attendendum</strong></span> <span class='ocrx_word' id='word_1_152' title='bbox 1395 1301 1461 1357; x_wconf 80' lang='lat' dir='ltr'><strong>mihi</strong></span> <span class='ocrx_word' id='word_1_153' title='bbox 1475 1299 1564 1357; x_wconf 79' lang='lat' dir='ltr'><strong>ettibi</strong></span> <span class='ocrx_word' id='word_1_154' title='bbox 1579 1297 1709 1370; x_wconf 76' lang='lat' dir='ltr'><strong>estquod</strong></span> <span class='ocrx_word' id='word_1_155' title='bbox 1723 1297 1793 1354; x_wconf 84' lang='lat' dir='ltr'><strong>bea-</strong></span> 
     </span>
     <span class='ocr_line' id='line_1_14' title="bbox 142 1384 1791 1471; baseline -0.009 -16"><span class='ocrx_word' id='word_1_156' title='bbox 142 1399 206 1471; x_wconf 90' lang='lat' dir='ltr'><strong>quia</strong></span> <span class='ocrx_word' id='word_1_157' title='bbox 230 1396 294 1452; x_wconf 92' lang='lat' dir='ltr'><strong>dum</strong></span> <span class='ocrx_word' id='word_1_158' title='bbox 311 1394 407 1450; x_wconf 92' lang='lat' dir='ltr'><strong>metuit</strong></span> <span class='ocrx_word' id='word_1_159' title='bbox 430 1409 463 1449; x_wconf 87' lang='lat' dir='ltr'><strong>ex</strong></span> <span class='ocrx_word' id='word_1_160' title='bbox 491 1391 628 1448; x_wconf 92' lang='lat' dir='ltr'><strong>desiderio</strong></span> <span class='ocrx_word' id='word_1_161' title='bbox 643 1405 692 1446; x_wconf 93' lang='lat' dir='ltr'><strong>suo</strong></span> <span class='ocrx_word' id='word_1_162' title='bbox 706 1389 848 1455; x_wconf 83' lang='lat' dir='ltr'><strong>vilescere,</strong></span> <span class='ocrx_word' id='word_1_163' title='bbox 863 1393 939 1460; x_wconf 85' lang='lat' dir='ltr'><strong>optat</strong></span> <span class='ocrx_word' id='word_1_164' title='bbox 987 1399 1030 1447; x_wconf 89' lang='lat' dir='ltr'><strong>tus</strong></span> <span class='ocrx_word' id='word_1_165' title='bbox 1052 1391 1202 1464; x_wconf 82' lang='lat' dir='ltr'><strong>Gregorius</strong></span> <span class='ocrx_word' id='word_1_166' title='bbox 1218 1391 1292 1457; x_wconf 89' lang='lat' dir='ltr'><strong>dicit,</strong></span> <span class='ocrx_word' id='word_1_167' title='bbox 1305 1390 1439 1463; x_wconf 86' lang='lat' dir='ltr'><strong>quoniam</strong></span> <span class='ocrx_word' id='word_1_168' title='bbox 1467 1388 1581 1445; x_wconf 91' lang='lat' dir='ltr'><strong>interius</strong></span> <span class='ocrx_word' id='word_1_169' title='bbox 1596 1394 1638 1443; x_wconf 87' lang='lat' dir='ltr'><strong>est</strong></span> <span class='ocrx_word' id='word_1_170' title='bbox 1653 1384 1791 1452; x_wconf 85' lang='lat' dir='ltr'><strong>custodia,</strong></span> 
     </span>
     <span class='ocr_line' id='line_1_15' title="bbox 142 1473 1794 1554; baseline -0.009 -12"><span class='ocrx_word' id='word_1_171' title='bbox 142 1486 198 1543; x_wconf 90' lang='lat' dir='ltr'><strong>vim</strong></span> <span class='ocrx_word' id='word_1_172' title='bbox 207 1485 235 1539; x_wconf 93' lang='lat' dir='ltr'><strong>in</strong></span> <span class='ocrx_word' id='word_1_173' title='bbox 250 1483 308 1554; x_wconf 88' lang='lat' dir='ltr'><strong>ipsa</strong></span> <span class='ocrx_word' id='word_1_174' title='bbox 323 1481 460 1538; x_wconf 91' lang='lat' dir='ltr'><strong>voluntate</strong></span> <span class='ocrx_word' id='word_1_175' title='bbox 474 1479 601 1536; x_wconf 89' lang='lat' dir='ltr'><strong>tolerare.</strong></span> <span class='ocrx_word' id='word_1_176' title='bbox 612 1477 786 1549; x_wconf 82' lang='lat' dir='ltr'><strong>Quapropter</strong></span> <span class='ocrx_word' id='word_1_177' title='bbox 799 1476 852 1533; x_wconf 87' lang='lat' dir='ltr'><strong>boc</strong></span> <span class='ocrx_word' id='word_1_178' title='bbox 861 1473 936 1542; x_wconf 90' lang='lat' dir='ltr'><strong>vitio,</strong></span> <span class='ocrx_word' id='word_1_179' title='bbox 988 1480 1193 1552; x_wconf 52' lang='lat' dir='ltr'><strong>qumfordiuata</strong></span> <span class='ocrx_word' id='word_1_180' title='bbox 1221 1487 1312 1535; x_wconf 89' lang='lat' dir='ltr'><strong>servat</strong></span> <span class='ocrx_word' id='word_1_181' title='bbox 1344 1477 1464 1534; x_wconf 78' lang='lat' dir='ltr'><strong>exterius</strong></span> <span class='ocrx_word' id='word_1_182' title='bbox 1492 1476 1622 1532; x_wconf 90' lang='lat' dir='ltr'><strong>membra.</strong></span> <span class='ocrx_word' id='word_1_183' title='bbox 1663 1474 1699 1529; x_wconf 85' lang='lat' dir='ltr'><strong>Et</strong></span> <span class='ocrx_word' id='word_1_184' title='bbox 1728 1488 1794 1528; x_wconf 90' lang='lat' dir='ltr'><strong>san·</strong></span> 
     </span>
     <span class='ocr_line' id='line_1_16' title="bbox 142 1561 1792 1641; baseline -0.006 -14"><span class='ocrx_word' id='word_1_185' title='bbox 142 1570 329 1628; x_wconf 85' lang='lat' dir='ltr'><strong>laborantibus</strong></span> <span class='ocrx_word' id='word_1_186' title='bbox 344 1569 476 1625; x_wconf 87' lang='lat' dir='ltr'><strong>Dominus</strong></span> <span class='ocrx_word' id='word_1_187' title='bbox 490 1568 575 1624; x_wconf 90' lang='lat' dir='ltr'><strong>dicit:</strong></span> <span class='ocrx_word' id='word_1_188' title='bbox 592 1570 665 1624; x_wconf 85' lang='lat' dir='ltr'><strong>Deus</strong></span> <span class='ocrx_word' id='word_1_189' title='bbox 677 1566 802 1639; x_wconf 82' lang='lat' dir='ltr'><strong>superbis</strong></span> <span class='ocrx_word' id='word_1_190' title='bbox 816 1563 935 1629; x_wconf 85' lang='lat' dir='ltr'><strong>resistit,</strong></span> <span class='ocrx_word' id='word_1_191' title='bbox 987 1575 1046 1623; x_wconf 91' lang='lat' dir='ltr'><strong>ctus</strong></span> <span class='ocrx_word' id='word_1_192' title='bbox 1062 1567 1213 1641; x_wconf 79' lang='lat' dir='ltr'><strong>Gregorius</strong></span> <span class='ocrx_word' id='word_1_193' title='bbox 1234 1567 1421 1623; x_wconf 88' lang='lat' dir='ltr'><strong>Nazianzenus</strong></span> <span class='ocrx_word' id='word_1_194' title='bbox 1455 1564 1578 1621; x_wconf 90' lang='lat' dir='ltr'><strong>habitum</strong></span> <span class='ocrx_word' id='word_1_195' title='bbox 1597 1561 1698 1618; x_wconf 85' lang='lat' dir='ltr'><strong>tuliani</strong></span> <span class='ocrx_word' id='word_1_196' title='bbox 1714 1564 1792 1634; x_wconf 80' lang='lat' dir='ltr'><strong>Apo-</strong></span> 
     </span>
     <span class='ocr_line' id='line_1_17' title="bbox 144 1650 1791 1739; baseline -0.006 -23"><span class='ocrx_word' id='word_1_197' title='bbox 144 1659 298 1717; x_wconf 82' lang='lat' dir='ltr'><strong>bumitibus</strong></span> <span class='ocrx_word' id='word_1_198' title='bbox 318 1662 416 1714; x_wconf 87' lang='lat' dir='ltr'><strong>eutem</strong></span> <span class='ocrx_word' id='word_1_199' title='bbox 430 1657 480 1712; x_wconf 88' lang='lat' dir='ltr'><strong>dut</strong></span> <span class='ocrx_word' id='word_1_200' title='bbox 500 1657 624 1728; x_wconf 76' lang='lat' dir='ltr'><strong>pretium</strong></span> <span class='ocrx_word' id='word_1_201' title='bbox 644 1656 714 1724; x_wconf 73' lang='lat' dir='ltr'><strong>(luc.</strong></span> <span class='ocrx_word' id='word_1_202' title='bbox 730 1654 789 1725; x_wconf 85' lang='lat' dir='ltr'><strong>rv);</strong></span> <span class='ocrx_word' id='word_1_203' title='bbox 805 1659 833 1708; x_wconf 93' lang='lat' dir='ltr'><strong>et</strong></span> <span class='ocrx_word' id='word_1_204' title='bbox 846 1652 911 1709; x_wconf 90' lang='lat' dir='ltr'><strong>item</strong></span> <span class='ocrx_word' id='word_1_205' title='bbox 927 1667 934 1705; x_wconf 75' lang='grc' dir='ltr'><em>τ</em></span> <span class='ocrx_word' id='word_1_206' title='bbox 949 1663 1065 1739; x_wconf 79' lang='lat' dir='ltr'><strong>Batatae</strong></span> <span class='ocrx_word' id='word_1_207' title='bbox 1078 1655 1209 1712; x_wconf 87' lang='lat' dir='ltr'><strong>describit</strong></span> <span class='ocrx_word' id='word_1_208' title='bbox 1223 1655 1317 1712; x_wconf 87' lang='lat' dir='ltr'><strong>diceus</strong></span> <span class='ocrx_word' id='word_1_209' title='bbox 1332 1657 1416 1727; x_wconf 86' lang='lat' dir='ltr'><strong>(orat.</strong></span> <span class='ocrx_word' id='word_1_210' title='bbox 1429 1657 1455 1709; x_wconf 90' lang='lat' dir='ltr'><strong>l.</strong></span> <span class='ocrx_word' id='word_1_211' title='bbox 1467 1656 1500 1710; x_wconf 82' lang='lat' dir='ltr'><strong>iu</strong></span> <span class='ocrx_word' id='word_1_212' title='bbox 1510 1652 1671 1722; x_wconf 73' lang='lat' dir='ltr'><strong>luliacum)</strong></span> <span class='ocrx_word' id='word_1_213' title='bbox 1687 1667 1696 1706; x_wconf 76' lang='grc' dir='ltr'>ε</span> <span class='ocrx_word' id='word_1_214' title='bbox 1714 1650 1791 1706; x_wconf 71' lang='lat' dir='ltr'><strong>«Fa-</strong></span> 
     </span>
     <span class='ocr_line' id='line_1_18' title="bbox 141 1737 1789 1818; baseline -0.007 -14"><span class='ocrx_word' id='word_1_215' title='bbox 141 1747 308 1804; x_wconf 81' lang='lat' dir='ltr'><strong>lmmuudus</strong></span> <span class='ocrx_word' id='word_1_216' title='bbox 324 1750 367 1803; x_wconf 86' lang='lat' dir='ltr'><strong>est</strong></span> <span class='ocrx_word' id='word_1_217' title='bbox 390 1744 466 1818; x_wconf 84' lang='lat' dir='ltr'><strong>apud</strong></span> <span class='ocrx_word' id='word_1_218' title='bbox 483 1746 573 1801; x_wconf 79' lang='lat' dir='ltr'><strong>iteum</strong></span> <span class='ocrx_word' id='word_1_219' title='bbox 594 1745 686 1800; x_wconf 85' lang='lat' dir='ltr'><strong>omnis</strong></span> <span class='ocrx_word' id='word_1_220' title='bbox 701 1743 750 1814; x_wconf 85' lang='lat' dir='ltr'><strong>qui</strong></span> <span class='ocrx_word' id='word_1_221' title='bbox 764 1743 877 1798; x_wconf 79' lang='lat' dir='ltr'><strong>exultat</strong></span> <span class='ocrx_word' id='word_1_222' title='bbox 889 1755 937 1797; x_wconf 85' lang='lat' dir='ltr'><strong>cor</strong></span> <span class='ocrx_word' id='word_1_223' title='bbox 987 1743 1077 1800; x_wconf 89' lang='lat' dir='ltr'><strong>ciebat</strong></span> <span class='ocrx_word' id='word_1_224' title='bbox 1103 1759 1148 1799; x_wconf 90' lang='lat' dir='ltr'><strong>me</strong></span> <span class='ocrx_word' id='word_1_225' title='bbox 1175 1751 1283 1799; x_wconf 87' lang='lat' dir='ltr'><strong>cautum</strong></span> <span class='ocrx_word' id='word_1_226' title='bbox 1301 1742 1370 1798; x_wconf 90' lang='lat' dir='ltr'><strong>adeo</strong></span> <span class='ocrx_word' id='word_1_227' title='bbox 1391 1740 1571 1799; x_wconf 87' lang='lat' dir='ltr'><strong>inconstantia</strong></span> <span class='ocrx_word' id='word_1_228' title='bbox 1585 1754 1693 1795; x_wconf 91' lang='lat' dir='ltr'><strong>morum</strong></span> <span class='ocrx_word' id='word_1_229' title='bbox 1720 1737 1789 1808; x_wconf 86' lang='lat' dir='ltr'><strong>ejus,</strong></span> 
     </span>
     <span class='ocr_line' id='line_1_19' title="bbox 140 1826 1788 1907; baseline -0.007 -16"><span class='ocrx_word' id='word_1_230' title='bbox 140 1835 238 1907; x_wconf 83' lang='lat' dir='ltr'><strong>(Ereti.</strong></span> <span class='ocrx_word' id='word_1_231' title='bbox 247 1835 336 1905; x_wconf 72' lang='lat' dir='ltr'><strong>xmp:</strong></span> <span class='ocrx_word' id='word_1_232' title='bbox 353 1839 380 1889; x_wconf 90' lang='lat' dir='ltr'><strong>et</strong></span> <span class='ocrx_word' id='word_1_233' title='bbox 388 1833 452 1888; x_wconf 92' lang='lat' dir='ltr'><strong>item</strong></span> <span class='ocrx_word' id='word_1_234' title='bbox 469 1847 478 1888; x_wconf 79' lang='lat' dir='ltr'><strong>s</strong></span> <span class='ocrx_word' id='word_1_235' title='bbox 495 1831 566 1900; x_wconf 85' lang='lat' dir='ltr'><strong>Quid</strong></span> <span class='ocrx_word' id='word_1_236' title='bbox 573 1832 697 1904; x_wconf 82' lang='lat' dir='ltr'><strong>superbit</strong></span> <span class='ocrx_word' id='word_1_237' title='bbox 708 1833 785 1886; x_wconf 83' lang='lat' dir='ltr'><strong>terra</strong></span> <span class='ocrx_word' id='word_1_238' title='bbox 799 1833 827 1885; x_wconf 84' lang='lat' dir='ltr'><strong>ct</strong></span> <span class='ocrx_word' id='word_1_239' title='bbox 841 1828 938 1885; x_wconf 82' lang='lat' dir='ltr'><strong>ciuis?</strong></span> <span class='ocrx_word' id='word_1_240' title='bbox 988 1839 1014 1887; x_wconf 94' lang='lat' dir='ltr'><strong>et</strong></span> <span class='ocrx_word' id='word_1_241' title='bbox 1041 1847 1170 1887; x_wconf 77' lang='lat' dir='ltr'><strong>excessus</strong></span> <span class='ocrx_word' id='word_1_242' title='bbox 1203 1830 1322 1886; x_wconf 89' lang='lat' dir='ltr'><strong>uberior.</strong></span> <span class='ocrx_word' id='word_1_243' title='bbox 1354 1830 1436 1887; x_wconf 88' lang='lat' dir='ltr'><strong>Vates</strong></span> <span class='ocrx_word' id='word_1_244' title='bbox 1472 1828 1543 1885; x_wconf 88' lang='lat' dir='ltr'><strong>enim</strong></span> <span class='ocrx_word' id='word_1_245' title='bbox 1581 1826 1714 1899; x_wconf 87' lang='lat' dir='ltr'><strong>egregius</strong></span> <span class='ocrx_word' id='word_1_246' title='bbox 1737 1832 1788 1890; x_wconf 90' lang='lat' dir='ltr'><strong>est,</strong></span> 
     </span>
     <span class='ocr_line' id='line_1_20' title="bbox 139 1907 1790 1997; baseline -0.007 -17"><span class='ocrx_word' id='word_1_247' title='bbox 139 1925 238 1997; x_wconf 76' lang='lat' dir='ltr'><strong>(docti.</strong></span> <span class='ocrx_word' id='word_1_248' title='bbox 254 1923 297 1993; x_wconf 82' lang='lat' dir='ltr'><strong>x.)</strong></span> <span class='ocrx_word' id='word_1_249' title='bbox 312 1920 383 1991; x_wconf 87' lang='lat' dir='ltr'><strong>Quia</strong></span> <span class='ocrx_word' id='word_1_250' title='bbox 397 1920 481 1994; x_wconf 87' lang='lat' dir='ltr'><strong>igitur</strong></span> <span class='ocrx_word' id='word_1_251' title='bbox 491 1920 658 1991; x_wconf 83' lang='lat' dir='ltr'><strong>Redemptor</strong></span> <span class='ocrx_word' id='word_1_252' title='bbox 668 1925 762 1974; x_wconf 88' lang='lat' dir='ltr'><strong>noster</strong></span> <span class='ocrx_word' id='word_1_253' title='bbox 772 1917 857 1974; x_wconf 89' lang='lat' dir='ltr'><strong>eorda</strong></span> <span class='ocrx_word' id='word_1_254' title='bbox 866 1915 938 1988; x_wconf 86' lang='lat' dir='ltr'><strong>regit</strong></span> <span class='ocrx_word' id='word_1_255' title='bbox 988 1919 1034 1991; x_wconf 88' lang='lat' dir='ltr'><strong>qui</strong></span> <span class='ocrx_word' id='word_1_256' title='bbox 1062 1919 1132 1974; x_wconf 90' lang='lat' dir='ltr'><strong>hene</strong></span> <span class='ocrx_word' id='word_1_257' title='bbox 1156 1918 1318 1975; x_wconf 89' lang='lat' dir='ltr'><strong>considerat.</strong></span> <span class='ocrx_word' id='word_1_258' title='bbox 1347 1917 1457 1974; x_wconf 90' lang='lat' dir='ltr'><strong>Nullum</strong></span> <span class='ocrx_word' id='word_1_259' title='bbox 1481 1917 1555 1973; x_wconf 89' lang='lat' dir='ltr'><strong>enim</strong></span> <span class='ocrx_word' id='word_1_260' title='bbox 1583 1915 1694 1987; x_wconf 86' lang='lat' dir='ltr'><strong>signum</strong></span> <span class='ocrx_word' id='word_1_261' title='bbox 1723 1907 1790 1968; x_wconf 84' lang='lat' dir='ltr'><strong>mibi</strong></span> 
     </span>
     <span class='ocr_line' id='line_1_21' title="bbox 138 1999 1791 2079; baseline -0.006 -12"><span class='ocrx_word' id='word_1_262' title='bbox 138 2010 296 2078; x_wconf 89' lang='lat' dir='ltr'><strong>humilium,</strong></span> <span class='ocrx_word' id='word_1_263' title='bbox 316 2017 344 2067; x_wconf 91' lang='lat' dir='ltr'><strong>et</strong></span> <span class='ocrx_word' id='word_1_264' title='bbox 370 2009 520 2064; x_wconf 88' lang='lat' dir='ltr'><strong>Leviathan</strong></span> <span class='ocrx_word' id='word_1_265' title='bbox 546 2025 601 2064; x_wconf 77' lang='lat' dir='ltr'><strong>rec</strong></span> <span class='ocrx_word' id='word_1_266' title='bbox 626 2007 725 2064; x_wconf 87' lang='lat' dir='ltr'><strong>dicitur</strong></span> <span class='ocrx_word' id='word_1_267' title='bbox 744 2005 935 2079; x_wconf 85' lang='lat' dir='ltr'><strong>superborum,</strong></span> <span class='ocrx_word' id='word_1_268' title='bbox 986 2005 1016 2062; x_wconf 91' lang='lat' dir='ltr'><strong>in</strong></span> <span class='ocrx_word' id='word_1_269' title='bbox 1032 2022 1065 2063; x_wconf 92' lang='lat' dir='ltr'><strong>eo</strong></span> <span class='ocrx_word' id='word_1_270' title='bbox 1087 2006 1152 2064; x_wconf 92' lang='lat' dir='ltr'><strong>utile</strong></span> <span class='ocrx_word' id='word_1_271' title='bbox 1180 2006 1342 2074; x_wconf 89' lang='lat' dir='ltr'><strong>videbatur,</strong></span> <span class='ocrx_word' id='word_1_272' title='bbox 1359 2005 1452 2064; x_wconf 86' lang='lat' dir='ltr'><strong>cervix</strong></span> <span class='ocrx_word' id='word_1_273' title='bbox 1492 2002 1648 2061; x_wconf 81' lang='lat' dir='ltr'><strong>inflexibilis</strong></span> <span class='ocrx_word' id='word_1_274' title='bbox 1660 2045 1668 2070; x_wconf 90' lang='lat'><strong>,</strong></span> <span class='ocrx_word' id='word_1_275' title='bbox 1682 1999 1791 2058; x_wconf 89' lang='lat' dir='ltr'><strong>humeri</strong></span> 
     </span>
     <span class='ocr_line' id='line_1_22' title="bbox 136 2089 1792 2172; baseline -0.006 -16"><span class='ocrx_word' id='word_1_276' title='bbox 136 2106 231 2172; x_wconf 89' lang='lat' dir='ltr'><strong>aperte</strong></span> <span class='ocrx_word' id='word_1_277' title='bbox 245 2098 438 2171; x_wconf 84' lang='lat' dir='ltr'><strong>cognoscimus</strong></span> <span class='ocrx_word' id='word_1_278' title='bbox 454 2094 772 2168; x_wconf 87' lang='lat' dir='ltr'><strong>quodevidentissimum</strong></span> <span class='ocrx_word' id='word_1_279' title='bbox 800 2092 937 2164; x_wconf 90' lang='lat' dir='ltr'><strong>reprobo·</strong></span> <span class='ocrx_word' id='word_1_280' title='bbox 985 2095 1137 2164; x_wconf 85' lang='lat' dir='ltr'><strong>jactabiles,</strong></span> <span class='ocrx_word' id='word_1_281' title='bbox 1165 2094 1236 2152; x_wconf 88' lang='lat' dir='ltr'><strong>oculi</strong></span> <span class='ocrx_word' id='word_1_282' title='bbox 1260 2102 1421 2161; x_wconf 90' lang='lat' dir='ltr'><strong>currentes,</strong></span> <span class='ocrx_word' id='word_1_283' title='bbox 1469 2094 1522 2149; x_wconf 90' lang='lat' dir='ltr'><strong>huc</strong></span> <span class='ocrx_word' id='word_1_284' title='bbox 1545 2091 1666 2163; x_wconf 90' lang='lat' dir='ltr'><strong>illucque</strong></span> <span class='ocrx_word' id='word_1_285' title='bbox 1693 2089 1792 2148; x_wconf 87' lang='lat' dir='ltr'><strong>directi</strong></span> 
     </span>
     <span class='ocr_line' id='line_1_23' title="bbox 137 2179 1790 2260; baseline -0.005 -17"><span class='ocrx_word' id='word_1_286' title='bbox 137 2204 197 2244; x_wconf 92' lang='lat' dir='ltr'><strong>rum</strong></span> <span class='ocrx_word' id='word_1_287' title='bbox 211 2187 320 2260; x_wconf 89' lang='lat' dir='ltr'><strong>signum</strong></span> <span class='ocrx_word' id='word_1_288' title='bbox 336 2183 570 2258; x_wconf 89' lang='lat' dir='ltr'><strong>superbiaest,ad</strong></span> <span class='ocrx_word' id='word_1_289' title='bbox 584 2181 938 2239; x_wconf 79' lang='lat' dir='ltr'><strong>contratrumilitaselecto</strong></span> <span class='ocrx_word' id='word_1_290' title='bbox 988 2191 1015 2240; x_wconf 90' lang='lat' dir='ltr'><strong>et</strong></span> <span class='ocrx_word' id='word_1_291' title='bbox 1041 2183 1143 2239; x_wconf 82' lang='lat' dir='ltr'><strong>furiose</strong></span> <span class='ocrx_word' id='word_1_292' title='bbox 1172 2181 1360 2254; x_wconf 86' lang='lat' dir='ltr'><strong>respicientes,</strong></span> <span class='ocrx_word' id='word_1_293' title='bbox 1389 2181 1475 2254; x_wconf 88' lang='lat' dir='ltr'><strong>pedes</strong></span> <span class='ocrx_word' id='word_1_294' title='bbox 1499 2179 1683 2253; x_wconf 88' lang='lat' dir='ltr'><strong>impatientes,</strong></span> <span class='ocrx_word' id='word_1_295' title='bbox 1709 2192 1790 2236; x_wconf 84' lang='lat' dir='ltr'><strong>nares</strong></span> 
     </span>
     <span class='ocr_line' id='line_1_24' title="bbox 136 2267 1790 2346; baseline -0.004 -15"><span class='ocrx_word' id='word_1_296' title='bbox 136 2291 206 2331; x_wconf 90' lang='lat' dir='ltr'><strong>rum.</strong></span> <span class='ocrx_word' id='word_1_297' title='bbox 224 2276 292 2330; x_wconf 90' lang='lat' dir='ltr'><strong>Gum</strong></span> <span class='ocrx_word' id='word_1_298' title='bbox 312 2289 379 2346; x_wconf 88' lang='lat' dir='ltr'><strong>ergo</strong></span> <span class='ocrx_word' id='word_1_299' title='bbox 401 2287 482 2344; x_wconf 86' lang='lat' dir='ltr'><strong>quam</strong></span> <span class='ocrx_word' id='word_1_300' title='bbox 497 2271 612 2343; x_wconf 90' lang='lat' dir='ltr'><strong>quisque</strong></span> <span class='ocrx_word' id='word_1_301' title='bbox 625 2270 723 2326; x_wconf 89' lang='lat' dir='ltr'><strong>babeat</strong></span> <span class='ocrx_word' id='word_1_302' title='bbox 749 2268 934 2343; x_wconf 88' lang='lat' dir='ltr'><strong>cognoscitur,</strong></span> <span class='ocrx_word' id='word_1_303' title='bbox 987 2271 1124 2344; x_wconf 88' lang='lat' dir='ltr'><strong>spirantes</strong></span> <span class='ocrx_word' id='word_1_304' title='bbox 1151 2270 1264 2340; x_wconf 87' lang='lat' dir='ltr'><strong>injurias</strong></span> <span class='ocrx_word' id='word_1_305' title='bbox 1298 2279 1381 2343; x_wconf 88' lang='lat' dir='ltr'><strong>atque</strong></span> <span class='ocrx_word' id='word_1_306' title='bbox 1421 2276 1619 2342; x_wconf 91' lang='lat' dir='ltr'><strong>contemptun,</strong></span> <span class='ocrx_word' id='word_1_307' title='bbox 1649 2267 1790 2324; x_wconf 86' lang='lat' dir='ltr'><strong>schemata</strong></span> 
     </span>
     <span class='ocr_line' id='line_1_25' title="bbox 134 2355 1790 2435; baseline -0.003 -17"><span class='ocrx_word' id='word_1_308' title='bbox 134 2363 185 2418; x_wconf 88' lang='lat' dir='ltr'><strong>snb</strong></span> <span class='ocrx_word' id='word_1_309' title='bbox 200 2377 254 2435; x_wconf 93' lang='lat' dir='ltr'><strong>quo</strong></span> <span class='ocrx_word' id='word_1_310' title='bbox 282 2377 348 2434; x_wconf 87' lang='lat' dir='ltr'><strong>rege</strong></span> <span class='ocrx_word' id='word_1_311' title='bbox 362 2361 458 2416; x_wconf 91' lang='lat' dir='ltr'><strong>militet</strong></span> <span class='ocrx_word' id='word_1_312' title='bbox 481 2359 626 2415; x_wconf 78' lang='lat' dir='ltr'><strong>invenitur.</strong></span> <span class='ocrx_word' id='word_1_313' title='bbox 656 2356 849 2431; x_wconf 89' lang='lat' dir='ltr'><strong>Unusquisque</strong></span> <span class='ocrx_word' id='word_1_314' title='bbox 863 2355 937 2413; x_wconf 90' lang='lat' dir='ltr'><strong>enim</strong></span> <span class='ocrx_word' id='word_1_315' title='bbox 987 2360 1112 2430; x_wconf 91' lang='lat' dir='ltr'><strong>risibilia,</strong></span> <span class='ocrx_word' id='word_1_316' title='bbox 1140 2367 1167 2416; x_wconf 93' lang='lat' dir='ltr'><strong>et</strong></span> <span class='ocrx_word' id='word_1_317' title='bbox 1203 2360 1256 2416; x_wconf 90' lang='lat' dir='ltr'><strong>hoc</strong></span> <span class='ocrx_word' id='word_1_318' title='bbox 1278 2359 1368 2431; x_wconf 92' lang='lat' dir='ltr'><strong>ipsum</strong></span> <span class='ocrx_word' id='word_1_319' title='bbox 1407 2374 1517 2431; x_wconf 88' lang='lat' dir='ltr'><strong>semper</strong></span> <span class='ocrx_word' id='word_1_320' title='bbox 1546 2355 1677 2413; x_wconf 89' lang='lat' dir='ltr'><strong>babentia</strong></span> <span class='ocrx_word' id='word_1_321' title='bbox 1692 2396 1700 2427; x_wconf 97' lang='lat'><strong>,</strong></span> <span class='ocrx_word' id='word_1_322' title='bbox 1716 2355 1790 2413; x_wconf 79' lang='lat' dir='ltr'><strong>risus</strong></span> 
     </span>
     <span class='ocr_line' id='line_1_26' title="bbox 135 2443 1790 2524; baseline -0.004 -17"><span class='ocrx_word' id='word_1_323' title='bbox 135 2449 214 2524; x_wconf 88' lang='lat' dir='ltr'><strong>quasi</strong></span> <span class='ocrx_word' id='word_1_324' title='bbox 243 2448 389 2521; x_wconf 89' lang='lat' dir='ltr'><strong>quemdam</strong></span> <span class='ocrx_word' id='word_1_325' title='bbox 414 2447 519 2503; x_wconf 93' lang='lat' dir='ltr'><strong>titulum</strong></span> <span class='ocrx_word' id='word_1_326' title='bbox 538 2453 627 2519; x_wconf 88' lang='lat' dir='ltr'><strong>portat</strong></span> <span class='ocrx_word' id='word_1_327' title='bbox 641 2445 755 2518; x_wconf 92' lang='lat' dir='ltr'><strong>operis,</strong></span> <span class='ocrx_word' id='word_1_328' title='bbox 776 2460 835 2517; x_wconf 90' lang='lat' dir='ltr'><strong>quo</strong></span> <span class='ocrx_word' id='word_1_329' title='bbox 856 2443 937 2500; x_wconf 79' lang='lat' dir='ltr'><strong>facile</strong></span> <span class='ocrx_word' id='word_1_330' title='bbox 986 2447 1157 2505; x_wconf 89' lang='lat' dir='ltr'><strong>incontinens</strong></span> <span class='ocrx_word' id='word_1_331' title='bbox 1172 2455 1198 2504; x_wconf 92' lang='lat' dir='ltr'><strong>et</strong></span> <span class='ocrx_word' id='word_1_332' title='bbox 1219 2447 1299 2520; x_wconf 88' lang='lat' dir='ltr'><strong>quasi</strong></span> <span class='ocrx_word' id='word_1_333' title='bbox 1326 2445 1504 2513; x_wconf 90' lang='lat' dir='ltr'><strong>subbulliens,</strong></span> <span class='ocrx_word' id='word_1_334' title='bbox 1532 2459 1684 2502; x_wconf 89' lang='lat' dir='ltr'><strong>consensus</strong></span> <span class='ocrx_word' id='word_1_335' title='bbox 1699 2450 1728 2500; x_wconf 90' lang='lat' dir='ltr'><strong>et</strong></span> <span class='ocrx_word' id='word_1_336' title='bbox 1741 2459 1790 2501; x_wconf 87' lang='lat' dir='ltr'><strong>ne-</strong></span> 
     </span>
     <span class='ocr_line' id='line_1_27' title="bbox 133 2532 1791 2608; baseline -0.004 -14"><span class='ocrx_word' id='word_1_337' title='bbox 133 2536 320 2595; x_wconf 87' lang='lat' dir='ltr'><strong>ostendatsub</strong></span> <span class='ocrx_word' id='word_1_338' title='bbox 334 2536 410 2607; x_wconf 87' lang='lat' dir='ltr'><strong>cujus</strong></span> <span class='ocrx_word' id='word_1_339' title='bbox 432 2536 531 2592; x_wconf 90' lang='lat' dir='ltr'><strong>serviat</strong></span> <span class='ocrx_word' id='word_1_340' title='bbox 558 2542 693 2607; x_wconf 84' lang='lat' dir='ltr'><strong>potestate</strong></span> <span class='ocrx_word' id='word_1_341' title='bbox 722 2533 847 2589; x_wconf 90' lang='lat' dir='ltr'><strong>rectoris.</strong></span> <span class='ocrx_word' id='word_1_342' title='bbox 867 2553 878 2582; x_wconf 76' lang='grc' dir='ltr'>ι</span> <span class='ocrx_word' id='word_1_343' title='bbox 895 2533 936 2588; x_wconf 86' lang='lat' dir='ltr'><strong>De</strong></span> <span class='ocrx_word' id='word_1_344' title='bbox 986 2535 1060 2608; x_wconf 88' lang='lat' dir='ltr'><strong>gatio</strong></span> <span class='ocrx_word' id='word_1_345' title='bbox 1074 2535 1164 2603; x_wconf 90' lang='lat' dir='ltr'><strong>simul,</strong></span> <span class='ocrx_word' id='word_1_346' title='bbox 1181 2535 1252 2591; x_wconf 89' lang='lat' dir='ltr'><strong>ratio</strong></span> <span class='ocrx_word' id='word_1_347' title='bbox 1275 2534 1350 2591; x_wconf 88' lang='lat' dir='ltr'><strong>nulla</strong></span> <span class='ocrx_word' id='word_1_348' title='bbox 1378 2534 1484 2591; x_wconf 89' lang='lat' dir='ltr'><strong>ratione</strong></span> <span class='ocrx_word' id='word_1_349' title='bbox 1510 2532 1684 2600; x_wconf 84' lang='lat' dir='ltr'><strong>consistens,</strong></span> <span class='ocrx_word' id='word_1_350' title='bbox 1700 2532 1791 2589; x_wconf 89' lang='lat' dir='ltr'><strong>iuter·</strong></span> 
     </span>
     <span class='ocr_line' id='line_1_28' title="bbox 133 2619 1792 2699; baseline -0.004 -16"><span class='ocrx_word' id='word_1_351' title='bbox 133 2624 187 2684; x_wconf 87' lang='lat' dir='ltr'><strong>boc</strong></span> <span class='ocrx_word' id='word_1_352' title='bbox 205 2625 305 2699; x_wconf 92' lang='lat' dir='ltr'><strong>quippe</strong></span> <span class='ocrx_word' id='word_1_353' title='bbox 319 2624 384 2682; x_wconf 90' lang='lat' dir='ltr'><strong>vitio</strong></span> <span class='ocrx_word' id='word_1_354' title='bbox 407 2623 542 2696; x_wconf 74' lang='lat' dir='ltr'><strong>superbiae</strong></span> <span class='ocrx_word' id='word_1_355' title='bbox 555 2622 714 2692; x_wconf 88' lang='lat' dir='ltr'><strong>descendit,</strong></span> <span class='ocrx_word' id='word_1_356' title='bbox 730 2621 803 2694; x_wconf 94' lang='lat' dir='ltr'><strong>quod</strong></span> <span class='ocrx_word' id='word_1_357' title='bbox 817 2620 895 2677; x_wconf 90' lang='lat' dir='ltr'><strong>multi</strong></span> <span class='ocrx_word' id='word_1_358' title='bbox 909 2629 936 2677; x_wconf 88' lang='lat' dir='ltr'><strong>tc</strong></span> <span class='ocrx_word' id='word_1_359' title='bbox 985 2623 1091 2698; x_wconf 87' lang='lat' dir='ltr'><strong>rogatio</strong></span> <span class='ocrx_word' id='word_1_360' title='bbox 1105 2623 1269 2690; x_wconf 89' lang='lat' dir='ltr'><strong>inordinata,</strong></span> <span class='ocrx_word' id='word_1_361' title='bbox 1281 2631 1363 2696; x_wconf 90' lang='lat' dir='ltr'><strong>atque</strong></span> <span class='ocrx_word' id='word_1_362' title='bbox 1377 2621 1521 2696; x_wconf 92' lang='lat' dir='ltr'><strong>responsio</strong></span> <span class='ocrx_word' id='word_1_363' title='bbox 1535 2621 1608 2678; x_wconf 90' lang='lat' dir='ltr'><strong>nulla</strong></span> <span class='ocrx_word' id='word_1_364' title='bbox 1622 2619 1792 2678; x_wconf 84' lang='lat' dir='ltr'><strong>convenien-</strong></span> 
     </span>
     <span class='ocr_line' id='line_1_29' title="bbox 132 2708 1791 2787; baseline -0.002 -17"><span class='ocrx_word' id='word_1_365' title='bbox 132 2713 205 2787; x_wconf 90' lang='lat' dir='ltr'><strong>apud</strong></span> <span class='ocrx_word' id='word_1_366' title='bbox 218 2712 456 2787; x_wconf 90' lang='lat' dir='ltr'><strong>plurimosdicunt</strong></span> <span class='ocrx_word' id='word_1_367' title='bbox 469 2713 504 2768; x_wconf 92' lang='lat' dir='ltr'><strong>de</strong></span> <span class='ocrx_word' id='word_1_368' title='bbox 530 2710 690 2768; x_wconf 84' lang='lat' dir='ltr'><strong>tortitudine</strong></span> <span class='ocrx_word' id='word_1_369' title='bbox 705 2718 732 2767; x_wconf 89' lang='lat' dir='ltr'><strong>et</strong></span> <span class='ocrx_word' id='word_1_370' title='bbox 758 2709 880 2782; x_wconf 86' lang='lat' dir='ltr'><strong>agilitate</strong></span> <span class='ocrx_word' id='word_1_371' title='bbox 896 2708 934 2765; x_wconf 95' lang='lat' dir='ltr'><strong>tui</strong></span> <span class='ocrx_word' id='word_1_372' title='bbox 984 2711 1022 2767; x_wconf 90' lang='lat' dir='ltr'><strong>tia</strong></span> <span class='ocrx_word' id='word_1_373' title='bbox 1040 2711 1093 2768; x_wconf 91' lang='lat' dir='ltr'><strong>sibi</strong></span> <span class='ocrx_word' id='word_1_374' title='bbox 1116 2710 1293 2768; x_wconf 88' lang='lat' dir='ltr'><strong>conveniens.</strong></span> <span class='ocrx_word' id='word_1_375' title='bbox 1313 2732 1324 2761; x_wconf 72' lang='grc' dir='ltr'><strong><em>ι</em></strong></span> <span class='ocrx_word' id='word_1_376' title='bbox 1341 2712 1376 2766; x_wconf 89' lang='lat' dir='ltr'><strong>Et</strong></span> <span class='ocrx_word' id='word_1_377' title='bbox 1399 2718 1509 2768; x_wconf 87' lang='lat' dir='ltr'><strong>sanctus</strong></span> <span class='ocrx_word' id='word_1_378' title='bbox 1536 2724 1608 2783; x_wconf 89' lang='lat' dir='ltr'><strong>papa</strong></span> <span class='ocrx_word' id='word_1_379' title='bbox 1636 2708 1791 2784; x_wconf 84' lang='lat' dir='ltr'><strong>Gregorius</strong></span> 
     </span>
     <span class='ocr_line' id='line_1_30' title="bbox 133 2796 1789 2876; baseline -0.003 -17"><span class='ocrx_word' id='word_1_380' title='bbox 133 2802 257 2874; x_wconf 87' lang='lat' dir='ltr'><strong>corporis</strong></span> <span class='ocrx_word' id='word_1_381' title='bbox 268 2801 391 2876; x_wconf 89' lang='lat' dir='ltr'><strong>gloriari,</strong></span> <span class='ocrx_word' id='word_1_382' title='bbox 408 2808 435 2856; x_wconf 90' lang='lat' dir='ltr'><strong>et</strong></span> <span class='ocrx_word' id='word_1_383' title='bbox 448 2800 484 2856; x_wconf 90' lang='lat' dir='ltr'><strong>de</strong></span> <span class='ocrx_word' id='word_1_384' title='bbox 499 2799 616 2870; x_wconf 89' lang='lat' dir='ltr'><strong>praeliis,</strong></span> <span class='ocrx_word' id='word_1_385' title='bbox 633 2807 716 2871; x_wconf 87' lang='lat' dir='ltr'><strong>atque</strong></span> <span class='ocrx_word' id='word_1_386' title='bbox 729 2806 758 2854; x_wconf 93' lang='lat' dir='ltr'><strong>ut</strong></span> <span class='ocrx_word' id='word_1_387' title='bbox 772 2797 934 2853; x_wconf 88' lang='lat' dir='ltr'><strong>nostratium</strong></span> <span class='ocrx_word' id='word_1_388' title='bbox 984 2800 1128 2872; x_wconf 87' lang='lat' dir='ltr'><strong>quemdem</strong></span> <span class='ocrx_word' id='word_1_389' title='bbox 1143 2799 1302 2857; x_wconf 87' lang='lat' dir='ltr'><strong>describens</strong></span> <span class='ocrx_word' id='word_1_390' title='bbox 1322 2799 1465 2872; x_wconf 90' lang='lat' dir='ltr'><strong>potiusque</strong></span> <span class='ocrx_word' id='word_1_391' title='bbox 1479 2798 1631 2871; x_wconf 88' lang='lat' dir='ltr'><strong>depingens</strong></span> <span class='ocrx_word' id='word_1_392' title='bbox 1643 2796 1789 2868; x_wconf 84' lang='lat' dir='ltr'><strong>juvenem,</strong></span> 
     </span>
     <span class='ocr_line' id='line_1_31' title="bbox 133 2884 1792 2962; baseline -0.001 -18"><span class='ocrx_word' id='word_1_393' title='bbox 133 2889 226 2962; x_wconf 87' lang='lat' dir='ltr'><strong>lingua</strong></span> <span class='ocrx_word' id='word_1_394' title='bbox 249 2889 357 2956; x_wconf 86' lang='lat' dir='ltr'><strong>dicitur,</strong></span> <span class='ocrx_word' id='word_1_395' title='bbox 373 2887 407 2943; x_wconf 93' lang='lat' dir='ltr'><strong>de</strong></span> <span class='ocrx_word' id='word_1_396' title='bbox 422 2888 569 2944; x_wconf 79' lang='lat' dir='ltr'><strong>vassaticis</strong></span> <span class='ocrx_word' id='word_1_397' title='bbox 593 2886 750 2957; x_wconf 78' lang='lat' dir='ltr'><strong>frequenter</strong></span> <span class='ocrx_word' id='word_1_398' title='bbox 765 2900 797 2942; x_wconf 90' lang='lat' dir='ltr'><strong>ac</strong></span> <span class='ocrx_word' id='word_1_399' title='bbox 819 2884 935 2942; x_wconf 90' lang='lat' dir='ltr'><strong>libenter</strong></span> <span class='ocrx_word' id='word_1_400' title='bbox 984 2888 1018 2944; x_wconf 92' lang='lat' dir='ltr'><strong>de</strong></span> <span class='ocrx_word' id='word_1_401' title='bbox 1033 2904 1066 2945; x_wconf 89' lang='lat' dir='ltr'><strong>eo</strong></span> <span class='ocrx_word' id='word_1_402' title='bbox 1081 2888 1167 2945; x_wconf 89' lang='lat' dir='ltr'><strong>dicit:</strong></span> <span class='ocrx_word' id='word_1_403' title='bbox 1186 2909 1198 2940; x_wconf 84' lang='grc' dir='ltr'>ι</span> <span class='ocrx_word' id='word_1_404' title='bbox 1215 2887 1286 2958; x_wconf 87' lang='lat' dir='ltr'><strong>Quia</strong></span> <span class='ocrx_word' id='word_1_405' title='bbox 1299 2895 1359 2944; x_wconf 88' lang='lat' dir='ltr'><strong>erat</strong></span> <span class='ocrx_word' id='word_1_406' title='bbox 1369 2887 1504 2960; x_wconf 88' lang='lat' dir='ltr'><strong>superbus</strong></span> <span class='ocrx_word' id='word_1_407' title='bbox 1515 2894 1541 2944; x_wconf 89' lang='lat' dir='ltr'><strong>et</strong></span> <span class='ocrx_word' id='word_1_408' title='bbox 1551 2885 1683 2954; x_wconf 91' lang='lat' dir='ltr'><strong>lubricus,</strong></span> <span class='ocrx_word' id='word_1_409' title='bbox 1694 2885 1792 2944; x_wconf 85' lang='lat' dir='ltr'><strong>rerbia</strong></span> 
     </span>
     <span class='ocr_line' id='line_1_32' title="bbox 133 2972 1794 3047; baseline -0.001 -14"><span class='ocrx_word' id='word_1_410' title='bbox 133 2991 287 3033; x_wconf 87' lang='lat' dir='ltr'><strong>sermonem</strong></span> <span class='ocrx_word' id='word_1_411' title='bbox 301 2976 413 3044; x_wconf 88' lang='lat' dir='ltr'><strong>habere,</strong></span> <span class='ocrx_word' id='word_1_412' title='bbox 432 2983 459 3031; x_wconf 89' lang='lat' dir='ltr'><strong>et</strong></span> <span class='ocrx_word' id='word_1_413' title='bbox 473 2974 590 3047; x_wconf 88' lang='lat' dir='ltr'><strong>qualiter</strong></span> <span class='ocrx_word' id='word_1_414' title='bbox 599 2990 696 3046; x_wconf 89' lang='lat' dir='ltr'><strong>ageres</strong></span> <span class='ocrx_word' id='word_1_415' title='bbox 710 2973 734 3029; x_wconf 89' lang='lat' dir='ltr'><strong>ai</strong></span> <span class='ocrx_word' id='word_1_416' title='bbox 743 2972 827 3030; x_wconf 90' lang='lat' dir='ltr'><strong>laicus</strong></span> <span class='ocrx_word' id='word_1_417' title='bbox 834 2972 933 3030; x_wconf 84' lang='lat' dir='ltr'><strong>luisses</strong></span> <span class='ocrx_word' id='word_1_418' title='bbox 984 2975 1052 3032; x_wconf 92' lang='lat' dir='ltr'><strong>levis</strong></span> <span class='ocrx_word' id='word_1_419' title='bbox 1069 3019 1076 3043; x_wconf 90' lang='lat'><strong>,</strong></span> <span class='ocrx_word' id='word_1_420' title='bbox 1091 2976 1201 3031; x_wconf 89' lang='lat' dir='ltr'><strong>nutibus</strong></span> <span class='ocrx_word' id='word_1_421' title='bbox 1228 2976 1362 3032; x_wconf 90' lang='lat' dir='ltr'><strong>instabilis</strong></span> <span class='ocrx_word' id='word_1_422' title='bbox 1379 3019 1386 3044; x_wconf 93' lang='lat'><strong>,</strong></span> <span class='ocrx_word' id='word_1_423' title='bbox 1413 2984 1504 3032; x_wconf 88' lang='lat' dir='ltr'><strong>mente</strong></span> <span class='ocrx_word' id='word_1_424' title='bbox 1545 2973 1667 3030; x_wconf 89' lang='lat' dir='ltr'><strong>tumidus</strong></span> <span class='ocrx_word' id='word_1_425' title='bbox 1684 3017 1692 3041; x_wconf 94' lang='lat'><strong>,</strong></span> <span class='ocrx_word' id='word_1_426' title='bbox 1713 2980 1794 3031; x_wconf 87' lang='lat' dir='ltr'><strong>veste</strong></span> 
     </span>
     <span class='ocr_line' id='line_1_33' title="bbox 132 3026 1793 3138; baseline 0 -18"><span class='ocrx_word' id='word_1_427' title='bbox 132 3064 315 3121; x_wconf 89' lang='lat' dir='ltr'><strong>irreverenter</strong></span> <span class='ocrx_word' id='word_1_428' title='bbox 342 3061 452 3130; x_wconf 83' lang='lat' dir='ltr'><strong>reterre,</strong></span> <span class='ocrx_word' id='word_1_429' title='bbox 477 3069 504 3117; x_wconf 90' lang='lat' dir='ltr'><strong>et</strong></span> <span class='ocrx_word' id='word_1_430' title='bbox 525 3061 577 3118; x_wconf 87' lang='lat' dir='ltr'><strong>alia</strong></span> <span class='ocrx_word' id='word_1_431' title='bbox 605 3061 691 3116; x_wconf 91' lang='lat' dir='ltr'><strong>multa</strong></span> <span class='ocrx_word' id='word_1_432' title='bbox 717 3078 778 3134; x_wconf 84' lang='lat' dir='ltr'><strong>quae</strong></span> <span class='ocrx_word' id='word_1_433' title='bbox 806 3060 854 3117; x_wconf 91' lang='lat' dir='ltr'><strong>tibi</strong></span> <span class='ocrx_word' id='word_1_434' title='bbox 877 3026 1161 3136; x_wconf 74' lang='lat' dir='ltr'><strong>nonCcompositus,</strong></span> <span class='ocrx_word' id='word_1_435' title='bbox 1173 3065 1280 3122; x_wconf 87' lang='lat' dir='ltr'><strong>actione</strong></span> <span class='ocrx_word' id='word_1_436' title='bbox 1290 3064 1451 3138; x_wconf 88' lang='lat' dir='ltr'><strong>dissipatus.</strong></span> <span class='ocrx_word' id='word_1_437' title='bbox 1473 3061 1579 3120; x_wconf 80' lang='lat' dir='ltr'><strong>›Unde</strong></span> <span class='ocrx_word' id='word_1_438' title='bbox 1588 3061 1793 3120; x_wconf 88' lang='lat' dir='ltr'><strong>attendendum</strong></span> 
     </span>
     <span class='ocr_line' id='line_1_34' title="bbox 133 3149 1790 3225; baseline -0.001 -16"><span class='ocrx_word' id='word_1_439' title='bbox 133 3152 297 3210; x_wconf 89' lang='lat' dir='ltr'><strong>conveniunt</strong></span> <span class='ocrx_word' id='word_1_440' title='bbox 318 3151 409 3208; x_wconf 89' lang='lat' dir='ltr'><strong>dicere</strong></span> <span class='ocrx_word' id='word_1_441' title='bbox 431 3158 459 3207; x_wconf 92' lang='lat' dir='ltr'><strong>et</strong></span> <span class='ocrx_word' id='word_1_442' title='bbox 483 3165 576 3222; x_wconf 87' lang='lat' dir='ltr'><strong>egere,</strong></span> <span class='ocrx_word' id='word_1_443' title='bbox 606 3164 659 3206; x_wconf 90' lang='lat' dir='ltr'><strong>nec</strong></span> <span class='ocrx_word' id='word_1_444' title='bbox 681 3149 748 3205; x_wconf 91' lang='lat' dir='ltr'><strong>mihi</strong></span> <span class='ocrx_word' id='word_1_445' title='bbox 779 3149 932 3206; x_wconf 88' lang='lat' dir='ltr'><strong>enuntiare.</strong></span> <span class='ocrx_word' id='word_1_446' title='bbox 983 3161 1024 3209; x_wconf 89' lang='lat' dir='ltr'><strong>est</strong></span> <span class='ocrx_word' id='word_1_447' title='bbox 1039 3152 1127 3223; x_wconf 89' lang='lat' dir='ltr'><strong>nobis,</strong></span> <span class='ocrx_word' id='word_1_448' title='bbox 1144 3153 1208 3225; x_wconf 89' lang='lat' dir='ltr'><strong>quia</strong></span> <span class='ocrx_word' id='word_1_449' title='bbox 1223 3153 1246 3209; x_wconf 89' lang='lat' dir='ltr'><strong>si</strong></span> <span class='ocrx_word' id='word_1_450' title='bbox 1260 3154 1302 3209; x_wconf 87' lang='lat' dir='ltr'><strong>hae</strong></span> <span class='ocrx_word' id='word_1_451' title='bbox 1330 3153 1559 3225; x_wconf 87' lang='lat' dir='ltr'><strong>reprehensiones</strong></span> <span class='ocrx_word' id='word_1_452' title='bbox 1582 3150 1708 3220; x_wconf 73' lang='lat' dir='ltr'><strong>inlaicis</strong></span> <span class='ocrx_word' id='word_1_453' title='bbox 1724 3150 1790 3225; x_wconf 92' lang='lat' dir='ltr'><strong>qui-</strong></span> 
     </span>
     <span class='ocr_line' id='line_1_35' title="bbox 135 3237 1787 3314; baseline 0.001 -18"><span class='ocrx_word' id='word_1_454' title='bbox 135 3241 227 3298; x_wconf 86' lang='lat' dir='ltr'><strong>Debes</strong></span> <span class='ocrx_word' id='word_1_455' title='bbox 241 3240 314 3297; x_wconf 88' lang='lat' dir='ltr'><strong>enim</strong></span> <span class='ocrx_word' id='word_1_456' title='bbox 339 3239 480 3297; x_wconf 87' lang='lat' dir='ltr'><strong>attendere</strong></span> <span class='ocrx_word' id='word_1_457' title='bbox 494 3238 568 3312; x_wconf 91' lang='lat' dir='ltr'><strong>quod</strong></span> <span class='ocrx_word' id='word_1_458' title='bbox 582 3237 713 3310; x_wconf 90' lang='lat' dir='ltr'><strong>scriptum</strong></span> <span class='ocrx_word' id='word_1_459' title='bbox 727 3245 769 3295; x_wconf 89' lang='lat' dir='ltr'><strong>est</strong></span> <span class='ocrx_word' id='word_1_460' title='bbox 797 3238 888 3295; x_wconf 83' lang='lat' dir='ltr'><strong>:Nou</strong></span> <span class='ocrx_word' id='word_1_461' title='bbox 902 3238 935 3294; x_wconf 86' lang='lat' dir='ltr'><strong>iu</strong></span> <span class='ocrx_word' id='word_1_462' title='bbox 983 3240 1141 3314; x_wconf 88' lang='lat' dir='ltr'><strong>busounque</strong></span> <span class='ocrx_word' id='word_1_463' title='bbox 1181 3241 1362 3314; x_wconf 87' lang='lat' dir='ltr'><strong>potestatibus</strong></span> <span class='ocrx_word' id='word_1_464' title='bbox 1390 3241 1514 3314; x_wconf 86' lang='lat' dir='ltr'><strong>praeditis</strong></span> <span class='ocrx_word' id='word_1_465' title='bbox 1541 3239 1578 3296; x_wconf 88' lang='lat' dir='ltr'><strong>ita</strong></span> <span class='ocrx_word' id='word_1_466' title='bbox 1605 3239 1787 3310; x_wconf 90' lang='lat' dir='ltr'><strong>denotantur,</strong></span> 
     </span>
     <span class='ocr_line' id='line_1_36' title="bbox 131 3326 1795 3402; baseline -0.002 -15"><span class='ocrx_word' id='word_1_467' title='bbox 131 3330 301 3402; x_wconf 71' lang='lat' dir='ltr'><strong>tortitudine</strong></span> <span class='ocrx_word' id='word_1_468' title='bbox 326 3344 379 3385; x_wconf 87' lang='lat' dir='ltr'><strong>suu</strong></span> <span class='ocrx_word' id='word_1_469' title='bbox 393 3327 652 3398; x_wconf 72' lang='lat' dir='ltr'><strong>roborabiturutru</strong></span> <span class='ocrx_word' id='word_1_470' title='bbox 663 3329 727 3398; x_wconf 66' lang='grc' dir='ltr'><strong>Κεφ.</strong></span> <span class='ocrx_word' id='word_1_471' title='bbox 747 3326 798 3399; x_wconf 85' lang='grc' dir='ltr'><strong>ιι);</strong></span> <span class='ocrx_word' id='word_1_472' title='bbox 815 3333 842 3382; x_wconf 94' lang='lat' dir='ltr'><strong>et</strong></span> <span class='ocrx_word' id='word_1_473' title='bbox 857 3326 934 3382; x_wconf 79' lang='lat' dir='ltr'><strong>:Nost</strong></span> <span class='ocrx_word' id='word_1_474' title='bbox 984 3344 1066 3401; x_wconf 87' lang='lat' dir='ltr'><strong>quam</strong></span> <span class='ocrx_word' id='word_1_475' title='bbox 1088 3328 1259 3386; x_wconf 88' lang='lat' dir='ltr'><strong>damnabiles</strong></span> <span class='ocrx_word' id='word_1_476' title='bbox 1273 3330 1301 3386; x_wconf 89' lang='lat' dir='ltr'><strong>in</strong></span> <span class='ocrx_word' id='word_1_477' title='bbox 1314 3329 1395 3386; x_wconf 91' lang='lat' dir='ltr'><strong>nobis</strong></span> <span class='ocrx_word' id='word_1_478' title='bbox 1409 3327 1547 3401; x_wconf 90' lang='lat' dir='ltr'><strong>episcopis</strong></span> <span class='ocrx_word' id='word_1_479' title='bbox 1559 3327 1726 3396; x_wconf 88' lang='lat' dir='ltr'><strong>habeantur,</strong></span> <span class='ocrx_word' id='word_1_480' title='bbox 1743 3327 1795 3401; x_wconf 90' lang='lat' dir='ltr'><strong>qui</strong></span> 
     </span>
     <span class='ocr_line' id='line_1_37' title="bbox 134 3414 1800 3490; baseline -0.001 -16"><span class='ocrx_word' id='word_1_481' title='bbox 134 3414 935 3490; x_wconf 72' lang='lat' dir='ltr'><strong>soluaturrcapcrmuttumuirtutem,etgigascousuiuu·</strong></span> <span class='ocrx_word' id='word_1_482' title='bbox 982 3417 1028 3473; x_wconf 84' lang='lat' dir='ltr'><strong>lux</strong></span> <span class='ocrx_word' id='word_1_483' title='bbox 1042 3418 1146 3485; x_wconf 92' lang='lat' dir='ltr'><strong>mundi,</strong></span> <span class='ocrx_word' id='word_1_484' title='bbox 1163 3424 1190 3475; x_wconf 90' lang='lat' dir='ltr'><strong>et</strong></span> <span class='ocrx_word' id='word_1_485' title='bbox 1204 3418 1316 3475; x_wconf 89' lang='lat' dir='ltr'><strong>lucerna</strong></span> <span class='ocrx_word' id='word_1_486' title='bbox 1340 3434 1421 3490; x_wconf 91' lang='lat' dir='ltr'><strong>super</strong></span> <span class='ocrx_word' id='word_1_487' title='bbox 1434 3416 1629 3476; x_wconf 87' lang='lat' dir='ltr'><strong>candelabrum</strong></span> <span class='ocrx_word' id='word_1_488' title='bbox 1641 3416 1745 3489; x_wconf 87' lang='lat' dir='ltr'><strong>posita,</strong></span> <span class='ocrx_word' id='word_1_489' title='bbox 1762 3424 1800 3473; x_wconf 84' lang='lat' dir='ltr'><strong>ut</strong></span> 
     </span>
     <span class='ocr_line' id='line_1_38' title="bbox 135 3503 1796 3579; baseline -0.001 -17"><span class='ocrx_word' id='word_1_490' title='bbox 135 3503 446 3563; x_wconf 76' lang='lat' dir='ltr'><strong>tituriumuttitudiuc</strong></span> <span class='ocrx_word' id='word_1_491' title='bbox 459 3504 642 3576; x_wconf 74' lang='lat' dir='ltr'><strong>fortitudinis</strong></span> <span class='ocrx_word' id='word_1_492' title='bbox 651 3519 711 3560; x_wconf 83' lang='lat' dir='ltr'><strong>suoe</strong></span> <span class='ocrx_word' id='word_1_493' title='bbox 728 3503 814 3573; x_wconf 81' lang='lat' dir='ltr'><strong>(Psoi.</strong></span> <span class='ocrx_word' id='word_1_494' title='bbox 826 3503 931 3574; x_wconf 77' lang='lat' dir='ltr'><strong>saxu).</strong></span> <span class='ocrx_word' id='word_1_495' title='bbox 983 3505 1124 3563; x_wconf 89' lang='lat' dir='ltr'><strong>luceamus</strong></span> <span class='ocrx_word' id='word_1_496' title='bbox 1138 3506 1264 3562; x_wconf 91' lang='lat' dir='ltr'><strong>omnibus</strong></span> <span class='ocrx_word' id='word_1_497' title='bbox 1279 3507 1326 3579; x_wconf 93' lang='lat' dir='ltr'><strong>qui</strong></span> <span class='ocrx_word' id='word_1_498' title='bbox 1340 3507 1368 3562; x_wconf 89' lang='lat' dir='ltr'><strong>in</strong></span> <span class='ocrx_word' id='word_1_499' title='bbox 1383 3506 1466 3565; x_wconf 89' lang='lat' dir='ltr'><strong>domo</strong></span> <span class='ocrx_word' id='word_1_500' title='bbox 1479 3504 1540 3572; x_wconf 87' lang='lat' dir='ltr'><strong>Dei,</strong></span> <span class='ocrx_word' id='word_1_501' title='bbox 1556 3504 1640 3562; x_wconf 87' lang='lat' dir='ltr'><strong>idest</strong></span> <span class='ocrx_word' id='word_1_502' title='bbox 1662 3504 1796 3562; x_wconf 86' lang='lat' dir='ltr'><strong>Ecclesia</strong></span> 
     </span>
     <span class='ocr_line' id='line_1_39' title="bbox 132 3589 1795 3666; baseline -0.001 -15"><span class='ocrx_word' id='word_1_503' title='bbox 132 3594 211 3651; x_wconf 89' lang='lat' dir='ltr'><strong>Unde</strong></span> <span class='ocrx_word' id='word_1_504' title='bbox 226 3593 299 3666; x_wconf 90' lang='lat' dir='ltr'><strong>apud</strong></span> <span class='ocrx_word' id='word_1_505' title='bbox 314 3609 344 3649; x_wconf 91' lang='lat' dir='ltr'><strong>se</strong></span> <span class='ocrx_word' id='word_1_506' title='bbox 357 3592 446 3649; x_wconf 87' lang='lat' dir='ltr'><strong>David</strong></span> <span class='ocrx_word' id='word_1_507' title='bbox 459 3607 542 3648; x_wconf 91' lang='lat' dir='ltr'><strong>manu</strong></span> <span class='ocrx_word' id='word_1_508' title='bbox 552 3591 640 3662; x_wconf 83' lang='lat' dir='ltr'><strong>tortis,</strong></span> <span class='ocrx_word' id='word_1_509' title='bbox 649 3590 788 3647; x_wconf 90' lang='lat' dir='ltr'><strong>humiliter</strong></span> <span class='ocrx_word' id='word_1_510' title='bbox 799 3589 932 3661; x_wconf 85' lang='lat' dir='ltr'><strong>infinnua,</strong></span> <span class='ocrx_word' id='word_1_511' title='bbox 984 3603 1045 3650; x_wconf 92' lang='lat' dir='ltr'><strong>sunt</strong></span> <span class='ocrx_word' id='word_1_512' title='bbox 1058 3595 1150 3666; x_wconf 91' lang='lat' dir='ltr'><strong>positi,</strong></span> <span class='ocrx_word' id='word_1_513' title='bbox 1175 3611 1236 3652; x_wconf 91' lang='lat' dir='ltr'><strong>esse</strong></span> <span class='ocrx_word' id='word_1_514' title='bbox 1257 3595 1406 3651; x_wconf 72' lang='lat' dir='ltr'><strong>videmur?</strong></span> <span class='ocrx_word' id='word_1_515' title='bbox 1420 3596 1485 3652; x_wconf 84' lang='lat' dir='ltr'><strong>Hac</strong></span> <span class='ocrx_word' id='word_1_516' title='bbox 1507 3593 1566 3662; x_wconf 90' lang='lat' dir='ltr'><strong>tibi,</strong></span> <span class='ocrx_word' id='word_1_517' title='bbox 1582 3592 1671 3650; x_wconf 79' lang='lat' dir='ltr'><strong>frater</strong></span> <span class='ocrx_word' id='word_1_518' title='bbox 1684 3608 1720 3650; x_wconf 88' lang='lat' dir='ltr'><strong>ac</strong></span> <span class='ocrx_word' id='word_1_519' title='bbox 1739 3592 1795 3662; x_wconf 82' lang='lat' dir='ltr'><strong>tili,</strong></span> 
     </span>
     <span class='ocr_line' id='line_1_40' title="bbox 132 3677 1804 3753; baseline 0 -15"><span class='ocrx_word' id='word_1_520' title='bbox 132 3689 159 3738; x_wconf 91' lang='lat' dir='ltr'><strong>et</strong></span> <span class='ocrx_word' id='word_1_521' title='bbox 169 3682 230 3739; x_wconf 92' lang='lat' dir='ltr'><strong>ideo</strong></span> <span class='ocrx_word' id='word_1_522' title='bbox 245 3681 377 3752; x_wconf 84' lang='lat' dir='ltr'><strong>veraciter</strong></span> <span class='ocrx_word' id='word_1_523' title='bbox 390 3680 484 3749; x_wconf 84' lang='lat' dir='ltr'><strong>fortis,</strong></span> <span class='ocrx_word' id='word_1_524' title='bbox 501 3679 546 3752; x_wconf 92' lang='lat' dir='ltr'><strong>qui</strong></span> <span class='ocrx_word' id='word_1_525' title='bbox 561 3679 699 3752; x_wconf 84' lang='lat' dir='ltr'><strong>gigantem</strong></span> <span class='ocrx_word' id='word_1_526' title='bbox 712 3679 802 3736; x_wconf 76' lang='lat' dir='ltr'><strong>multae</strong></span> <span class='ocrx_word' id='word_1_527' title='bbox 826 3677 933 3734; x_wconf 82' lang='lat' dir='ltr'><strong>fortitu·</strong></span> <span class='ocrx_word' id='word_1_528' title='bbox 983 3683 1075 3740; x_wconf 88' lang='lat' dir='ltr'><strong>scribo</strong></span> <span class='ocrx_word' id='word_1_529' title='bbox 1088 3683 1173 3740; x_wconf 91' lang='lat' dir='ltr'><strong>multo</strong></span> <span class='ocrx_word' id='word_1_530' title='bbox 1187 3683 1283 3740; x_wconf 90' lang='lat' dir='ltr'><strong>dolore</strong></span> <span class='ocrx_word' id='word_1_531' title='bbox 1297 3698 1330 3740; x_wconf 89' lang='lat' dir='ltr'><strong>ac</strong></span> <span class='ocrx_word' id='word_1_532' title='bbox 1343 3682 1503 3740; x_wconf 82' lang='lat' dir='ltr'><strong>conltrsione</strong></span> <span class='ocrx_word' id='word_1_533' title='bbox 1516 3689 1707 3753; x_wconf 85' lang='lat' dir='ltr'><strong>compunctus,</strong></span> <span class='ocrx_word' id='word_1_534' title='bbox 1724 3680 1804 3738; x_wconf 90' lang='lat' dir='ltr'><strong>bor-</strong></span> 
     </span>
     <span class='ocr_line' id='line_1_41' title="bbox 131 3763 1802 3844; baseline 0.001 -19"><span class='ocrx_word' id='word_1_535' title='bbox 131 3768 202 3825; x_wconf 90' lang='lat' dir='ltr'><strong>dinis</strong></span> <span class='ocrx_word' id='word_1_536' title='bbox 217 3769 326 3834; x_wconf 87' lang='lat' dir='ltr'><strong>occidit,</strong></span> <span class='ocrx_word' id='word_1_537' title='bbox 343 3775 371 3823; x_wconf 93' lang='lat' dir='ltr'><strong>et</strong></span> <span class='ocrx_word' id='word_1_538' title='bbox 384 3783 479 3840; x_wconf 87' lang='lat' dir='ltr'><strong>regem</strong></span> <span class='ocrx_word' id='word_1_539' title='bbox 494 3782 528 3822; x_wconf 90' lang='lat' dir='ltr'><strong>ac</strong></span> <span class='ocrx_word' id='word_1_540' title='bbox 541 3767 667 3822; x_wconf 90' lang='lat' dir='ltr'><strong>virtutem</strong></span> <span class='ocrx_word' id='word_1_541' title='bbox 681 3767 817 3823; x_wconf 83' lang='lat' dir='ltr'><strong>exercitus</strong></span> <span class='ocrx_word' id='word_1_542' title='bbox 827 3765 885 3835; x_wconf 90' lang='lat' dir='ltr'><strong>ejus</strong></span> <span class='ocrx_word' id='word_1_543' title='bbox 899 3763 934 3820; x_wconf 90' lang='lat' dir='ltr'><strong>ab</strong></span> <span class='ocrx_word' id='word_1_544' title='bbox 983 3777 1043 3827; x_wconf 79' lang='lat' dir='ltr'><strong>tans</strong></span> <span class='ocrx_word' id='word_1_545' title='bbox 1057 3772 1127 3828; x_wconf 90' lang='lat' dir='ltr'><strong>utin</strong></span> <span class='ocrx_word' id='word_1_546' title='bbox 1150 3771 1245 3839; x_wconf 89' lang='lat' dir='ltr'><strong>lutere,</strong></span> <span class='ocrx_word' id='word_1_547' title='bbox 1263 3787 1346 3844; x_wconf 89' lang='lat' dir='ltr'><strong>quem</strong></span> <span class='ocrx_word' id='word_1_548' title='bbox 1362 3772 1471 3843; x_wconf 83' lang='lat' dir='ltr'><strong>Moyses</strong></span> <span class='ocrx_word' id='word_1_549' title='bbox 1492 3769 1591 3842; x_wconf 75' lang='lat' dir='ltr'><strong>(huod.</strong></span> <span class='ocrx_word' id='word_1_550' title='bbox 1606 3770 1739 3842; x_wconf 82' lang='lat' dir='ltr'><strong>xxxvm&gt;</strong></span> <span class='ocrx_word' id='word_1_551' title='bbox 1754 3770 1802 3829; x_wconf 79' lang='lat' dir='ltr'><strong>de</strong></span> 
     </span>
     <span class='ocr_line' id='line_1_42' title="bbox 133 3853 1807 3931; baseline 0.001 -18"><span class='ocrx_word' id='word_1_552' title='bbox 133 3856 279 3928; x_wconf 92' lang='lat' dir='ltr'><strong>opprobrio</strong></span> <span class='ocrx_word' id='word_1_553' title='bbox 306 3854 439 3921; x_wconf 90' lang='lat' dir='ltr'><strong>liberavit,</strong></span> <span class='ocrx_word' id='word_1_554' title='bbox 471 3853 588 3910; x_wconf 87' lang='lat' dir='ltr'><strong>Domino</strong></span> <span class='ocrx_word' id='word_1_555' title='bbox 611 3854 700 3910; x_wconf 89' lang='lat' dir='ltr'><strong>dicit:</strong></span> <span class='ocrx_word' id='word_1_556' title='bbox 725 3855 934 3912; x_wconf 78' lang='lat' dir='ltr'><strong>Fortitudinem</strong></span> <span class='ocrx_word' id='word_1_557' title='bbox 983 3859 1101 3931; x_wconf 89' lang='lat' dir='ltr'><strong>speculis</strong></span> <span class='ocrx_word' id='word_1_558' title='bbox 1114 3859 1259 3916; x_wconf 87' lang='lat' dir='ltr'><strong>mulierum</strong></span> <span class='ocrx_word' id='word_1_559' title='bbox 1274 3867 1338 3916; x_wconf 88' lang='lat' dir='ltr'><strong>aute</strong></span> <span class='ocrx_word' id='word_1_560' title='bbox 1352 3858 1558 3918; x_wconf 87' lang='lat' dir='ltr'><strong>tabernaculum</strong></span> <span class='ocrx_word' id='word_1_561' title='bbox 1572 3858 1684 3915; x_wconf 87' lang='lat' dir='ltr'><strong>Domini</strong></span> <span class='ocrx_word' id='word_1_562' title='bbox 1700 3874 1807 3916; x_wconf 84' lang='lat' dir='ltr'><strong>exeu-</strong></span> 
     </span>
     <span class='ocr_line' id='line_1_43' title="bbox 132 3941 1813 4021; baseline 0.002 -20"><span class='ocrx_word' id='word_1_563' title='bbox 132 3960 228 4001; x_wconf 85' lang='lat' dir='ltr'><strong>meum</strong></span> <span class='ocrx_word' id='word_1_564' title='bbox 243 3942 691 4014; x_wconf 78' lang='lat' dir='ltr'><strong>udtccustodium(l&#39;sut.zv1u).</strong></span> <span class='ocrx_word' id='word_1_565' title='bbox 715 3942 749 3998; x_wconf 86' lang='lat' dir='ltr'><strong>Et</strong></span> <span class='ocrx_word' id='word_1_566' title='bbox 763 3941 872 4008; x_wconf 84' lang='lat' dir='ltr'><strong>Paulus,</strong></span> <span class='ocrx_word' id='word_1_567' title='bbox 888 3941 935 4013; x_wconf 91' lang='lat' dir='ltr'><strong>qui</strong></span> <span class='ocrx_word' id='word_1_568' title='bbox 982 3947 1105 4003; x_wconf 88' lang='lat' dir='ltr'><strong>bantium</strong></span> <span class='ocrx_word' id='word_1_569' title='bbox 1118 3947 1239 4018; x_wconf 87' lang='lat' dir='ltr'><strong>iecerat,</strong></span> <span class='ocrx_word' id='word_1_570' title='bbox 1256 3948 1284 4003; x_wconf 93' lang='lat' dir='ltr'><strong>in</strong></span> <span class='ocrx_word' id='word_1_571' title='bbox 1299 3965 1353 4021; x_wconf 93' lang='lat' dir='ltr'><strong>quo</strong></span> <span class='ocrx_word' id='word_1_572' title='bbox 1382 3948 1537 4005; x_wconf 88' lang='lat' dir='ltr'><strong>sacerdotes</strong></span> <span class='ocrx_word' id='word_1_573' title='bbox 1565 3945 1747 4004; x_wconf 88' lang='lat' dir='ltr'><strong>ministraturi</strong></span> <span class='ocrx_word' id='word_1_574' title='bbox 1761 3947 1813 4005; x_wconf 61' lang='lat' dir='ltr'><strong>itt</strong></span> 
     </span>
     <span class='ocr_line' id='line_1_44' title="bbox 135 4029 1808 4108; baseline 0.002 -22"><span class='ocrx_word' id='word_1_575' title='bbox 135 4029 238 4087; x_wconf 90' lang='lat' dir='ltr'><strong>audivit</strong></span> <span class='ocrx_word' id='word_1_576' title='bbox 250 4046 266 4085; x_wconf 91' lang='lat' dir='ltr'><strong>a</strong></span> <span class='ocrx_word' id='word_1_577' title='bbox 280 4030 396 4086; x_wconf 89' lang='lat' dir='ltr'><strong>Domino</strong></span> <span class='ocrx_word' id='word_1_578' title='bbox 411 4046 418 4084; x_wconf 90' lang='lat'>:</span> <span class='ocrx_word' id='word_1_579' title='bbox 445 4031 537 4087; x_wconf 80' lang='lat' dir='ltr'><strong>Virtus</strong></span> <span class='ocrx_word' id='word_1_580' title='bbox 549 4031 581 4085; x_wconf 87' lang='lat' dir='ltr'><strong>iu</strong></span> <span class='ocrx_word' id='word_1_581' title='bbox 602 4029 775 4099; x_wconf 79' lang='lat' dir='ltr'><strong>infirmitate</strong></span> <span class='ocrx_word' id='word_1_582' title='bbox 785 4029 935 4103; x_wconf 82' lang='lat' dir='ltr'><strong>perficitur</strong></span> <span class='ocrx_word' id='word_1_583' title='bbox 983 4036 1081 4092; x_wconf 83' lang='lat' dir='ltr'><strong>eadem</strong></span> <span class='ocrx_word' id='word_1_584' title='bbox 1093 4035 1176 4092; x_wconf 86' lang='lat' dir='ltr'><strong>domo</strong></span> <span class='ocrx_word' id='word_1_585' title='bbox 1190 4034 1299 4092; x_wconf 83' lang='lat' dir='ltr'><strong>Domini</strong></span> <span class='ocrx_word' id='word_1_586' title='bbox 1316 4052 1412 4093; x_wconf 86' lang='lat' dir='ltr'><strong>manus</strong></span> <span class='ocrx_word' id='word_1_587' title='bbox 1427 4043 1453 4093; x_wconf 85' lang='lat' dir='ltr'><strong>et</strong></span> <span class='ocrx_word' id='word_1_588' title='bbox 1474 4035 1558 4108; x_wconf 84' lang='lat' dir='ltr'><strong>pedes</strong></span> <span class='ocrx_word' id='word_1_589' title='bbox 1572 4035 1709 4102; x_wconf 88' lang='lat' dir='ltr'><strong>lavarent,</strong></span> <span class='ocrx_word' id='word_1_590' title='bbox 1726 4051 1808 4092; x_wconf 83' lang='lat' dir='ltr'><strong>me-</strong></span> 
     </span>
     <span class='ocr_line' id='line_1_45' title="bbox 135 4116 1815 4197; baseline 0.004 -23"><span class='ocrx_word' id='word_1_591' title='bbox 135 4116 453 4191; x_wconf 85' lang='lat' dir='ltr'><strong>(llCnr.xu),gloriatur</strong></span> <span class='ocrx_word' id='word_1_592' title='bbox 466 4117 495 4173; x_wconf 91' lang='lat' dir='ltr'><strong>in</strong></span> <span class='ocrx_word' id='word_1_593' title='bbox 508 4116 711 4174; x_wconf 83' lang='lat' dir='ltr'><strong>infirmitatibus</strong></span> <span class='ocrx_word' id='word_1_594' title='bbox 727 4117 795 4186; x_wconf 89' lang='lat' dir='ltr'><strong>suis,</strong></span> <span class='ocrx_word' id='word_1_595' title='bbox 813 4118 932 4174; x_wconf 87' lang='lat' dir='ltr'><strong>dicens:</strong></span> <span class='ocrx_word' id='word_1_596' title='bbox 983 4139 1045 4180; x_wconf 90' lang='lat' dir='ltr'><strong>cum</strong></span> <span class='ocrx_word' id='word_1_597' title='bbox 1065 4130 1091 4179; x_wconf 91' lang='lat' dir='ltr'><strong>te</strong></span> <span class='ocrx_word' id='word_1_598' title='bbox 1113 4123 1285 4196; x_wconf 86' lang='lat' dir='ltr'><strong>conspicias,</strong></span> <span class='ocrx_word' id='word_1_599' title='bbox 1302 4132 1328 4181; x_wconf 91' lang='lat' dir='ltr'><strong>et</strong></span> <span class='ocrx_word' id='word_1_600' title='bbox 1350 4124 1464 4182; x_wconf 90' lang='lat' dir='ltr'><strong>interius</strong></span> <span class='ocrx_word' id='word_1_601' title='bbox 1479 4132 1561 4197; x_wconf 89' lang='lat' dir='ltr'><strong>atque</strong></span> <span class='ocrx_word' id='word_1_602' title='bbox 1588 4123 1712 4181; x_wconf 79' lang='lat' dir='ltr'><strong>exterius</strong></span> <span class='ocrx_word' id='word_1_603' title='bbox 1740 4123 1815 4181; x_wconf 70' lang='lat' dir='ltr'><strong>ibie</strong></span> 
     </span>
     <span class='ocr_line' id='line_1_46' title="bbox 137 4206 1801 4286; baseline 0.004 -22"><span class='ocrx_word' id='word_1_604' title='bbox 137 4206 253 4275; x_wconf 82' lang='lat' dir='ltr'><strong>Quando</strong></span> <span class='ocrx_word' id='word_1_605' title='bbox 263 4207 402 4277; x_wconf 78' lang='lat' dir='ltr'><strong>infirmor,</strong></span> <span class='ocrx_word' id='word_1_606' title='bbox 415 4210 484 4264; x_wconf 80' lang='lat' dir='ltr'><strong>tuuc</strong></span> <span class='ocrx_word' id='word_1_607' title='bbox 493 4208 809 4280; x_wconf 75' lang='lat' dir='ltr'><strong>sortiorsumetpotens</strong></span> <span class='ocrx_word' id='word_1_608' title='bbox 823 4207 864 4278; x_wconf 85' lang='lat' dir='ltr'><strong>(tr</strong></span> <span class='ocrx_word' id='word_1_609' title='bbox 872 4207 932 4265; x_wconf 86' lang='lat' dir='ltr'><strong>Cor.</strong></span> <span class='ocrx_word' id='word_1_610' title='bbox 983 4211 1055 4281; x_wconf 89' lang='lat' dir='ltr'><strong>dem,</strong></span> <span class='ocrx_word' id='word_1_611' title='bbox 1071 4212 1097 4267; x_wconf 96' lang='lat' dir='ltr'><strong>id</strong></span> <span class='ocrx_word' id='word_1_612' title='bbox 1112 4220 1153 4269; x_wconf 92' lang='lat' dir='ltr'><strong>est</strong></span> <span class='ocrx_word' id='word_1_613' title='bbox 1169 4212 1197 4268; x_wconf 93' lang='lat' dir='ltr'><strong>in</strong></span> <span class='ocrx_word' id='word_1_614' title='bbox 1216 4227 1302 4269; x_wconf 84' lang='lat' dir='ltr'><strong>sacrae</strong></span> <span class='ocrx_word' id='word_1_615' title='bbox 1326 4213 1471 4286; x_wconf 74' lang='lat' dir='ltr'><strong>Scriptura</strong></span> <span class='ocrx_word' id='word_1_616' title='bbox 1491 4212 1638 4285; x_wconf 81' lang='lat' dir='ltr'><strong>praeceptis</strong></span> <span class='ocrx_word' id='word_1_617' title='bbox 1652 4228 1706 4285; x_wconf 89' lang='lat' dir='ltr'><strong>per</strong></span> <span class='ocrx_word' id='word_1_618' title='bbox 1721 4229 1801 4271; x_wconf 84' lang='lat' dir='ltr'><strong>san-</strong></span> 
     </span>
     <span class='ocr_line' id='line_1_47' title="bbox 134 4293 1804 4373; baseline 0.005 -23"><span class='ocrx_word' id='word_1_619' title='bbox 134 4293 189 4368; x_wconf 76' lang='lat' dir='ltr'><strong>xu&#39;)</strong></span> <span class='ocrx_word' id='word_1_620' title='bbox 202 4313 209 4361; x_wconf 82' lang='lat'><em>3</em></span> <span class='ocrx_word' id='word_1_621' title='bbox 221 4303 261 4352; x_wconf 91' lang='lat' dir='ltr'><strong>et:</strong></span> <span class='ocrx_word' id='word_1_622' title='bbox 274 4295 384 4368; x_wconf 76' lang='lat' dir='ltr'><strong>Custr&#39;po</strong></span> <span class='ocrx_word' id='word_1_623' title='bbox 398 4310 499 4368; x_wconf 85' lang='lat' dir='ltr'><strong>corpus</strong></span> <span class='ocrx_word' id='word_1_624' title='bbox 507 4312 613 4362; x_wconf 86' lang='lat' dir='ltr'><strong>meum,</strong></span> <span class='ocrx_word' id='word_1_625' title='bbox 625 4296 793 4353; x_wconf 82' lang='lat' dir='ltr'><strong>etscrvituts&#39;</strong></span> <span class='ocrx_word' id='word_1_626' title='bbox 805 4295 932 4368; x_wconf 83' lang='lat' dir='ltr'><strong>subjicio,</strong></span> <span class='ocrx_word' id='word_1_627' title='bbox 983 4307 1041 4357; x_wconf 87' lang='lat' dir='ltr'><strong>ctos</strong></span> <span class='ocrx_word' id='word_1_628' title='bbox 1056 4300 1107 4356; x_wconf 85' lang='lat' dir='ltr'><strong>Dei</strong></span> <span class='ocrx_word' id='word_1_629' title='bbox 1121 4300 1199 4357; x_wconf 91' lang='lat' dir='ltr'><strong>nobis</strong></span> <span class='ocrx_word' id='word_1_630' title='bbox 1214 4301 1384 4373; x_wconf 87' lang='lat' dir='ltr'><strong>explanaris,</strong></span> <span class='ocrx_word' id='word_1_631' title='bbox 1402 4310 1429 4358; x_wconf 87' lang='lat' dir='ltr'><strong>et</strong></span> <span class='ocrx_word' id='word_1_632' title='bbox 1442 4302 1470 4358; x_wconf 90' lang='lat' dir='ltr'><strong>in</strong></span> <span class='ocrx_word' id='word_1_633' title='bbox 1485 4300 1645 4358; x_wconf 86' lang='lat' dir='ltr'><strong>eommdem</strong></span> <span class='ocrx_word' id='word_1_634' title='bbox 1673 4309 1804 4366; x_wconf 82' lang='lat' dir='ltr'><strong>sancto·</strong></span> 
     </span>
     <span class='ocr_line' id='line_1_48' title="bbox 132 4377 1798 4463; baseline 0.004 -23"><span class='ocrx_word' id='word_1_635' title='bbox 132 4401 169 4440; x_wconf 85' lang='lat' dir='ltr'><strong>uc</strong></span> <span class='ocrx_word' id='word_1_636' title='bbox 183 4384 250 4441; x_wconf 84' lang='lat' dir='ltr'><strong>otiis</strong></span> <span class='ocrx_word' id='word_1_637' title='bbox 262 4384 423 4458; x_wconf 74' lang='lat' dir='ltr'><strong>predicans</strong></span> <span class='ocrx_word' id='word_1_638' title='bbox 436 4384 496 4457; x_wconf 84' lang='lat' dir='ltr'><strong>ipse</strong></span> <span class='ocrx_word' id='word_1_639' title='bbox 510 4384 641 4458; x_wconf 83' lang='lat' dir='ltr'><strong>reprobus</strong></span> <span class='ocrx_word' id='word_1_640' title='bbox 655 4383 863 4456; x_wconf 71' lang='lat' dir='ltr'><strong>cfficiursscor.</strong></span> <span class='ocrx_word' id='word_1_641' title='bbox 876 4382 927 4454; x_wconf 76' lang='lat' dir='ltr'><strong>ra).</strong></span> <span class='ocrx_word' id='word_1_642' title='bbox 944 4377 1041 4444; x_wconf 85' lang='lat' dir='ltr'><strong>Drum</strong></span> <span class='ocrx_word' id='word_1_643' title='bbox 1056 4388 1204 4462; x_wconf 88' lang='lat' dir='ltr'><strong>exemplis,</strong></span> <span class='ocrx_word' id='word_1_644' title='bbox 1219 4397 1313 4445; x_wconf 90' lang='lat' dir='ltr'><strong>nostra</strong></span> <span class='ocrx_word' id='word_1_645' title='bbox 1340 4388 1566 4461; x_wconf 87' lang='lat' dir='ltr'><strong>reprehensibilia</strong></span> <span class='ocrx_word' id='word_1_646' title='bbox 1585 4388 1748 4463; x_wconf 88' lang='lat' dir='ltr'><strong>abluamus,</strong></span> <span class='ocrx_word' id='word_1_647' title='bbox 1762 4397 1798 4447; x_wconf 74' lang='lat' dir='ltr'><strong>et</strong></span> 
     </span>
     <span class='ocr_line' id='line_1_49' title="bbox 133 4470 1796 4554; baseline 0.004 -24"><span class='ocrx_word' id='word_1_648' title='bbox 133 4472 227 4530; x_wconf 87' lang='lat' dir='ltr'><strong>Sedet</strong></span> <span class='ocrx_word' id='word_1_649' title='bbox 239 4488 301 4529; x_wconf 90' lang='lat' dir='ltr'><strong>cum</strong></span> <span class='ocrx_word' id='word_1_650' title='bbox 316 4471 344 4526; x_wconf 88' lang='lat' dir='ltr'><strong>in</strong></span> <span class='ocrx_word' id='word_1_651' title='bbox 358 4472 411 4538; x_wconf 90' lang='lat' dir='ltr'><strong>his,</strong></span> <span class='ocrx_word' id='word_1_652' title='bbox 426 4470 455 4526; x_wconf 92' lang='lat' dir='ltr'><strong>in</strong></span> <span class='ocrx_word' id='word_1_653' title='bbox 470 4471 569 4543; x_wconf 91' lang='lat' dir='ltr'><strong>quibus</strong></span> <span class='ocrx_word' id='word_1_654' title='bbox 583 4470 786 4544; x_wconf 79' lang='lat' dir='ltr'><strong>infatigabiliter</strong></span> <span class='ocrx_word' id='word_1_655' title='bbox 799 4486 929 4544; x_wconf 88' lang='lat' dir='ltr'><strong>pugnan·</strong></span> <span class='ocrx_word' id='word_1_656' title='bbox 980 4476 1080 4550; x_wconf 89' lang='lat' dir='ltr'><strong>dignos</strong></span> <span class='ocrx_word' id='word_1_657' title='bbox 1092 4492 1143 4534; x_wconf 93' lang='lat' dir='ltr'><strong>nos</strong></span> <span class='ocrx_word' id='word_1_658' title='bbox 1153 4476 1260 4532; x_wconf 88' lang='lat' dir='ltr'><strong>fletibus</strong></span> <span class='ocrx_word' id='word_1_659' title='bbox 1282 4485 1309 4532; x_wconf 89' lang='lat' dir='ltr'><strong>et</strong></span> <span class='ocrx_word' id='word_1_660' title='bbox 1319 4478 1419 4534; x_wconf 88' lang='lat' dir='ltr'><strong>sanctis</strong></span> <span class='ocrx_word' id='word_1_661' title='bbox 1430 4477 1646 4550; x_wconf 87' lang='lat' dir='ltr'><strong>operationibus,</strong></span> <span class='ocrx_word' id='word_1_662' title='bbox 1659 4486 1690 4533; x_wconf 91' lang='lat' dir='ltr'><strong>ut</strong></span> <span class='ocrx_word' id='word_1_663' title='bbox 1701 4478 1796 4554; x_wconf 78' lang='lat' dir='ltr'><strong>digne</strong></span> 
     </span>
     <span class='ocr_line' id='line_1_50' title="bbox 132 4559 1791 4637; baseline 0.004 -20"><span class='ocrx_word' id='word_1_664' title='bbox 132 4560 178 4628; x_wconf 93' lang='lat' dir='ltr'><strong>do,</strong></span> <span class='ocrx_word' id='word_1_665' title='bbox 193 4576 249 4616; x_wconf 88' lang='lat' dir='ltr'><strong>non</strong></span> <span class='ocrx_word' id='word_1_666' title='bbox 264 4559 341 4633; x_wconf 90' lang='lat' dir='ltr'><strong>quasi</strong></span> <span class='ocrx_word' id='word_1_667' title='bbox 356 4575 446 4616; x_wconf 90' lang='lat' dir='ltr'><strong>aerem</strong></span> <span class='ocrx_word' id='word_1_668' title='bbox 464 4560 653 4630; x_wconf 90' lang='lat' dir='ltr'><strong>verberantes,</strong></span> <span class='ocrx_word' id='word_1_669' title='bbox 669 4559 718 4616; x_wconf 91' lang='lat' dir='ltr'><strong>sed</strong></span> <span class='ocrx_word' id='word_1_670' title='bbox 733 4566 827 4616; x_wconf 84' lang='lat' dir='ltr'><strong>contra</strong></span> <span class='ocrx_word' id='word_1_671' title='bbox 841 4559 930 4614; x_wconf 85' lang='lat' dir='ltr'><strong>aerias</strong></span> <span class='ocrx_word' id='word_1_672' title='bbox 979 4564 1018 4620; x_wconf 92' lang='lat' dir='ltr'><strong>illi</strong></span> <span class='ocrx_word' id='word_1_673' title='bbox 1046 4565 1202 4622; x_wconf 89' lang='lat' dir='ltr'><strong>ministrare</strong></span> <span class='ocrx_word' id='word_1_674' title='bbox 1229 4565 1383 4637; x_wconf 88' lang='lat' dir='ltr'><strong>possimus,</strong></span> <span class='ocrx_word' id='word_1_675' title='bbox 1400 4566 1585 4623; x_wconf 86' lang='lat' dir='ltr'><strong>exhibeamus.</strong></span> <span class='ocrx_word' id='word_1_676' title='bbox 1614 4565 1687 4622; x_wconf 84' lang='lat' dir='ltr'><strong>Hinc</strong></span> <span class='ocrx_word' id='word_1_677' title='bbox 1712 4568 1791 4624; x_wconf 86' lang='lat' dir='ltr'><strong>enim</strong></span> 
     </span>
     <span class='ocr_line' id='line_1_51' title="bbox 130 4646 1787 4726; baseline 0.003 -21"><span class='ocrx_word' id='word_1_678' title='bbox 130 4656 334 4722; x_wconf 89' lang='lat' dir='ltr'><strong>potestates,et</strong></span> <span class='ocrx_word' id='word_1_679' title='bbox 348 4646 438 4704; x_wconf 89' lang='lat' dir='ltr'><strong>carnis</strong></span> <span class='ocrx_word' id='word_1_680' title='bbox 466 4646 619 4715; x_wconf 88' lang='lat' dir='ltr'><strong>illecebras,</strong></span> <span class='ocrx_word' id='word_1_681' title='bbox 650 4662 680 4704; x_wconf 90' lang='lat' dir='ltr'><strong>ac</strong></span> <span class='ocrx_word' id='word_1_682' title='bbox 706 4646 801 4702; x_wconf 94' lang='lat' dir='ltr'><strong>mundi</strong></span> <span class='ocrx_word' id='word_1_683' title='bbox 824 4661 928 4704; x_wconf 89' lang='lat' dir='ltr'><strong>eoncu-</strong></span> <span class='ocrx_word' id='word_1_684' title='bbox 979 4652 1157 4724; x_wconf 90' lang='lat' dir='ltr'><strong>omnipotenti</strong></span> <span class='ocrx_word' id='word_1_685' title='bbox 1177 4652 1294 4710; x_wconf 87' lang='lat' dir='ltr'><strong>Domino</strong></span> <span class='ocrx_word' id='word_1_686' title='bbox 1322 4669 1373 4726; x_wconf 91' lang='lat' dir='ltr'><strong>per</strong></span> <span class='ocrx_word' id='word_1_687' title='bbox 1396 4653 1568 4710; x_wconf 86' lang='lat' dir='ltr'><strong>Psalmistum</strong></span> <span class='ocrx_word' id='word_1_688' title='bbox 1595 4651 1700 4723; x_wconf 83' lang='lat' dir='ltr'><strong>dicitur</strong></span> <span class='ocrx_word' id='word_1_689' title='bbox 1724 4672 1733 4710; x_wconf 79' lang='lat' dir='ltr'><strong>t</strong></span> <span class='ocrx_word' id='word_1_690' title='bbox 1754 4654 1787 4712; x_wconf 76' lang='lat' dir='ltr'><strong>lu</strong></span> 
     </span>
     <span class='ocr_line' id='line_1_52' title="bbox 129 4733 1785 4816; baseline -0.001 -25"><span class='ocrx_word' id='word_1_691' title='bbox 129 4736 275 4807; x_wconf 80' lang='lat' dir='ltr'><strong>placentius</strong></span> <span class='ocrx_word' id='word_1_692' title='bbox 297 4736 474 4809; x_wconf 85' lang='lat' dir='ltr'><strong>agonizantes</strong></span> <span class='ocrx_word' id='word_1_693' title='bbox 502 4735 741 4806; x_wconf 90' lang='lat' dir='ltr'><strong>decertaverimus,</strong></span> <span class='ocrx_word' id='word_1_694' title='bbox 757 4735 830 4807; x_wconf 91' lang='lat' dir='ltr'><strong>quod</strong></span> <span class='ocrx_word' id='word_1_695' title='bbox 850 4733 929 4790; x_wconf 86' lang='lat' dir='ltr'><strong>nobis</strong></span> <span class='ocrx_word' id='word_1_696' title='bbox 979 4745 1118 4798; x_wconf 68' lang='lat' dir='ltr'><strong>cumam</strong></span> <span class='ocrx_word' id='word_1_697' title='bbox 1132 4758 1190 4799; x_wconf 74' lang='lat' dir='ltr'><strong>non</strong></span> <span class='ocrx_word' id='word_1_698' title='bbox 1199 4741 1347 4799; x_wconf 69' lang='lat' dir='ltr'><strong>obtiviscar</strong></span> <span class='ocrx_word' id='word_1_699' title='bbox 1352 4742 1572 4814; x_wconf 60' lang='lat' dir='ltr'><strong>justificationes</strong></span> <span class='ocrx_word' id='word_1_700' title='bbox 1584 4743 1660 4810; x_wconf 68' lang='lat' dir='ltr'><strong>tuas,</strong></span> <span class='ocrx_word' id='word_1_701' title='bbox 1672 4744 1744 4816; x_wconf 64' lang='lat' dir='ltr'><strong>quta</strong></span> <span class='ocrx_word' id='word_1_702' title='bbox 1754 4743 1785 4800; x_wconf 67' lang='lat' dir='ltr'><strong>t„</strong></span> 
     </span>
     <span class='ocr_line' id='line_1_53' title="bbox 127 4821 1783 4902; baseline 0.002 -24"><span class='ocrx_word' id='word_1_703' title='bbox 127 4823 275 4879; x_wconf 85' lang='lat' dir='ltr'><strong>altomino</strong></span> <span class='ocrx_word' id='word_1_704' title='bbox 289 4824 485 4895; x_wconf 82' lang='lat' dir='ltr'><strong>praeoipiturex</strong></span> <span class='ocrx_word' id='word_1_705' title='bbox 499 4822 595 4879; x_wconf 90' lang='lat' dir='ltr'><strong>intimo</strong></span> <span class='ocrx_word' id='word_1_706' title='bbox 609 4823 701 4879; x_wconf 90' lang='lat' dir='ltr'><strong>cordis</strong></span> <span class='ocrx_word' id='word_1_707' title='bbox 729 4821 929 4880; x_wconf 83' lang='lat' dir='ltr'><strong>affectudieere</strong></span> <span class='ocrx_word' id='word_1_708' title='bbox 979 4829 1049 4902; x_wconf 72' lang='lat' dir='ltr'><strong>ipsis</strong></span> <span class='ocrx_word' id='word_1_709' title='bbox 1077 4829 1227 4899; x_wconf 65' lang='lat' dir='ltr'><strong>mvifieastt</strong></span> <span class='ocrx_word' id='word_1_710' title='bbox 1249 4846 1294 4886; x_wconf 69' lang='lat' dir='ltr'><strong>me</strong></span> <span class='ocrx_word' id='word_1_711' title='bbox 1309 4830 1397 4902; x_wconf 67' lang='lat' dir='ltr'><strong>(Prot,</strong></span> <span class='ocrx_word' id='word_1_712' title='bbox 1427 4829 1536 4901; x_wconf 72' lang='lat' dir='ltr'><strong>caum).</strong></span> <span class='ocrx_word' id='word_1_713' title='bbox 1567 4828 1783 4888; x_wconf 75' lang='lat' dir='ltr'><strong>iustificationes</strong></span> 
     </span>
     <span class='ocr_line' id='line_1_54' title="bbox 126 4910 1783 4990; baseline 0.005 -25"><span class='ocrx_word' id='word_1_714' title='bbox 126 4910 928 4984; x_wconf 78' lang='lat' dir='ltr'><strong>debemus:Seruiinutilessumas,quoedchuimussucere,</strong></span> <span class='ocrx_word' id='word_1_715' title='bbox 979 4915 1051 4973; x_wconf 92' lang='lat' dir='ltr'><strong>enim</strong></span> <span class='ocrx_word' id='word_1_716' title='bbox 1072 4918 1274 4990; x_wconf 77' lang='lat' dir='ltr'><strong>praecepiebat</strong></span> <span class='ocrx_word' id='word_1_717' title='bbox 1297 4917 1434 4986; x_wconf 87' lang='lat' dir='ltr'><strong>dicuntur,</strong></span> <span class='ocrx_word' id='word_1_718' title='bbox 1449 4917 1477 4974; x_wconf 86' lang='lat' dir='ltr'><strong>in</strong></span> <span class='ocrx_word' id='word_1_719' title='bbox 1498 4916 1596 4990; x_wconf 89' lang='lat' dir='ltr'><strong>quibus</strong></span> <span class='ocrx_word' id='word_1_720' title='bbox 1618 4933 1671 4976; x_wconf 92' lang='lat' dir='ltr'><strong>noa</strong></span> <span class='ocrx_word' id='word_1_721' title='bbox 1695 4917 1783 4976; x_wconf 91' lang='lat' dir='ltr'><strong>corri-</strong></span> 
     </span>
     <span class='ocr_line' id='line_1_55' title="bbox 125 4998 1783 5080; baseline 0.005 -25"><span class='ocrx_word' id='word_1_722' title='bbox 125 4998 248 5070; x_wconf 75' lang='lat' dir='ltr'><strong>[ccimus</strong></span> <span class='ocrx_word' id='word_1_723' title='bbox 267 4999 345 5068; x_wconf 84' lang='lat' dir='ltr'><strong>(Luc.</strong></span> <span class='ocrx_word' id='word_1_724' title='bbox 364 5000 452 5077; x_wconf 52' lang='lat' dir='ltr'><strong>xvu),</strong></span> <span class='ocrx_word' id='word_1_725' title='bbox 467 5001 536 5069; x_wconf 74' lang='grc' dir='ltr'><strong>θεία</strong></span> <span class='ocrx_word' id='word_1_726' title='bbox 547 5016 605 5056; x_wconf 83' lang='lat' dir='ltr'><strong>nou</strong></span> <span class='ocrx_word' id='word_1_727' title='bbox 618 5000 929 5071; x_wconf 80' lang='lat' dir='ltr'><strong>sumussufficientesu</strong></span> <span class='ocrx_word' id='word_1_728' title='bbox 979 5004 1068 5074; x_wconf 82' lang='lat' dir='ltr'><strong>gendo</strong></span> <span class='ocrx_word' id='word_1_729' title='bbox 1080 5004 1216 5076; x_wconf 81' lang='lat' dir='ltr'><strong>justificat,</strong></span> <span class='ocrx_word' id='word_1_730' title='bbox 1235 5006 1384 5079; x_wconf 86' lang='lat' dir='ltr'><strong>dequibus</strong></span> <span class='ocrx_word' id='word_1_731' title='bbox 1404 5006 1476 5063; x_wconf 88' lang='lat' dir='ltr'><strong>idem</strong></span> <span class='ocrx_word' id='word_1_732' title='bbox 1492 5005 1637 5062; x_wconf 86' lang='lat' dir='ltr'><strong>Psalmista</strong></span> <span class='ocrx_word' id='word_1_733' title='bbox 1662 5005 1783 5080; x_wconf 87' lang='lat' dir='ltr'><strong>apertius</strong></span> 
     </span>
     <span class='ocr_line' id='line_1_56' title="bbox 124 5087 1781 5174; baseline 0.005 -30"><span class='ocrx_word' id='word_1_734' title='bbox 124 5087 204 5144; x_wconf 81' lang='lat' dir='ltr'><strong>uobis</strong></span> <span class='ocrx_word' id='word_1_735' title='bbox 218 5088 300 5160; x_wconf 85' lang='lat' dir='ltr'><strong>quusi</strong></span> <span class='ocrx_word' id='word_1_736' title='bbox 309 5101 347 5142; x_wconf 81' lang='lat' dir='ltr'><strong>ex</strong></span> <span class='ocrx_word' id='word_1_737' title='bbox 364 5089 452 5174; x_wconf 79' lang='lat' dir='ltr'><strong>uobis,</strong></span> <span class='ocrx_word' id='word_1_738' title='bbox 467 5089 515 5145; x_wconf 84' lang='lat' dir='ltr'><strong>scd</strong></span> <span class='ocrx_word' id='word_1_739' title='bbox 525 5089 697 5160; x_wconf 75' lang='lat' dir='ltr'><strong>sufficieutia</strong></span> <span class='ocrx_word' id='word_1_740' title='bbox 715 5091 816 5144; x_wconf 75' lang='lat' dir='ltr'><strong>matra</strong></span> <span class='ocrx_word' id='word_1_741' title='bbox 826 5103 863 5144; x_wconf 79' lang='lat' dir='ltr'><strong>ec</strong></span> <span class='ocrx_word' id='word_1_742' title='bbox 873 5089 928 5145; x_wconf 81' lang='lat' dir='ltr'><strong>lico</strong></span> <span class='ocrx_word' id='word_1_743' title='bbox 978 5092 1100 5150; x_wconf 81' lang='lat' dir='ltr'><strong>dicit:lu</strong></span> <span class='ocrx_word' id='word_1_744' title='bbox 1111 5095 1169 5151; x_wconf 81' lang='lat' dir='ltr'><strong>tuis</strong></span> <span class='ocrx_word' id='word_1_745' title='bbox 1175 5095 1426 5165; x_wconf 71' lang='lat' dir='ltr'><strong>iustificationibus</strong></span> <span class='ocrx_word' id='word_1_746' title='bbox 1436 5094 1671 5166; x_wconf 59' lang='lat' dir='ltr'><strong>meditationum</strong></span> <span class='ocrx_word' id='word_1_747' title='bbox 1681 5096 1781 5153; x_wconf 80' lang='lat' dir='ltr'><strong>obtivi-</strong></span> 
     </span>
     <span class='ocr_line' id='line_1_57' title="bbox 125 5175 1782 5257; baseline 0.005 -26"><span class='ocrx_word' id='word_1_748' title='bbox 125 5179 178 5242; x_wconf 86' lang='lat' dir='ltr'><strong>est,</strong></span> <span class='ocrx_word' id='word_1_749' title='bbox 192 5175 240 5247; x_wconf 86' lang='lat' dir='ltr'><strong>qui</strong></span> <span class='ocrx_word' id='word_1_750' title='bbox 254 5175 332 5231; x_wconf 84' lang='lat' dir='ltr'><strong>dedit</strong></span> <span class='ocrx_word' id='word_1_751' title='bbox 346 5175 416 5233; x_wconf 83' lang='lat' dir='ltr'><strong>ustie</strong></span> <span class='ocrx_word' id='word_1_752' title='bbox 431 5179 460 5231; x_wconf 84' lang='lat' dir='ltr'><strong>et</strong></span> <span class='ocrx_word' id='word_1_753' title='bbox 475 5176 610 5248; x_wconf 71' lang='lat' dir='ltr'><strong>perficere</strong></span> <span class='ocrx_word' id='word_1_754' title='bbox 624 5192 675 5249; x_wconf 83' lang='lat' dir='ltr'><strong>pro</strong></span> <span class='ocrx_word' id='word_1_755' title='bbox 693 5175 764 5231; x_wconf 83' lang='lat' dir='ltr'><strong>bonu</strong></span> <span class='ocrx_word' id='word_1_756' title='bbox 781 5176 928 5233; x_wconf 74' lang='lat' dir='ltr'><strong>voluntate</strong></span> <span class='ocrx_word' id='word_1_757' title='bbox 977 5197 1041 5238; x_wconf 85' lang='lat' dir='ltr'><strong>seur</strong></span> <span class='ocrx_word' id='word_1_758' title='bbox 1055 5197 1197 5240; x_wconf 71' lang='lat' dir='ltr'><strong>ammones</strong></span> <span class='ocrx_word' id='word_1_759' title='bbox 1213 5187 1275 5241; x_wconf 87' lang='lat' dir='ltr'><strong>tuos</strong></span> <span class='ocrx_word' id='word_1_760' title='bbox 1290 5183 1378 5256; x_wconf 85' lang='lat' dir='ltr'><strong>(Psoi.</strong></span> <span class='ocrx_word' id='word_1_761' title='bbox 1408 5185 1502 5254; x_wconf 84' lang='lat' dir='ltr'><strong>xvru).</strong></span> <span class='ocrx_word' id='word_1_762' title='bbox 1518 5183 1549 5238; x_wconf 94' lang='lat' dir='ltr'><strong>ln</strong></span> <span class='ocrx_word' id='word_1_763' title='bbox 1564 5181 1604 5240; x_wconf 89' lang='lat' dir='ltr'><strong>ela</strong></span> <span class='ocrx_word' id='word_1_764' title='bbox 1619 5183 1715 5257; x_wconf 89' lang='lat' dir='ltr'><strong>itaque</strong></span> <span class='ocrx_word' id='word_1_765' title='bbox 1729 5199 1782 5242; x_wconf 87' lang='lat' dir='ltr'><strong>noa</strong></span> 
     </span>
     <span class='ocr_line' id='line_1_58' title="bbox 124 5262 1782 5344; baseline 0.007 -28"><span class='ocrx_word' id='word_1_766' title='bbox 124 5263 162 5330; x_wconf 87' lang='lat' dir='ltr'><strong>(ll</strong></span> <span class='ocrx_word' id='word_1_767' title='bbox 176 5264 236 5320; x_wconf 82' lang='lat' dir='ltr'><strong>dor.</strong></span> <span class='ocrx_word' id='word_1_768' title='bbox 252 5263 311 5335; x_wconf 82' lang='lat'>111);</span> <span class='ocrx_word' id='word_1_769' title='bbox 328 5263 429 5335; x_wconf 90' lang='lat' dir='ltr'><strong>quique</strong></span> <span class='ocrx_word' id='word_1_770' title='bbox 452 5263 509 5319; x_wconf 93' lang='lat' dir='ltr'><strong>suis</strong></span> <span class='ocrx_word' id='word_1_771' title='bbox 531 5262 599 5318; x_wconf 86' lang='lat' dir='ltr'><strong>dixit</strong></span> <span class='ocrx_word' id='word_1_772' title='bbox 614 5280 621 5317; x_wconf 74' lang='grc' dir='ltr'>ε</span> <span class='ocrx_word' id='word_1_773' title='bbox 635 5264 703 5320; x_wconf 76' lang='lat' dir='ltr'><strong>Siue</strong></span> <span class='ocrx_word' id='word_1_774' title='bbox 726 5278 772 5319; x_wconf 85' lang='lat' dir='ltr'><strong>mc</strong></span> <span class='ocrx_word' id='word_1_775' title='bbox 786 5263 862 5319; x_wconf 82' lang='lat' dir='ltr'><strong>ntttt</strong></span> <span class='ocrx_word' id='word_1_776' title='bbox 873 5278 926 5334; x_wconf 84' lang='lat' dir='ltr'><strong>po·</strong></span> <span class='ocrx_word' id='word_1_777' title='bbox 976 5267 1104 5340; x_wconf 81' lang='lat' dir='ltr'><strong>viviticat,</strong></span> <span class='ocrx_word' id='word_1_778' title='bbox 1121 5269 1186 5343; x_wconf 87' lang='lat' dir='ltr'><strong>quia</strong></span> <span class='ocrx_word' id='word_1_779' title='bbox 1207 5287 1258 5343; x_wconf 87' lang='lat' dir='ltr'><strong>per</strong></span> <span class='ocrx_word' id='word_1_780' title='bbox 1277 5272 1337 5330; x_wconf 78' lang='lat' dir='ltr'><strong>haec</strong></span> <span class='ocrx_word' id='word_1_781' title='bbox 1358 5270 1438 5328; x_wconf 88' lang='lat' dir='ltr'><strong>nobis</strong></span> <span class='ocrx_word' id='word_1_782' title='bbox 1465 5270 1613 5344; x_wconf 85' lang='lat' dir='ltr'><strong>spiritalem</strong></span> <span class='ocrx_word' id='word_1_783' title='bbox 1628 5271 1716 5329; x_wconf 90' lang='lat' dir='ltr'><strong>vitatu</strong></span> <span class='ocrx_word' id='word_1_784' title='bbox 1729 5270 1782 5330; x_wconf 87' lang='lat' dir='ltr'><strong>de-</strong></span> 
     </span>
     <span class='ocr_line' id='line_1_59' title="bbox 125 5349 1783 5434; baseline 0 -31"><span class='ocrx_word' id='word_1_785' title='bbox 125 5350 207 5406; x_wconf 63' lang='lat' dir='ltr'><strong>tetlt&#39;i</strong></span> <span class='ocrx_word' id='word_1_786' title='bbox 222 5353 317 5421; x_wconf 73' lang='lat' dir='ltr'><strong>[acm</strong></span> <span class='ocrx_word' id='word_1_787' title='bbox 331 5352 449 5423; x_wconf 72' lang='lat' dir='ltr'><strong>(Philip.</strong></span> <span class='ocrx_word' id='word_1_788' title='bbox 465 5349 507 5421; x_wconf 84' lang='grc' dir='ltr'>ΙΙ).</span> <span class='ocrx_word' id='word_1_789' title='bbox 532 5350 573 5405; x_wconf 78' lang='lat' dir='ltr'><strong>De</strong></span> <span class='ocrx_word' id='word_1_790' title='bbox 587 5350 705 5406; x_wconf 68' lang='lat' dir='ltr'><strong>vanitate</strong></span> <span class='ocrx_word' id='word_1_791' title='bbox 725 5356 814 5406; x_wconf 67' lang='lat' dir='ltr'><strong>alitem</strong></span> <span class='ocrx_word' id='word_1_792' title='bbox 830 5363 884 5421; x_wconf 71' lang='lat' dir='ltr'><strong>qua</strong></span> <span class='ocrx_word' id='word_1_793' title='bbox 899 5356 926 5404; x_wconf 72' lang='lat'><strong>18</strong></span> <span class='ocrx_word' id='word_1_794' title='bbox 976 5364 1123 5430; x_wconf 62' lang='lat' dir='ltr'><strong>monstrat,</strong></span> <span class='ocrx_word' id='word_1_795' title='bbox 1139 5374 1253 5432; x_wconf 69' lang='lat' dir='ltr'><strong>eamque</strong></span> <span class='ocrx_word' id='word_1_796' title='bbox 1280 5376 1332 5434; x_wconf 68' lang='lat' dir='ltr'><strong>pgr</strong></span> <span class='ocrx_word' id='word_1_797' title='bbox 1354 5357 1516 5419; x_wconf 64' lang='lat' dir='ltr'><strong>afflationem</strong></span> <span class='ocrx_word' id='word_1_798' title='bbox 1544 5358 1658 5434; x_wconf 61' lang='lat' dir='ltr'><strong>&#39;ph-itus</strong></span> <span class='ocrx_word' id='word_1_799' title='bbox 1676 5360 1783 5419; x_wconf 58' lang='lat' dir='ltr'><strong>noga-ig</strong></span> 
     </span>
     <span class='ocr_line' id='line_1_60' title="bbox 121 5434 1252 5509; baseline 0.002 -19"><span class='ocrx_word' id='word_1_800' title='bbox 121 5434 219 5506; x_wconf 87' lang='lat' dir='ltr'><strong>jactas,</strong></span> <span class='ocrx_word' id='word_1_801' title='bbox 241 5438 356 5509; x_wconf 88' lang='lat' dir='ltr'><strong>qualiter</strong></span> <span class='ocrx_word' id='word_1_802' title='bbox 370 5437 475 5495; x_wconf 82' lang='lat' dir='ltr'><strong>iaceres</strong></span> <span class='ocrx_word' id='word_1_803' title='bbox 489 5436 513 5493; x_wconf 90' lang='lat' dir='ltr'><strong>si</strong></span> <span class='ocrx_word' id='word_1_804' title='bbox 529 5435 617 5494; x_wconf 86' lang='lat' dir='ltr'><strong>laicus</strong></span> <span class='ocrx_word' id='word_1_805' title='bbox 641 5453 728 5507; x_wconf 82' lang='lat' dir='ltr'><strong>esses,</strong></span> <span class='ocrx_word' id='word_1_806' title='bbox 743 5437 863 5495; x_wconf 90' lang='lat' dir='ltr'><strong>breviter</strong></span> <span class='ocrx_word' id='word_1_807' title='bbox 877 5435 926 5493; x_wconf 88' lang='lat' dir='ltr'><strong>tibi</strong></span> <span class='ocrx_word' id='word_1_808' title='bbox 975 5446 1112 5503; x_wconf 69' lang='lat' dir='ltr'><strong>mensibus</strong></span> <span class='ocrx_word' id='word_1_809' title='bbox 1126 5446 1252 5505; x_wconf 62' lang='lat' dir='ltr'><strong>infundit,</strong></span> 
     </span>
    </p>
   </div>
   <div class='ocr_carea' id='block_1_7' title="bbox 0 0 1918 6098">
    <p class='ocr_par' dir='ltr' id='par_1_8' title="bbox 0 0 1918 6098">
     <span class='ocr_line' id='line_1_61' title="bbox 0 0 1918 6098; baseline 0 6"><span class='ocrx_word' id='word_1_810' title='bbox 0 0 1918 6098; x_wconf 95' lang='lat' dir='ltr'><strong> </strong></span> 
     </span>
    </p>
   </div>
  </div>
 </body>
</html>
