3794 6104
100 259 134 310 ta
836 238 1024 299 EPlSTOLAE.

101 377 212 445 tadbna,
231 388 287 448 quo
301 373 385 447 pallio
401 373 440 429 uti
453 371 670 445 metropolitanis
691 370 860 438 eonoaditur,
888 365 957 424 ind

58 521 59 525 ,
106 465 169 522 sede
185 480 260 531 mea,
274 472 387 536 propter
401 462 499 519 maritas
514 462 707 532 occupationes
723 470 750 518 et
765 458 914 516 necessita·

107 563 143 611 tes
158 553 297 610 Ecclesiae
311 558 338 609 et
352 551 444 624 regni,
459 566 522 607 esse
537 550 602 605 mihi
617 551 801 621 permittitur3
817 556 843 604 et
863 546 915 620 nisi

110 642 219 714 quando
235 641 264 696 in
280 641 379 696 eadam
393 639 460 695 sede
470 655 532 694 sum
541 638 569 693 in
578 639 698 695 decretis
711 636 913 704 festivitatibus,

107 746 156 786 non
181 730 274 786 solum
304 744 360 784 non
387 728 469 783 toties
499 728 571 783 sicut
599 728 666 783 mihi
680 741 843 784 concessum
863 731 915 789 est,

108 835 202 875 rerum
221 819 270 873 vix
287 825 334 872 aut
353 832 491 888 nunqnam
505 816 602 872 eodem
616 816 698 887 pallio
713 825 783 871 utor.
803 816 853 869 Pro
867 829 915 869 ou-

108 909 148 977 jus
163 923 218 962 usu
235 905 308 977 apud
324 905 419 961 sedem
432 904 612 976 apostolicam
626 905 693 960 nibil
707 904 783 976 petii,
799 903 852 958 nisi
876 902 915 957 si-

1253 358 1424 421 EPlSTOLd
1439 365 1502 418 llll.

1213 495 1249 534 tn
1263 495 1403 535 xrcoatux
1418 494 1520 534 aaran.

965 597 1096 668 Ejusdem
1110 597 1273 667 argumenti
1288 612 1352 650 curu
1367 597 1521 667 superiore,
1539 595 1722 667 morimnquc
1733 610 1769 650 ec

1142 670 1225 738 porte
1243 667 1343 721 iisdem
1359 667 1448 721 verbis
1463 669 1609 721 contencio.

1219 772 1228 826 (
1234 771 1304 826 tpnd
1315 770 1447 823 eumdem.)

1038 894 1154 949 Domino
1177 895 1349 950 sanctissimo
1371 905 1397 951 et
1420 895 1642 950 reverentissimo
1664 896 1773 951 Petrum

109 1005 149 1052 ent
174 996 343 1051 decessores
365 1009 398 1050 ae
415 994 635 1066 predecessores
653 994 708 1049 mei
728 1008 762 1049 eo
784 992 823 1048 ull
848 999 875 1046 et
888 991 918 1045 in
967 982 1040 1038 Patri
1056 984 1191 1046 Niconao,
1207 984 1303 1053 prima
1318 1000 1351 1039 ao
1361 999 1473 1038 summae
1489 984 1562 1038 sedis
1577 985 1734 1054 apostolicae
1745 992 1771 1040 et

110 1083 232 1155 episcopi
248 1083 422 1139 ordinatione
432 1082 568 1138 solebant.
583 1084 645 1138 Non
659 1082 732 1137 enirn
746 1096 825 1136 nsum
840 1066 917 1151 pallii
967 1071 1129 1126 universalis
1151 1071 1283 1127 Ecclesiae
1303 1088 1390 1142 papae»
1411 1073 1583 1138 fflNOEARUS.
1606 1072 1771 1128 Rhemum

110 1188 166 1228 asse
182 1187 255 1228 meae
270 1171 413 1242 dignitatis
427 1179 500 1242 puto,
518 1171 568 1227 sed
583 1171 658 1243 genii
673 1168 917 1241 sedismetropolis
967 1161 1130 1231 episcopus,
1146 1169 1173 1214 et
1188 1170 1286 1216 restra
1308 1160 1484 1216 sanctissimae
1497 1161 1667 1231 paternitatis
1686 1162 1773 1217 devo·

109 1276 167 1318 essa
183 1274 336 1333 cognosco.
354 1261 463 1314 Etcum
480 1258 557 1314 multi
573 1259 626 1314 sint
637 1260 724 1314 sancti
740 1258 861 1330 episcopi
871 1257 918 1328 qni
967 1248 1090 1303 lissifflus
1106 1248 1232 1304 famulus·

112 1349 209 1404 eodem
226 1347 313 1419 pallio
328 1363 384 1403 non
399 1354 520 1412 utuntur,
536 1362 591 1402 non
614 1348 708 1403 nescio
726 1347 788 1419 quia
809 1348 832 1402 si
859 1346 917 1402 sine
1022 1337 1133 1391 litteras
1149 1337 1329 1392 sanctissima
1344 1336 1512 1407 paternitatis
1528 1345 1554 1390 et
1573 1338 1773 1407 precellentis-

112 1437 268 1506 rirtutibus,
291 1451 358 1506 quas
378 1444 531 1507 exponente
551 1436 631 1492 beato
650 1435 786 1508 Gregorio
807 1435 919 1505 pallium
969 1425 1044 1480 sime
1056 1426 1219 1481 auctoritatis
1241 1434 1347 1488 vestrm,
1372 1441 1422 1480 xur
1443 1425 1578 1480 Kalendas
1590 1425 1672 1490 lunii,
1702 1426 1772 1480 indi·

115 1527 214 1599 signat,
231 1523 317 1595 pallio
331 1533 403 1586 ntor,
421 1532 447 1578 et
463 1524 486 1579 si
497 1523 719 1580 excellentiorem
734 1524 919 1579 eaeterissshe
969 1513 1067 1569 ationis
1082 1530 1119 1567 xv
1135 1514 1169 1567 ab
1182 1514 1298 1586 Egilone
1315 1512 1463 1568 vonerabili
1478 1513 1687 1584 archiepiscopo
1702 1514 1773 1567 Sen-

114 1630 221 1671 morum
236 1612 387 1685 provincie
401 1612 513 1667 sedibus
534 1612 706 1685 metropolim
728 1613 822 1668 sedem
844 1595 919 1682 pallii
969 1603 1047 1656 nansi
1061 1603 1164 1673 accepi,
1179 1603 1206 1656 in
1222 1603 1330 1673 quibus,
1349 1603 1396 1656 sed
1413 1612 1438 1656 ct
1453 1601 1550 1656 litteris
1565 1601 1730 1674 generaliter
1740 1602 1775 1656 ad

115 1726 181 1766 usus
194 1712 366 1766 demonstrat
380 1709 407 1764 in
422 1709 510 1765 oculis
524 1709 673 1777 hominum,
689 1724 744 1763 non
759 1717 850 1765 tamen
864 1724 919 1764 ma·
933 1723 960 1783 B
972 1691 1113 1763 elli⁵0⁰l¹02
1132 1690 1178 1761 ‘lui
1193 1691 1220 1744 in
1235 1691 1340 1761 ⁵5¹¹⁰d0
1356 1699 1446 1745 Vssssllst
1474 1690 1634 1745 ³¹¹⁰¹0ri²³²0
1649 1706 1770 1761 ⁰⁰¹¹31'8·

111 1801 195 1869 jopem
210 1814 258 1853 me
274 1798 383 1855 [201an
398 1796 483 1853 oculis
498 1797 617 1854 pomini,
638 1799 674 1852 Et
696 1799 828 1854 ,emper
850 1812 918 1853 con·
970 1787 1034 1850 gata
1049 1779 1120 1849 apud
1135 1778 1296 1833 Suessiones
1311 1779 1449 1848 praetcrito
1462 1794 1533 1832 anno
1549 1777 1667 1845 luerunt,
1686 1786 1772 1832 tantas

113 1894 187 1952 liteor
202 1903 310 1951 sanotae
332 1901 432 1950 vestra
453 1895 617 1965 paternitati,
643 1895 706 1968 qnia
729 1897 752 1949 si
774 1896 920 1967 episcopus

113 1983 253 2039 ordinatus
273 1998 328 2037 nou
351 1997 453 2052 essem,
482 1998 537 2037 non
559 1983 647 2038 solum
670 1981 746 2055 pallii
770 1999 850 2038 usum
865 1999 920 2038 uon

114 2087 278 2144 quaererem,
293 2071 423 2142 quoniam
443 2070 511 2140 scio,
536 2072 595 2126 sine
614 2071 787 2126 ordinatione
809 2072 919 2142 episco-

113 2159 173 2231 pali,
195 2158 252 2214 fide
274 2167 348 2215 recta
367 2166 394 2214 et
414 2159 545 2230 operibus
566 2159 644 2214 bonis
666 2175 714 2230 per
734 2159 783 2214 liei
802 2160 920 2231 gratiam

114 2249 193 2303 uitam
208 2254 342 2304 aternam
367 2262 412 2302 me
436 2247 558 2317 potuisse
581 2247 715 2319 aquirere.
736 2247 767 2302 ln
791 2247 842 2303 isto
865 2263 919 2302 sae·

113 2337 170 2392 culo
179 2351 355 2409 cognosceus
364 2334 442 2401 illud,
455 2336 525 2390 sicut
535 2336 617 2391 modo
627 2350 776 2406 cognosco,
810 2336 921 2407 episco-

113 2425 170 2496 pale
179 2441 202 2479 n
221 2424 347 2479 ordinem
362 2438 418 2478 uon
432 2423 564 2489 subirem,
577 2424 600 2478 si
610 2423 695 2479 vitare
709 2424 839 2480 valerem.
865 2425 920 2480 Sed

115 2520 139 2568 et
152 2513 297 2582 nunciam
311 2510 409 2567 sufficit
423 2511 489 2566 mibi
505 2512 594 2566 anima
609 2528 669 2566 mea
685 2527 735 2582 pro
750 2512 847 2583 spolio.
858 2513 920 2585 Ego

115 2601 184 2657 euim
199 2601 295 2656 multis
309 2599 424 2656 afflictus
438 2599 649 2665 infirmitatibus,
667 2609 694 2655 et
716 2609 794 2656 aetate
822 2616 921 2673 grava-

969 1875 996 1921 et
1019 1867 1088 1921 tales
1108 1866 1309 1937 increpationes
1334 1868 1486 1938 indignitati
1510 1883 1579 1922 rneae
1601 1883 1615 1920 a
1641 1866 1774 1939 dignitate

969 1965 1061 2009 restra
1077 1955 1164 2009 illatas
1179 1955 1279 2020 inueni,
1305 1956 1373 2010 sicut
1396 1964 1510 2026 peccata
1536 1971 1599 2010 mea
1622 1964 1768 2009 merentur.

969 2042 1074 2111 Quibus
1088 2044 1122 2097 ad
1136 2043 1227 2097 omnia
1241 2044 1408 2115 respondere
1425 2052 1451 2097 et
1466 2044 1608 2097 humilitati
1624 2059 1692 2098 meae
1707 2059 1774 2114 prae·

970 2131 1158 2201 sumptiosum,
1188 2140 1214 2185 et
1234 2132 1392 2186 sublimitati
1418 2141 1516 2187 vestrae
1545 2139 1651 2187 constat
1676 2132 1773 2186 incon-

969 2236 1094 2292 gruum;
1122 2221 1273 2291 praesertim
1303 2230 1445 2291 cumpost
1472 2221 1575 2286 multa,
1600 2218 1774 2291 pusillitatem

969 2324 1058 2362 meam
1073 2307 1234 2374 relevantes,
1256 2308 1321 2362 mibi
1342 2309 1462 2364 scribere
1484 2309 1587 2380 dignati
1611 2307 1712 2362 fueritis
1727 2307 1771 2362 di-

969 2405 1062 2452 centes
1079 2414 1085 2450 ε
1105 2417 1115 2447 a
1134 2396 1198 2451 llaec
1213 2413 1246 2451 ne
1256 2412 1307 2451 nos
1320 2397 1461 2451 arbitreris
1476 2397 1510 2450 ad
1524 2396 1671 2452 discrimen
1691 2397 1775 2466 quod-

969 2483 1033 2539 libet
1048 2485 1266 2557 tumsanctitatis
1281 2486 1324 2539 val
1338 2484 1479 2555 dignitatis
1494 2500 1687 2556 exaggerasse,
1710 2499 1773 2538 cum

970 2572 1083 2627 meliora
1099 2588 1161 2627 esse
1186 2573 1300 2627 vulnera
1324 2572 1463 2644 diligentis
1491 2589 1574 2644 quam
1599 2571 1772 2627 frandulenta

115 2698 165 2758 mg,
181 2705 214 2746 30
226 2688 333 2757 injuriis
348 2686 488 2761 fatigatus.
498 2688 682 2766 jamdefibor'
695 2696 837 2760 eppempus
852 2706 921 2746 Μ
971 2668 1088 2722 odientis
1103 2667 1199 2723 oscula
1234 2684 1288 2722 non
1312 2669 1427 2765 nescias.
1448 2689 1458 2717 i
1484 2668 1629 2765 Caeterum,
1650 2668 1778 2738 quoniam

116 2777 294 2834 resolutioni,
308 2778 399 2832 instat,
417 2775 590 2848 Quapropter
602 2777 667 2833 piget
680 2776 750 2833 alius
771 2778 806 2832 ab
826 2779 921 2835 mici,
971 2765 1083 2828 propter
1097 2756 1195 2810 multas
1210 2765 1236 2810 et
1252 2772 1384 2810 maximas
1401 2772 1434 2811 ac
1449 2772 1519 2826 pene
1538 2764 1681 2811 continuas
1701 2756 1744 2810 inl
1759 2787 1774 2798 -

117 2867 184 2922 meis
211 2864 359 2937 Cisalpjnqs
382 2866 408 2919 qn
431 2866 554 2935 partibus
577 2866 717 2931 Romanis,
742 2873 804 2921 uta
831 2866 922 2921 mustis
972 2844 1101 2898 stationes
1117 2844 1523 2915 paganorumatquelalsornm
1548 2844 1775 2910 Christianorum,

112 2955 240 3024 jugatur,
257 2952 412 3026 mustum
428 2953 463 3009 gd
478 2954 552 3008 apud
574 2971 618 3008 me
635 2961 743 3025 oporte,
757 2955 879 3020 pende&
896 2962 923 3010 eq
972 2948 1039 3004 quas
1054 2932 1180 3002 patimur,
1197 2933 1324 2987 continue
1339 2933 1524 2988 laborantibus
1540 2941 1618 2988 antea
1639 2933 1775 3004 episcopis

116 3043 148 3097 de
163 3042 227 3098 affl,
242 3041 369 3114 cogitare
384 3057 465 3112 quam
480 3041 561 3098 alicu,
574 3057 682 3113 pompm
694 3058 726 3099 30
735 3042 920 3108 osgentagoni,
972 3021 1117 3092 regionum
1131 3029 1295 3118 nostrarum,
1313 3020 1340 3075 in
1355 3037 1437 3075 unum
1451 3021 1599 3076 convenire
1614 3037 1668 3076 uon
1691 3021 1774 3085 licuit,

120 3131 231 3186 minime
246 3138 338 3186 nutem
353 3129 539 3186 ecclesiastico
567 3130 718 3185 minimo
746 3131 921 3201 applaudere,
973 3117 1001 3162 ut
1030 3109 1109 3168 nobis
1136 3118 1317 3163 communiter
1351 3119 1449 3164 restrae
1481 3109 1630 3164 sanctitatis
1661 3108 1774 3179 epistola

122 3228 166 3275 ,ug
179 3220 265 3275 modo
281 3218 402 3290 quolibet
416 3219 557 3274 inservire,
973 3197 1153 3252 communiter
1176 3197 1259 3251 missa
1283 3197 1462 3270 relegeretur,
1492 3207 1519 3252 et
1546 3198 1614 3253 sicut
1639 3197 1771 3266 jussistis,

168 3309 236 3363 flu
256 3315 357 3372 autem,
379 3306 415 3361 de
435 3307 534 3378 quibus
553 3306 710 3362 glasissimae
733 3308 869 3363 sanctitati
896 3318 923 3364 eq
973 3300 1142 3382 quaecunque
1158 3301 1239 3355 super
1254 3286 1305 3340 bac
1320 3301 1350 3340 re
1366 3286 1399 3340 de
1415 3302 1467 3356 qua
1475 3286 1565 3358 agitur
1579 3285 1681 3357 scripta
1692 3294 1745 3339 tam
1760 3301 1776 3340 a

121 3395 312 3452 famosissimae
325 3394 467 3466 sapientia
481 3403 582 3450 vestrae
598 3395 705 3466 scripsi,
722 3411 777 3451 non
791 3397 825 3450 ad
839 3396 923 3451 ullam
974 3373 1052 3428 l⁰b¹⁵
1066 3373 1140 3444 llius
1156 3382 1181 3429 θῐ
1196 3390 1267 3429 ¹1⁰⁰ss
1283 3390 1365 3445 ‘luam
1380 3391 1395 3427 θ
1410 3374 1487 3471 mhi}
1502 3374 1572 3428 edim
1589 3373 1772 3470 sepelientur,

120 3483 349 3549 controversiam,
365 3483 410 3539 ve1
422 3490 610 3539 contumacem
625 3483 838 3548 ,esquaqom
850 3485 924 3554 quod
974 3470 1001 3516 at
1015 3461 1155 3558 quidinde
1170 3460 1306 3514 humilitas
1322 3477 1384 3516 rnea
1399 3461 1475 3515 atilli
1490 3461 1588 3558 dejecti
1602 3461 1693 3558 clerici
1715 3461 1774 3516 sedi

119 3575 197 3641 absit,
216 3573 337 3644 protuli;
354 3573 405 3628 sed
419 3572 553 3628 animatus
576 3572 695 3628 veridica
716 3554 849 3628 sentenia
873 3589 923 3627 ve·
973 3549 1129 3621 apostolicae
1148 3551 1373 3647 suggesserimus
1394 3549 1436 3604 vel
1452 3549 1630 3647 retulerimus,
1647 3565 1675 3602 in
1700 3550 1776 3606 uolu-

119 3671 190 3728 strae,
208 3662 265 3717 imo
291 3661 389 3716 dixinae
411 3660 588 3725 auctoritatis,
614 3677 694 3732 quam
716 3661 783 3716 mibi
804 3661 924 3717 scribere
974 3654 1037 3693 ¹⁰⁰⁰
1052 3654 1135 3736 ulum
1151 3638 1246 3736 (ΜΨ
1261 3653 1315 3709 (1ὓο
1338 3654 1421 3692 m¹⁵⁸³
1443 3646 1505 3692 sum
1532 3638 1730 3710 sedllleseffiffl'»
1747 3646 1774 3736 {³²

119 3750 224 3824 dignati
251 3749 351 3818 fuistis,
376 3749 498 3805 dicentes
514 3750 578 3821 quia
593 3749 695 3804 veritas
710 3749 818 3816 liberet,
843 3765 923 3805 men·
974 3726 1132 3826 ⁸P0⁵l⁰¹¹⁰³J
1154 3727 1222 3791 Seth»
1245 3735 1274 3780 ¹¹¹
1307 3735 1464 3825 l0mpelsssss
1496 3734 1551 3824 est,
1576 3742 1671 3825 ellum
1695 3727 1776 3781 ¹¹⁰b¹³

119 3838 228 3895 mnium
243 3852 310 3893 vero
323 3837 429 3908 perdat,
445 3838 581 3893 humiliter
594 3838 717 3893 veritatis
741 3838 924 3894 narrationem
975 3815 1176 3914 0¹⁰¹¹¹R¹³¹¹¹²J¹⁵
1191 3823 1346 3914 lesel'lfffls.
1365 3832 1471 3914 summ?
1483 3815 1773 3888 ὃωὼθὼΐῑῧθῖθῦῑῦῐ·

119 3927 258 4000 suggessi.
275 3925 396 3981 landem
411 3941 479 3981 meae
493 3925 616 3981 servituti
631 3944 646 3980 a
661 3935 753 3981 vestra
767 3926 924 3999 dignatione
974 3906 1053 3960 Num
1068 3921 1095 4002 ¹¹}
1110 3905 1202 4002 ablu?
1223 3921 1302 3975 '08¹³
1324 3913 1399 4002 dalle
1424 3904 1619 4003 ³l¹l⁰³n²ulUffl
1643 3905 1678 3960 (Ῑθ
1692 3920 1776 4002 paga·

119 4013 278 4070 remandari
293 4015 414 4084 deposco
428 4013 463 4068 dc
478 4013 609 4069 iratribus
625 4015 738 4069 nostris.
763 4015 925 4069 Rhomensis
975 3991 1449 4063 ¹¹⁰l¹¹¹¹¹¹¹1s⁸⁵l³¹¹0¹¹0lesl’ffflssless
1467 3994 1516 4048 sed
1539 3993 1651 4047 abarum
1680 4008 1775 4047 amfle-

119 4104 251 4160 lloclesiae
276 4100 349 4170 tiliis,
370 4111 459 4157 vestra
479 4103 640 4158 auctoritate
655 4103 682 4156 in
703 4103 760 4157 suis
783 4103 925 4158 ordinibus
975 4089 1058 4135 ”tum
1074 4081 1221 4151 gemitibus
1237 4081 1404 4149 ¹³b01'flssless
1420 4092 1446 4136 et
1461 4082 1548 4138 ³dh¹¹⁰
1563 4082 1691 4154 graviora
1715 4099 1776 4153 ‘luae

120 4192 259 4259 restitutis,
276 4191 405 4263 quoniam
420 4191 591 4246 venerandus
606 4192 829 4263 archiepiscopus
844 4191 925 4264 Egilo
975 4170 1116 4224 imminent
1130 4177 1290 4236 metuentes,
1305 4179 1331 4224 et
1345 4169 1443 4225 iratres
1458 4185 1490 4226 ac
1512 4171 1668 4242 coepiscopi
1691 4170 1777 4225 nostri

122 4305 149 4344 er
163 4297 257 4345 vestra
274 4288 434 4343 auctoritate
445 4289 485 4344 eis
500 4289 630 4359 praecepit
641 4297 669 4342 ut
680 4289 707 4342 in
723 4289 778 4344 suis
791 4288 925 4361 gradibus

122 4379 316 4443 ministrarent,
328 4385 354 4432 et
369 4377 404 4431 ad
418 4377 528 4433 altiores
542 4378 693 4433 ascendere
710 4393 764 4432 non
779 4388 926 4449 praesume·

124 4485 187 4542 rent,
204 4483 298 4530 utrum
312 4473 428 4529 debeam
442 4490 490 4530 eos
506 4475 541 4529 ad
556 4475 666 4529 altiores
690 4476 793 4547 gradus
816 4491 916 4546 prove-

125 4563 192 4631 here,
210 4565 235 4618 si
248 4561 402 4619 confratres
415 4577 449 4619 ac
464 4563 643 4619 comministri
658 4564 744 4619 nostri
758 4563 819 4619 illos
833 4564 924 4636 elege-

126 4651 200 4706 rint:
223 4651 351 4724 qnoniam
372 4667 468 4706 eorum
487 4652 593 4707 animos
612 4667 675 4706 mea
697 4652 801 4707 incuria
824 4651 924 4706 laedere

126 4741 191 4807 uolo,
208 4749 236 4797 et
252 4756 287 4795 nc
303 4748 398 4796 contra
413 4748 534 4796 vestram
544 4741 698 4809 jussionem
712 4756 744 4796 ao
764 4741 922 4811 dispositio·

128 4842 184 4883 nem
198 4844 281 4901 agam
293 4829 383 4884 modis
398 4829 524 4883 omnibus
540 4828 661 4884 devitare
681 4829 771 4899 cupio,
793 4829 839 4899 qui
854 4844 923 4899 apo-

129 4916 224 4972 stolieae
257 4917 331 4971 sedis
360 4916 477 4972 decretis
508 4917 635 4973 omnibus
665 4931 761 4987 parere
786 4916 921 4972 desidero.

130 5002 194 5059 bens
208 5005 381 5075 omnipotens
392 5005 576 5061 sinceritatem
587 5014 714 5071 vestram,
726 5005 760 5059 ad
771 5005 923 5061 doctrinam

131 5100 150 5145 et
163 5093 360 5149 correctionem
376 5103 479 5149 sauctae
497 5110 553 5149 suae
572 5093 714 5159 Ecclesia,
738 5094 765 5149 in
787 5111 835 5148 suo
860 5102 923 5164 apto

131 5181 230 5238 seruitio
253 5199 305 5253 per
325 5198 458 5237 annorum
489 5181 573 5237 multa
601 5182 735 5238 curricula
759 5198 922 5238 conservare

132 5266 258 5341 dignetur,
275 5271 375 5326 domne
391 5271 562 5329 sanctissime
577 5278 604 5326 et
625 5271 847 5327 reverentissime
869 5272 921 5326 Pa-

134 5371 192 5421 trum
207 5368 290 5424 Pater
305 5368 333 5422 in
347 5369 471 5424 Domino.

975 4257 1143 4312 devotissimi
1171 4256 1218 4312 lilii
1240 4257 1331 4322 vestri,
1358 4275 1418 4329 quae
1436 4258 1565 4329 jussistis,
1597 4259 1722 4315 videlicet
1743 4259 1778 4314 de

974 4347 1079 4401 Ebonis
1094 4346 1255 4415 dejectione,
1271 4355 1297 4400 et
1312 4347 1347 4402 de
1362 4346 1446 4417 ipsius
1462 4347 1639 4417 restitutione,
1663 4361 1697 4402 ac
1719 4346 1732 4401 l
1761 4377 1775 4386 -

926 4428 1015 4488 Dtrir
1035 4432 1141 4487 Vulladi
1165 4441 1191 4487 et
1214 4433 1384 4507 collegarum
1408 4436 1465 4504 ejus
1489 4435 1669 4506 promotione,
1701 4434 1775 4489 etde

972 4521 1076 4593 praelati
1099 4521 1202 4576 Ebonis
1227 4521 1323 4577 iterata
1347 4523 1509 4593 repulsione,
1533 4532 1613 4593 atque
1637 4521 1670 4574 ad
1692 4520 1773 4575 aliam

973 4609 1126 4665 Ecclesiam
1141 4610 1313 4681 migratione,
1332 4612 1380 4665 sed
1408 4620 1434 4666 et
1456 4628 1515 4681 quae
1543 4610 1578 4663 de
1606 4608 1774 4664 ordinatione

973 4714 1034 4754 mea
1048 4709 1249 4770 compererunt,
1265 4700 1377 4770 exsequi
1391 4698 1479 4752 studio
1496 4695 1568 4752 fideli
1594 4706 1740 4767 procurant
1756 4716 1762 4751 :

973 4795 999 4842 et
1014 4788 1123 4842 humilis
1139 4805 1199 4843 mea
1214 4789 1338 4852 servitus,
1354 4788 1388 4840 de
1403 4787 1446 4840 his
1460 4802 1521 4857 quae
1536 4785 1691 4858 indignitati
1704 4801 1773 4842 meae

974 4884 1064 4930 vestra
1079 4877 1188 4946 scripsit
1202 4877 1331 4947 dignatio,
1348 4874 1420 4928 omni
1435 4873 1586 4928 hnmilitate
1606 4890 1638 4930 ao
1658 4875 1773 4945 puritate

972 4964 1134 5035 conscripta,
1150 4965 1263 5035 hisquae
1278 4961 1431 5017 auctoritati
1446 4969 1543 5017 xestrae
1559 4962 1681 5018 collectis
1708 4963 1776 5016 diri·
1841 4980 1854 4997 ·

972 5061 1050 5124 gunt,
1068 5052 1256 5123 subjungenda
1271 5058 1297 5104 et
1312 5050 1486 5120 suggerenda
1502 5059 1585 5122 atque
1607 5051 1774 5122 perferenda

973 5140 1122 5196 secundum
1146 5148 1263 5195 vestram
1291 5137 1501 5207 praeceptionem
1530 5139 1570 5193 eis
1593 5138 1712 5209 porrexi.
1730 5138 1770 5192 Dc

972 5229 1071 5284 dilecto
1090 5227 1192 5282 scilicet
1207 5225 1288 5280 fratrc
1304 5234 1396 5280 nostro
1412 5226 1528 5280 vulfado
1543 5225 1642 5292 atejus
1657 5223 1772 5295 collegis

972 5316 1006 5370 de
1021 5316 1119 5386 quibua
1134 5313 1199 5367 mihi
1214 5329 1318 5368 summa
1342 5313 1483 5386 dignitatis
1507 5309 1606 5367 vestrae
1626 5313 1775 5368 auotoritas

973 5420 1033 5475 quae
1047 5403 1099 5456 sibi
1114 5401 1213 5472 placuit
1228 5402 1349 5473 scripsit,
1375 5403 1441 5456 nibil
1467 5401 1539 5455 aliud
1562 5401 1693 5457 sanctitati
1724 5418 1774 5458 xe-

972 5506 1036 5554 atrae
1050 5499 1171 5554 scribere
1187 5515 1332 5570 praesumo,
1350 5499 1401 5554 nisi
1416 5498 1489 5570 quod
1503 5498 1701 5568 increpationes
1725 5515 1774 5552 ve-
