3794 6104
123 219 177 272 ,899
755 222 902 278 JOllNNlS
923 223 1019 277 PAPAE
1039 225 1107 278 t'tlt.
1730 222 1772 274 stt

163 340 260 396 Veraci
276 342 408 398 relatione
431 345 612 414 comperimus
635 355 660 399 te
686 363 730 399 res
753 347 838 401 sancti
855 345 924 400 Petri
941 346 966 405 Α
980 347 1060 401 tronis
1076 347 1145 401 filios
1158 347 1262 402 victrici
1277 363 1385 416 semper
1400 349 1512 402 dextera
1524 346 1657 402 valeretis
1672 347 1775 404 efficaci·

126 429 252 499 apostoli,
268 446 335 501 quas
351 432 464 501 spiritali
480 431 541 487 tiliae
556 441 657 487 nostrae
673 435 856 506 angelbergae
871 438 925 488 Au·
975 452 1016 503 rer
1031 435 1162 490 dimicare
1180 454 1185 489 :
1203 436 1274 506 quod
1300 443 1390 490 tamen
1405 444 1434 489 ut
1448 435 1596 490 salubriter
1618 431 1708 490 tacere
1720 451 1776 505 poe

126 524 215 589 gustae
229 534 375 573 concessas
400 520 541 581 habemus,
567 537 630 575 cum
651 521 712 574 aliis
727 523 847 590 ejusdem
863 522 926 577 tiliae
976 523 1042 589 sitis,
1069 529 1097 576 ut
1120 531 1191 577 terra
1215 524 1337 594 marique
1370 525 1405 578 de
1428 523 1548 578 inimicis
1571 532 1601 578 et
1630 522 1776 578 infidelibus

126 614 228 661 nostrae
243 607 463 677 proprietatibus,
480 618 571 663 contra
587 609 677 681 legem
693 610 823 665 invadere
839 626 872 665 ac
887 627 928 665 re

126 694 211 748 tinere
229 713 235 747 :
250 703 276 749 et
290 695 324 749 ob
349 697 401 750 boc
427 705 453 749 tu
476 697 534 766 ipse
556 697 711 751 admonitus
732 699 766 752 ab
787 698 926 753 invasione

126 783 172 836 illa
188 799 241 837 non
257 792 282 838 te
297 783 475 849 subtraxeris,
502 785 565 856 quin
581 786 671 856 potins
687 788 818 842 haetenus
833 788 860 840 in
874 788 925 843 hac

127 871 222 925 eadem
237 871 370 941 pravitate
386 873 533 943 persistere
548 890 718 946 nequaquam
733 875 869 930 omiseris.
888 875 929 930 ld-

125 959 199 1014 circo
215 959 262 1013 tihi
276 960 450 1031 precipimus
466 970 503 1027 ut,
521 963 595 1016 onrni
610 963 752 1018 occasione
775 964 925 1034 postposita

126 1054 150 1101 te
166 1063 355 1117 compescam,
372 1050 481 1104 easdem
498 1066 542 1104 res
562 1051 673 1105 omnino
688 1051 842 1121 relinquas,
859 1060 886 1106 et
900 1061 926 1106 te

125 1135 181 1189 sive
198 1144 257 1190 tuos
273 1137 307 1190 ah
332 1137 397 1207 ipsis
422 1154 573 1203 removeas,
601 1148 735 1210 qnatenus
757 1140 844 1195 eidem
865 1139 927 1195 tiliae

125 1231 225 1279 nostrae
240 1224 319 1280 liceat
335 1241 431 1281 omnes
446 1227 506 1281 illas
522 1243 571 1282 suo
592 1228 713 1283 dominio
732 1229 869 1283 vindicare
883 1236 926 1282 at·

125 1324 178 1377 que
201 1308 358 1378 disponere,
385 1317 411 1363 ot
425 1317 454 1363 ut
478 1310 503 1364 ei
528 1310 633 1364 libitum
658 1311 746 1380 luerit,
767 1312 818 1365 sub
832 1319 925 1366 nostro

124 1396 235 1465 speciali
249 1398 446 1452 mandeburdio
469 1399 587 1454 retinere
604 1417 610 1452 :
627 1399 749 1470 alioquin
773 1401 881 1455 noveris
900 1408 926 1456 te

124 1484 275 1555 apostolica
289 1495 380 1540 nostra
392 1486 552 1542 auctoritate
562 1496 657 1542 sancta
671 1488 860 1543 communione
871 1489 927 1559 pri·

125 1581 226 1636 ramni,
243 1581 271 1628 et
284 1591 424 1646 quousque
447 1577 497 1629 sub
521 1591 644 1648 congrua
659 1575 845 1632 satisfactione
866 1594 927 1648 quae

124 1661 236 1717 alterius
259 1670 321 1719 sunt
341 1663 484 1728 restituas,
508 1680 524 1718 a
549 1664 762 1720 Christianorum
788 1666 966 1756 consortioB

123 1758 286 1819 separatum.
304 1751 373 1806 Data
389 1756 419 1806 nt
435 1769 503 1821 sarm
519 1771 546 1807 a.

433 1928 613 1983 cclxxxv.

346 2048 381 2086 an
401 2049 538 2091 nrsnnrclt
558 2050 697 2090 ancarana.

407 2153 497 2220 pinno
513 2155 658 2212 ste-880.)

127 2278 191 2347 Ejus
214 2292 290 2332 care
305 2277 511 2331 cnonastcrinm
533 2277 709 2401 t{prpelberpaa
734 2278 925 2346 imperatricis

438 2361 540 2401 comana
568 2365 600 2402 ι,

975 611 1094 665 victores
1110 612 1224 666 feliciter
1239 612 1370 678 existatis,
1393 611 1455 667 ideo
1475 612 1647 666 mandamus
1669 612 1776 668 vobisu

975 715 1034 753 cum
1061 699 1205 770 aliquantis
1227 700 1406 755 dromonibus
1431 716 1481 770 pro
1506 701 1613 755 honore
1639 701 1701 769 jam
1723 701 1777 758 dia

976 787 1105 857 spiritalis
1131 787 1178 842 tilii
1201 789 1287 843 nostri
1311 789 1427 862 Augusti
1446 790 1496 843 has
1515 797 1630 844 nostras
1649 789 1680 843 in
1698 798 1775 859 perles

976 875 1075 929 iterum
1089 876 1183 932 venire
1198 877 1362 932 omnimodis
1378 877 1520 947 satagatis,
1537 885 1678 948 quatenus
1691 885 1776 934 contra

976 965 1088 1018 eosdem
1104 964 1237 1020 nefandos
1251 968 1396 1037 ngarenos
1410 981 1569 1036 congraum
1582 966 1669 1021 nobis
1681 966 1775 1034 amate

976 1051 1046 1105 rium
1061 1053 1186 1122 praehere
1200 1053 1321 1123 possitis,
1338 1063 1366 1108 ut
1381 1070 1414 1108 ex
1430 1055 1481 1109 hoc
1497 1054 1557 1108 laus
1574 1060 1603 1108 et
1616 1069 1727 1109 merces
1739 1054 1776 1108 ina
1805 1054 1810 1064 '

976 1141 1094 1209 peratori
1108 1149 1257 1204 accrescat,
1275 1149 1302 1197 et
1323 1158 1338 1195 a
1362 1142 1442 1197 nobis
1463 1142 1564 1215 dignas
1590 1142 1776 1198 retributione

976 1229 1035 1283 siue
1048 1229 1133 1285 dubio
1149 1229 1297 1300 recipiatis.
1309 1229 1482 1300 Quapropter
1491 1237 1680 1301 manemuaet
1693 1230 1775 1286 hona

976 1333 1038 1371 mur
1053 1333 1102 1373 ros
1118 1326 1146 1372 ut
1160 1318 1262 1373 nostris
1276 1318 1388 1373 monins
1402 1318 1497 1374 libenti
1512 1318 1613 1373 aomos
1626 1319 1773 1384 abeudmia

977 1413 1006 1458 et
1017 1406 1147 1478 quidquid
1162 1407 1248 1462 acturi
1262 1407 1338 1476 estis,
1354 1422 1404 1478 par
1419 1423 1469 1462 voa
1484 1406 1623 1462 volociter
1637 1423 1775 1478 cognosce

977 1509 1046 1549 mus.
1065 1495 1131 1549 Data
1147 1499 1285 1567 utsupra.

1275 1645 1482 1701 CCLXXXVll.

1049 1766 1084 1804 an
1103 1764 1283 1805 arimanniam
1302 1766 1454 1807 sarscorurt
1478 1765 1710 1810 matronensem

1219 1860 1310 1925 (Anno
1326 1858 1376 1911 879
1397 1857 1440 1911 vel
1460 1860 1536 1924 88⁰.)

978 1963 1160 2018 dorruncndat
1172 1965 1233 2033 ejus
1248 1979 1314 2033 arpa
1324 1962 1419 2017 sedem
1430 1963 1619 2034 apostolicam
1635 1963 1773 2018 observan-

1012 2035 1099 2100 tiam,·
1115 2034 1299 2095 tractatoria,
1311 2034 1578 2102 sicntpramiearat,
1590 2037 1773 2102 pactarum

1010 2104 1160 2160 Saracenis
1174 2105 1264 2159 ictam
1282 2107 1408 2173 frangat.
1430 2104 1624 2172 amalfitanos
1637 2120 1689 2175 per
1705 2105 1773 2175 lepa-

1011 2179 1073 2229 tam
1087 2191 1170 2230 sunm
1180 2190 1212 2228 ca
1222 2173 1255 2229 dc
1270 2190 1301 2228 rc
1311 2173 1479 2240 adanonitar,
1492 2176 1518 2229 ri
1525 2190 1632 2246 parere
1646 2175 1772 2246 aeglea·

1010 2245 1081 2309 rint,
1097 2244 1384 2300 excommunicandos
1399 2244 1556 2315 ripnificat.

1012 2368 1252 2423 Reverendissimo
1275 2376 1302 2422 et
1324 2370 1498 2423 sanctissimo
1522 2371 1693 2427 Armenta
1706 2368 1772 2439 apia

161 2463 284 2515 Grsrnro
317 2459 464 2514 venerabili
501 2461 593 2515 abbati
626 2462 784 2516 monasterii
826 2469 924 2516 sancta
973 2456 1242 2526 copoNeapolitanae
1256 2455 1397 2511 Ecclesiae.

124 2549 277 2603 Cluistinre.
1009 2544 1161 2599 sanctitatis
1176 2551 1275 2599 vestre
1289 2543 1462 2598 devotionem
1483 2559 1595 2613 semper
1610 2543 1643 2599 in,
1654 2543 1772 2603 orauibve

159 2637 324 2693 Arrctoritate
340 2646 441 2693 saneta
457 2638 529 2692 sedis
553 2639 710 2708 apostolicae
725 2647 777 2693 tuae
792 2654 922 2692 reveren·
973 2633 1045 2689 circa
1074 2633 1168 2687 sedem
1191 2631 1369 2702 apostolicam
1398 2639 1425 2686 et
1445 2639 1568 2686 nostram
1589 2632 1770 2703 paternitatem

123 2726 168 2781 tia
183 2726 377 2782 committimus
393 2734 421 2780 ut
444 2742 540 2780 curam
563 2727 733 2797 perspicuam
748 2735 773 2781 et
789 2726 922 2781 sollicitu—
973 2721 1107 2777 sinceram
1122 2728 1202 2791 atque
1222 2719 1385 2790 praeclaram
1408 2735 1470 2775 esse
1493 2721 1691 2792 cognovimns,
1706 2720 1771 2791 arat

123 2813 215 2867 dinem
230 2814 331 2868 habeas
346 2815 503 2868 monasterii
518 2815 623 2870 dilectae
636 2814 697 2869 filiae
713 2823 810 2869 nostra*
825 2815 923 2886 hugel—
972 2810 1054 2864 etiarn
1067 2817 1093 2864 et
1108 2809 1251 2879 praesentis
1265 2807 1409 2880 legationis
1423 2815 1522 2863 vestrae
1539 2817 1638 2864 tenere
1654 2809 1771 2880 inspecta

124 2901 216 2971 herga
239 2904 385 2974 Augusta,
412 2902 454 2955 siti
488 2902 516 2955 in
544 2903 650 2958 civitate
675 2903 825 2966 Placentia,
856 2902 924 2956 sicut
972 2897 1051 2952 nobis
1065 2905 1106 2951 est
1119 2897 1180 2952 luce
1195 2896 1295 2951 clarius
1314 2894 1498 2950 manifestum.
1525 2893 1714 2964 Quamobrem
1732 2895 1770 2955 bia

123 2989 237 3044 idoneus
252 2989 349 3045 Christi
366 2990 490 3044 minister
513 2998 538 3045 et
553 2991 647 3063 gregis
670 2991 779 3044 Domini
798 2990 923 3060 provisor
971 2986 1140 3055 apostolatus
1151 2984 1238 3040 nostri
1256 2983 1353 3038 litteris
1369 2982 1533 3054 multiplices
1548 2983 1670 3041 almitati
1680 2992 1769 3045 vestm

123 3077 248 3144 eximius,
265 3088 398 3150 quatenus
415 3080 564 3134 secundum
587 3079 710 3151 regulam
734 3078 921 3134 sanctiltenc-
938 3045 1073 3145 cgratias
1098 3073 1224 3145 agimus,
1253 3080 1368 3143 paterno
1397 3087 1445 3126 vos
1464 3069 1566 3127 affectu
1586 3079 1770 3133 monentes&

122 3166 188 3221 dicti
197 3166 259 3234 jure
269 3167 375 3223 abbatis
391 3183 450 3239 quae
460 3168 611 3222 ordinanda
622 3168 664 3223 vel
680 3167 849 3238 disponenda
860 3177 922 3221 sunt
968 3165 1045 3229 iuxta
1060 3161 1193 3215 indultum
1208 3160 1286 3215 vobis
1300 3158 1419 3215 Officium
1433 3159 1460 3213 in
1480 3159 1524 3213 his
1543 3176 1608 3230 <111ae
1626 3160 1679 3216 Dei
1701 3167 1767 3226 suut

122 3254 252 3324 disponas
268 3262 294 3310 et
309 3256 429 3321 ordines,
448 3263 473 3311 et
496 3272 557 3327 quae
573 3256 736 3328 corrigenda
750 3255 921 3327 perspexeris

121 3343 212 3397 subtili
236 3345 365 3399 duntaxat
389 3344 572 3417 indagatione,
597 3352 626 3398 ut
648 3344 767 3399 Domino
790 3344 920 3414 placeas,

121 3446 157 3486 ex
182 3433 451 3488 nostraauctoritate
476 3432 616 3504 corrigere
643 3448 785 3502 procures.
806 3432 873 3485 Data
890 3436 921 3487 nt

121 3519 218 3574 snpra.

422 3655 615 3710 CCLXXXVl.

121 3772 156 3813 an
176 3775 348 3825 enecantes,
368 3775 607 3816 rnnornrnxcrnrt
627 3775 661 3814 nr
681 3775 835 3825 musanen,
857 3773 918 3812 ere,

360 3869 453 3926 thnno
474 3869 524 3920 879
545 3866 586 3920 rel
607 3867 681 3934 880.)

122 3971 290 4025 Gratatatnr
318 3972 351 4026 dc
380 3975 498 4027 aittlorra
518 3976 618 4028 contra
637 3972 790 4027 Saracenos
818 3975 920 4040 parta,·

158 4042 281 4096 miratur
303 4058 356 4097 car
375 4045 491 4097 Roranam
513 4058 571 4098 nari
586 4044 715 4096 uenerint
730 4061 739 4096 :
754 4042 873 4096 maridat
888 4045 920 4097 at

156 4114 255 4166 contra
270 4114 424 4170 Sarracenos
440 4115 492 4169 citri
507 4114 618 4169 acedia
634 4114 760 4167 ueniant.

156 4217 267 4271 Dilectis
283 4217 349 4273 viris
365 4220 512 4274 Gnaeonro
527 4217 677 4289 spathario,
694 4218 919 4273 Tnnornrnacro

119 4307 269 4372 turmacho,
287 4315 369 4379 atque
385 4309 506 4363 lironem
519 4307 609 4363 comiti
625 4305 821 4378 imperialibus.

971 3257 998 3304 et
1011 3249 1143 3304 Ecclesiae
1165 3248 1264 3303 Christi
1285 3247 1368 3312 utilia,
1392 3255 1449 3302 toto
1469 3247 1617 3303 conamine
1640 3248 1767 3307 desudant

972 3353 1026 3392 non
1049 3336 1199 3391 desinatis:
1215 3352 1247 3391 ac
1271 3335 1340 3391 sicut
1363 3335 1442 3390 nobis
1463 3351 1513 3414 per
1535 3335 1646 3409 lagatos
1671 3344 1767 3399 ambas

971 3425 1132 3490 mandastis,
1158 3425 1231 3494 quod
1256 3423 1314 3478 sive
1338 3424 1468 3494 ruperint·
1485 3422 1643 3483 Amalliteni
1665 3432 1765 3496 paetus

971 3529 1033 3568 eum
1047 3513 1198 3574 Saracenis,
1216 3512 1272 3567 sire
1292 3527 1357 3576 non,
1374 3527 1423 3567 vos
1437 3511 1551 3567 omnino
1565 3510 1711 3585 frangetis,
1726 3525 1765 3568 rc

971 3602 1058 3656 lurnus
1083 3610 1110 3658 ut
1134 3601 1318 3656 indesinenter
1339 3600 1368 3653 id
1390 3615 1473 3672 agere
1498 3599 1642 3658 studeatis.
1664 3601 1764 3658 nima

971 3690 1082 3745 missum
1098 3688 1418 3753 nostrum,Dorninicu1n
1440 3687 1570 3744 videlicet
1589 3687 1762 3748 immites

971 3779 1138 3849 episcopum,
1155 3777 1218 3832 illuc
1231 3775 1391 3841 direximus,
1416 3791 1464 3831 eos
1477 3776 1667 3834 admonentes.
1680 3785 1761 3848 utne

972 3867 1069 3921 tienter
1085 3875 1208 3920 nostram
1223 3865 1251 3918 in
1265 3865 1317 3919 hoc
1332 3862 1474 3935 perticiant
1493 3863 1685 3921 voluntatem:
1699 3861 1760 3935 quit

972 3955 994 4008 si
1019 3954 1069 4024 ipsi
1091 3962 1212 4008 nostram
1236 3954 1263 4006 in
1286 3953 1338 4008 hoe
1361 3950 1461 4006 suerint
1483 3952 1655 4008 voluntatem
1678 3950 1757 4015 secuti,

971 4043 1121 4097 habeamus
1136 4057 1183 4097 eos
1198 4040 1345 4112 complices
1360 4048 1386 4094 et
1398 4039 1503 4095 amicos
1516 4059 1523 4106 ;
1534 4040 1578 4094 sin
1590 4050 1689 4106 autem,
1698 4038 1757 4094 relut

971 4139 1080 4185 exteros
1094 4130 1218 4185 inimicos
1233 4145 1286 4185 non
1303 4127 1391 4184 solum
1405 4127 1507 4182 visibili
1521 4129 1573 4184 sed
1588 4129 1668 4184 etiarn
1683 4125 1756 4182 inris'a

971 4219 1016 4272 hili
1031 4218 1121 4290 gladio
1135 4218 1239 4288 pariter
1253 4231 1458 4287 persequamur,
1478 4223 1507 4270 ut
1522 4224 1550 4271 et
1565 4233 1581 4271 a
1596 4217 1675 4271 nobis
1687 4223 1711 4270 et
1729 4211 1754 4267 ab

970 4306 1096 4361 omnihus
1111 4305 1269 4360 Christianis
1282 4312 1415 4375 perpetuo
1431 4302 1509 4376 digni
1534 4303 1752 4360 odiohabeautur.

153 4403 303 4459 Audientes
317 4421 366 4460 vos
381 4422 430 4476 per
444 4405 494 4460 Dei
504 4405 643 4470 cranihom,
661 4413 686 4458 et
702 4404 851 4459 secundum
867 4393 1035 4473 spi-DNam
1051 4404 1078 4450 el
1093 4411 1143 4465 per
1156 4394 1295 4464 praesaltlm
1312 4393 1424 4448 missum
1448 4399 1576 4448 nostrum
1599 4390 1754 4448 D⁰¹1151¹i⁰¹¹ffl

118 4491 205 4545 ritalis
220 4491 268 4547 filii
294 4488 380 4548 nostri
406 4494 575 4564 imperatoris
591 4493 755 4547 voluntatem
778 4491 918 4562 Neapolim

118 4579 226 4635 venisse
255 4597 287 4637 ac
316 4581 514 4636 multitudinem
542 4580 740 4635 Saracenorum
768 4579 805 4632 ihi
825 4579 918 4634 consi-

118 4669 242 4724 stendem
251 4671 354 4740 potenti
363 4670 475 4725 brachio
487 4685 643 4740 superasse,
652 4668 714 4737 ,laeti
725 4684 819 4722 sumus
830 4666 919 4722 effecti

119 4763 145 4809 et
161 4759 251 4811 statim
264 4759 370 4814 debitas
392 4758 570 4829 omnipotenti
595 4756 712 4812 Domino
736 4757 836 4827 gratias
855 4745 917 4828 egi-

118 4860 179 4898 mus
195 4861 275 4916 super
289 4847 401 4903 victoria
416 4855 509 4902 vestra
522 4854 548 4901 et
558 4845 730 4900 inimicorum
744 4843 915 4899 contritione.

118 4932 172 4987 Sed
192 4934 288 4989 iterum
312 4936 402 4991 mirati
425 4952 517 4989 sumus
543 4935 605 5006 quia
629 4936 743 4989 Romam
759 4933 850 4987 venire
864 4947 916 4987 no-

117 5028 257 5095 stramque
272 5025 448 5095 apostolicam
460 5023 619 5095 neglexistis
628 5022 721 5077 ridere
732 5020 914 5092 praesentiam,

117 5119 143 5163 ut
160 5128 209 5181 pro
221 5114 303 5167 vestri
317 5113 419 5167 laboris
442 5113 589 5168 certamine
602 5111 779 5181 multiplicem
801 5110 915 5182 gratiam

118 5207 143 5250 et
160 5200 376 5257 benedictionem
392 5217 408 5256 a
423 5200 501 5254 nobis
517 5209 543 5254 et
558 5217 573 5253 a
589 5201 653 5255 sede
669 5198 818 5270 apostolica
833 5214 916 5267 super

118 5301 167 5339 vos
182 5290 339 5359 reciperetis
349 5289 475 5354 ellusam,
486 5296 620 5361 quatenus
631 5295 787 5342 sanctorum
802 5294 915 5357 aposto-

119 5371 209 5430 lorum
232 5377 301 5433 l‘etri
327 5387 352 5434 et
377 5378 452 5433 Pauli
476 5376 644 5432 orationihus
669 5375 762 5444 adjuti,
787 5375 915 5446 omnique

119 5465 229 5534 spiritali
246 5467 433 5522 benedictione
449 5466 555 5530 muniti,
580 5473 672 5521 contra
695 5463 805 5519 eosdem
820 5463 914 5533 perdi·

969 4483 1137 4553 episcopum,
1162 4498 1209 4537 eos
1233 4480 1366 4537 obaudire
1403 4480 1528 4536 nolentes
1564 4478 1753 4552 presentialiter

968 4570 1203 4625 excommunicare
1233 4569 1417 4640 precipimus,
1447 4584 1481 4623 ac
1509 4568 1685 4638 postmodum
1714 4577 1752 4620 not

967 4659 1019 4729 ipsi
1043 4659 1126 4730 (ligno
1149 4659 1320 4713 anathemate
1343 4657 1483 4712 feriemus.
1509 4656 1566 4712 Vos
1586 4655 1670 4728 igitur
1683 4660 1752 4711 estete

967 4747 1119 4815 nobiscum,
1136 4756 1162 4801 et
1176 4755 1282 4817 pactum
1297 4745 1421 4816 iniquum
1445 4744 1614 4815 corrumpite
1630 4762 1638 4798 :
1660 4742 1751 4815 quiret

967 4852 1017 4890 nos
1031 4835 1171 4890 vobiscum
1187 4835 1215 4889 in
1230 4834 1355 4889 omnibus
1370 4833 1483 4898 erimus,
1500 4840 1527 4887 et
1543 4832 1619 4904 quod
1629 4833 1685 4901 jam
1698 4830 1751 4885 dare

966 4924 1165 4994 promissimus,
1179 4923 1324 4977 auxiliante
1333 4921 1461 4990 Domino,
1475 4920 1557 4975 annis
1568 4913 1749 4993 singulisrabit

966 5013 1062 5083 procul
1095 5011 1177 5066 dubia
1203 5012 1376 5078 tribuemus;
1406 5009 1471 5080 quia
1498 5009 1522 5063 si
1538 5023 1589 5065 ros
1611 5007 1684 5064 loedu
1703 5016 1750 5060 cun

967 5101 1110 5156 Saracenis
1132 5116 1187 5154 non
1205 5099 1361 5164 habueritis,
1386 5097 1433 5163 nil,
1456 5097 1575 5153 Domino
1597 5089 1750 5165 juventate

966 5187 1189 5243 amalfitanorum
1213 5187 1327 5258 perfidia
1351 5184 1527 5251 curabimus,
1554 5201 1626 5257 quos
1644 5181 1750 5239 ridelicet

965 5278 1056 5350 gladio
1071 5277 1219 5348 poterimus
1234 5275 1347 5347 spiritali
1369 5273 1499 5346 persequi
1522 5281 1551 5328 et
1573 5272 1654 5330 facile
1676 5265 1749 5327 tuui-

964 5365 1041 5420 liare.
1059 5365 1192 5435 Optamus
1208 5364 1377 5420 sanctitatem
1392 5369 1513 5419 vestram
1528 5360 1558 5416 in
1577 5361 1684 5417 Christo
1696 5358 1750 5412 mm

966 5463 1064 5517 valere.
