3794 6104
54 226 109 281 'lbi
665 213 843 274 EPISTOLAE
871 215 916 272 ΕΤ
944 216 1117 276 DECRETA.
1660 221 1715 278 '102

61 346 202 419 fragante,
226 343 364 416 predictae
391 342 532 409 Ecclesia,
562 342 606 399 cui
633 341 790 397 fraternitas
818 347 863 396 tua
878 340 1109 401 Araleamus.'ls
1123 358 1188 399 vero
1203 343 1249 414 qui
1265 343 1357 399 aalide
1380 342 1538 399 infirmitate
1567 343 1611 399 vel
1634 359 1716 399 sene-

66 449 191 505 prseesse
204 432 384 504 dignoscitur,
401 448 474 501 saepe
487 439 665 486 memoratam
679 429 782 495 villam,
799 428 868 485 sicut
920 436 993 485 ctute
1007 439 1147 500 gravatur,
1164 431 1188 485 si
1203 431 1259 486 ullo
1275 432 1357 487 modo
1367 432 1527 488 venirenon
1537 439 1637 503 potest,
1647 431 1717 487 rica-

62 521 213 593 antiquitus
234 520 293 589 fuit,
320 520 412 576 denuo
441 517 644 583 confirmamus,
668 525 698 572 ut
721 517 772 573 hoc
795 517 868 588 quod
919 517 987 571 rium
1004 533 1055 588 pro
1070 534 1099 573 se
1114 526 1254 574 strenuum
1270 519 1367 574 mittat.
1385 519 1433 575 llle
1448 519 1571 591 veroqui
1589 518 1719 574 Constan-

59 625 140 665 suum
156 607 253 673 fuerat,
280 615 306 663 et
335 607 470 662 redditum
494 622 566 662 nunc
590 606 741 676 possident,
770 605 869 660 debeat
920 604 1061 675 tinopolim
1075 606 1115 661 ire
1130 605 1258 670 refertur,
1276 606 1299 660 si
1322 607 1441 661 noudum
1465 607 1542 674 abiit,
1566 621 1618 663 nec
1641 605 1718 661 abire

58 697 119 752 sine
134 695 306 751 cunctatione
320 694 460 765 perpetuis
478 692 644 764 temporibus
659 693 801 764 possidere
822 690 865 748 vel
918 692 958 747 cis
974 692 1151 748 Februarium
1167 710 1290 750 mensem
1305 702 1439 764 speretur,
1456 696 1490 749 ab
1505 694 1555 750 hac
1577 693 1718 750 communi

61 784 216 849 adhaerere,
232 782 313 852 htrjus
328 782 468 854 privilegii
492 781 653 837 auctoritate
676 779 869 836 consumentes
895 803 896 808 ¹
918 778 1032 834 utilitate
1047 781 1122 836 nullo
1136 782 1218 837 modo
1234 798 1263 837 se
1278 781 1437 847 subtrahat,
1454 782 1503 837 sed
1527 781 1642 836 veniens
1665 796 1716 837 ve-

61 871 230 927 antedictsm
245 870 338 926 villam
353 870 382 924 in
396 869 509 940 praefato
524 869 665 940 episcopio
677 869 868 925 constituimus
917 867 982 933 aiat,
998 874 1027 922 ut
1041 870 1115 922 omui
1130 869 1216 941 litigio
1230 870 1385 934 terminato,
1401 869 1429 922 in
1442 869 1567 924 Ecclesia
1589 868 1640 924 Dei
1661 883 1717 924 nou

62 960 138 1030 quod
152 959 180 1013 in
194 958 315 1027 ejusdem
329 957 461 1028 episcopii
476 957 611 1026 Ecclesia,
637 957 672 1012 de
697 973 748 1028 qua
777 957 868 1012 ablate
918 955 970 1009 nisi
985 971 1038 1026 pax
1062 964 1088 1011 et
1113 957 1292 1028 tranquillitas
1314 964 1473 1028 perseveret
1501 956 1632 1026 Optamus
1652 956 1716 1027 glo-

59 1045 161 1113 fuernt,
179 1061 252 1101 nunc
266 1044 376 1100 reddita
389 1045 418 1099 in
430 1045 517 1115 ipsius
532 1044 643 1099 domino
659 1044 718 1099 sine
733 1044 868 1116 ambigui·
917 1042 986 1097 riam
1001 1052 1074 1097 tuam
1089 1060 1198 1114 semper
1213 1045 1283 1099 bene
1298 1045 1400 1110 valere,
1417 1046 1485 1100 Data
1502 1059 1550 1099 vsu
1577 1043 1716 1100 Kalendas

60 1142 115 1190 tate
130 1140 299 1204 permaneat.
316 1133 376 1188 Nou
400 1131 489 1187 solum
519 1139 612 1187 autem
640 1132 737 1187 crebro
766 1131 866 1187 dictam
917 1131 1087 1198 Decembris,
1103 1131 1250 1187 indictione
1265 1132 1381 1188 decima.

58 1221 165 1286 villam,
182 1220 273 1275 sedet
301 1234 397 1275 omnes
426 1234 487 1290 quae
518 1219 642 1287 eiusdem
666 1218 797 1275 Ecclesiae
823 1220 866 1274 vel
1264 1232 1366 1288 xm,

61 1309 145 1364 modo
162 1315 226 1363 sunt
240 1306 285 1362 vel
297 1306 396 1362 futurae
410 1307 571 1373 consistunt,
583 1306 611 1360 in
620 1306 717 1361 eodem
728 1306 867 1376 episcopio
1059 1315 1096 1355 tu
1110 1315 1230 1357 rssttcatt
1245 1317 1281 1357 ιτ
1291 1317 1402 1359 aurnuns
1411 1316 1569 1360 artscoros.

61 1395 259 1454 confirmamus
282 1394 433 1458 habendas,
459 1401 608 1449 statuentes
627 1392 777 1465 pontificali
799 1409 868 1450 cen·
1219 1386 1310 1455 (duno
1332 1387 1406 1455 stt.)

64 1499 140 1550 sura,
154 1483 206 1538 sub
216 1481 407 1538 interdictione
422 1481 602 1537 anathematis
610 1480 747 1552 futurique
762 1481 867 1550 judieii,
918 1471 1005 1527 Felici
1015 1475 1043 1527 ei
1053 1474 1137 1528 Petro
1155 1475 1245 1529 sacris
1268 1475 1417 1530 interdicit
1427 1474 1459 1530 ob
1479 1490 1538 1531 nort
1557 1475 1717 1532 exhibitum

62 1571 132 1627 nuni
147 1571 232 1626 ΗΜΘ
245 1571 303 1626 haec
317 1585 378 1641 que
401 1585 416 1623 a
437 1569 516 1625 nobis
535 1577 591 1623 ,am
615 1583 698 1639 supe,
717 1570 775 1638 jam
795 1568 868 1624 dict,
955 1542 1112 1598 Graeciensi
1124 1544 1332 1616 archiepiscopo
1351 1544 1512 1617 obsequium
1528 1563 1535 1609 ;
1554 1560 1651 1618 eosque
1668 1547 1718 1602 aab

61 1659 127 1715 villa
139 1673 225 1730 ᾳιιιιιιι
234 1673 318 1729 super
327 1657 454 1712 omnibus
461 1657 545 1713 rebus
555 1657 590 1711 ab
599 1657 722 1712 eamdem
733 1655 777 1712 uel
787 1656 863 1711 habi-
877 1686 905 1748 Β
953 1615 1719 1756 ,ffffmfflnffamwfflssss'gassicssffffim

61 1749 96 1803 tis
111 1746 157 1802 vel
172 1745 492 1816 habendispromulgata
507 1751 578 1809 sunt,
602 1744 693 1814 aliqua
714 1743 863 1799 temeritate
947 1753 1037 1823 jubet,

62 1834 170 1890 violare
185 1832 230 1888 vel
243 1832 406 1888 conturbare
417 1839 462 1887 aut
477 1839 617 1902 repeterc3
633 1830 682 1886 sed
697 1831 787 1901 potius
811 1839 864 1885 sta-
947 1840 1075 1893 Jogms
1091 1839 1183 1895 Fauor
1199 1847 1226 1895 et
1255 1841 1348 1896 peno
1378 1841 1515 1913 episcopis
1547 1843 1718 1900 mandam.

62 1922 168 1977 bilitate
183 1919 299 1991 perenui
312 1919 471 1975 inconuulsa
485 1934 646 1990 permanere
661 1918 688 1973 in
700 1918 798 1975 eodem
819 1919 864 1990 pio
914 1926 989 1982 censi
1003 1934 1030 1981 et
1045 1926 1195 1998 Equilensi.

59 2009 122 2066 loco
137 2008 324 2064 decernimus.
343 2007 423 2077 Quod
438 2007 461 2062 si
476 2006 536 2078 quis
552 2014 653 2072 autem,
681 2022 797 2078 magnus
821 2007 864 2063 vel
949 2013 1036 2082 Quam
1050 2013 1153 2087 ingrati
1167 2023 1195 2070 et
1210 2002 1350 2071 inhumani
1365 2015 1473 2071 fueritis
1488 2033 1555 2090 erga
1583 2033 1717 2076 reueren-

61 2112 175 2168 patrus,
192 2095 325 2151 adversus
336 2094 388 2151 hoc
401 2094 573 2165 privilegium
583 2094 743 2150 auctoritate
758 2102 865 2164 aposto·
914 2101 978 2156 dum
992 2100 1103 2157 fratrem
1117 2111 1241 2157 nostrum
1269 2104 1380 2159 Petrum
1408 2105 1541 2161 Ecclesiae
1568 2105 1718 2163 Gradensis

61 2185 122 2241 licre
137 2183 214 2240 aedis
226 2183 360 2238 munitum
370 2197 454 2252 agere
464 2181 618 2248 tentaverit,
633 2182 700 2237 sciat
710 2198 740 2237 se
751 2182 864 2253 perenni
913 2189 1070 2255 antistitem,
1087 2189 1116 2245 in
1130 2191 1182 2246 hoc
1196 2191 1318 2247 maxime
1333 2192 1414 2248 datur
1427 2192 1553 2266 intelligi,
1569 2193 1596 2248 in
1607 2209 1661 2266 quo
1672 2193 1718 2250 illc

58 2272 165 2342 iudicio
181 2270 419 2327 condemnandum
435 2279 461 2324 et
474 2270 532 2342 igni
546 2270 593 2341 qui
607 2285 662 2324 non
684 2270 865 2342 exstinguitur
914 2292 964 2347 pro
979 2277 1086 2348 legibus
1115 2279 1237 2349 paternis
1264 2279 1413 2335 incolatum
1442 2281 1586 2352 arripiens,
1615 2281 1719 2337 nullum

60 2359 284 2430 mancipandum·
301 2357 355 2426 Qui
368 2372 435 2413 tero
449 2365 542 2413 custos
557 2365 584 2413 et
598 2365 776 2413 conservator
803 2359 862 2426 ejus
914 2371 1035 2420 vestrum
1049 2366 1178 2421 comitem
1194 2382 1250 2422 suae
1270 2368 1500 2441 peregrinationis
1524 2369 1626 2425 habere
1653 2384 1717 2440 pro·

63 2446 209 2512 emiterii,
226 2445 335 2502 memb
358 2445 467 2518 studiis
493 2443 658 2516 Perfruitur,
688 2452 715 2501 ei
742 2445 862 2517 praemiis
914 2452 1011 2508 meruit
1025 2471 1032 2519 ;
1047 2454 1198 2525 praesertim
1217 2471 1278 2511 curn
1292 2455 1327 2510 ad
1350 2456 1446 2512 limina
1468 2457 1503 2512 sit
1529 2457 1715 2529 apostolomm

64 2550 128 2590 oum
143 2533 250 2606 angelis
264 2532 292 2588 iu
312 2532 466 2589 coelestibus
492 2533 619 2603 potiatur·
649 2532 784 2603 Scriptum
811 2549 863 2604 per
914 2539 1062 2611 profectus,
1079 2542 1227 2614 sedemque
1240 2543 1348 2610 adierit,
1365 2544 1411 2599 ubi
1435 2560 1547 2616 semper
1574 2545 1717 2602 catholicis

62 2637 161 2677 manns
175 2620 303 2693 Gregorii
317 2620 416 2675 notorii
430 2619 579 2692 regionarii
593 2627 620 2675 et
641 2620 773 2676 scriniarii
797 2636 862 2676 san·
914 2629 1083 2697 subvenitur,
1100 2638 1126 2685 et
1140 2630 1188 2686 ubi
1201 2630 1313 2702 plurimi
1322 2639 1481 2688 sanctorum
1492 2632 1617 2702 injuriam
1629 2632 1715 2704 passi,

61 2709 250 2766 ctaeltornanae
259 2707 423 2764 Ecclesiaein
432 2723 528 2763 mense
536 2707 709 2778 Novembris,
717 2707 864 2765 indictione
914 2724 1030 2788 petram,
1047 2732 1131 2789 aqua
1147 2719 1241 2773 Petms
1256 2735 1356 2775 nomen
1371 2720 1484 2776 sortitus
1504 2729 1555 2787 est,
1579 2720 1717 2794 refugium

60 2797 179 2854 decimo.
196 2798 268 2852 Bene
289 2796 385 2853 valete.
916 2803 1090 2860 inuenerunt.
1101 2805 1230 2862 Additum
1240 2814 1331 2862 autern
1341 2816 1383 2862 est
1400 2807 1463 2864 huic
1477 2807 1527 2874 rei,
1545 2809 1636 2879 quoad
1656 2825 1717 2864 ma-

402 2893 450 2948 XL
460 2893 530 2949 Vlll.
914 2891 984 2961 ioris
997 2895 1176 2950 contumacia
1190 2902 1290 2949 vestrae
1304 2894 1441 2950 cumulum
1460 2895 1715 2965 demonstrandum,

222 2995 259 3036 an
273 2995 366 3037 ussus
380 2995 474 3037 nucars
488 2994 678 3038 veranianus.
916 2979 978 3051 quia
992 2979 1097 3036 scilicet
1111 2996 1166 3037 non
1180 2980 1269 3038 solum
1283 2996 1346 3039 cum
1360 2982 1407 3039 illo
1434 2991 1539 3040 stantes
1566 2985 1717 3042 secuudum

364 3069 456 3141 (duno
484 3070 559 3140 876.)
879 3031 1083 3138 Cprophetam,
1102 3069 1264 3126 lbnimccc
1273 3071 1388 3128 adverso
1399 3073 1578 3140 ascendistis,
1591 3078 1621 3129 ct
1639 3089 1718 3146 oppo-

63 3159 204 3214 Grtttiasu
223 3155 582 3230 itcuodupostolicoesedis
591 3157 710 3214 monitis
731 3160 863 3229 paruerit
913 3157 1013 3211 scistis
1020 3173 1137 3213 murum
1147 3173 1199 3228 pro
1213 3159 1293 3214 domo
1307 3160 1421 3215 Domini
1435 3159 1546 3230 (Bacch.
1570 3160 1644 3231 xtu),
1666 3161 1715 3217 sed

211 3227 336 3299 ΡῐῐθθΡθ*
344 3229 380 3284 ‘id
389 3227 527 3300 ‘mitidum
541 3230 638 3283 veniri
645 3228 736 3299 jum·
914 3244 993 3316 quasi
1008 3243 1135 3311 rebelles,
1151 3253 1229 3315 rupto
1242 3245 1429 3301 unanimitatis
1443 3246 1548 3303 foedere
1577 3248 1713 3304 transistis
1770 3318 1772 3323 ,

95 3335 226 3388 losanae
239 3331 362 3405 glorioso
376 3333 439 3388 duci
460 3332 645 3389 venetiarum.
912 3331 946 3387 sd
961 3332 1072 3398 hostes3
1089 3340 1115 3387 et
1130 3346 1192 3387 cum
1207 3348 1263 3387 non
1288 3332 1346 3387 sitis
1361 3348 1424 3389 cum
1437 3333 1493 3401 illo,
1510 3333 1576 3390 facti
1589 3334 1712 3405 profecto

96 3421 208 3477 Gratias
223 3420 319 3492 gloriae
332 3429 386 3476 tuae
399 3435 450 3492 pro
459 3420 579 3494 benigna
594 3421 737 3478 devotione
751 3429 796 3476 tua
817 3437 862 3477 re·
911 3419 978 3475 estis
992 3418 1124 3476 aduersus
1133 3419 1219 3486 illurn,
1230 3420 1300 3477 sicut
1309 3421 1442 3476 Dominus
1452 3421 1507 3476 ait:
1523 3423 1575 3490 Qui
1587 3439 1645 3479 ιιοιι
1671 3429 1713 3480 ast

60 3509 184 3575 ferimus,
200 3523 284 3581 quam
297 3523 353 3564 non
367 3509 456 3565 solum
481 3509 583 3578 verbis,
613 3510 662 3566 sed
684 3517 710 3565 et
735 3510 863 3581 operibus
912 3523 1032 3575 mecum,
1044 3511 1145 3564 contra
1155 3524 1200 3564 mc
1210 3509 1363 3578 esttllatth
1377 3511 1430 3581 xri)
1448 3527 1454 3565 :
1471 3510 1499 3565 in
1513 3526 1566 3582 quo
1582 3519 1609 3568 et
1623 3511 1713 3583 ipsam

60 3614 128 3673 erga
142 3613 194 3653 nos
209 3597 331 3653 studiose
345 3597 477 3665 declaras,
493 3605 521 3653 et
535 3597 695 3670 frequenter
709 3598 831 3654 ostendis
853 3615 861 3653 :
912 3594 1059 3650 bestiarum
1070 3596 1278 3651 transcendistis
1286 3597 1427 3663 saevitiam,
1436 3598 1645 3668 parricidalibus
1660 3600 1713 3655 ad·

61 3687 165 3742 ntideo
180 3701 232 3742 nos
246 3692 359 3757 paterno
374 3686 447 3743 circa
461 3693 487 3742 te
501 3687 654 3743 detinemur
668 3686 785 3754 affectu,
801 3685 862 3741 etin
913 3698 1009 3738 uersus
1023 3699 1083 3739 cum
1098 3690 1205 3739 utentes
1220 3684 1360 3750 consiliis;
1381 3700 1432 3756 pro
1460 3686 1557 3758 quibus
1586 3687 1713 3744 omnibus

60 3774 101 3828 his
116 3790 181 3846 quae
193 3772 230 3829 ad
243 3781 317 3829 tuam
332 3781 492 3846 tuorumque
506 3776 643 3846 pertinere
669 3789 702 3831 ac
729 3774 862 3846 prodesse
913 3770 1086 3842 apostolatus
1099 3773 1186 3828 nostri
1202 3787 1252 3829 vos
1266 3773 1380 3830 ltomam
1396 3789 1552 3840 occurrere,
1569 3782 1596 3831 et
1610 3775 1716 3847 probis

60 3862 206 3917 utilitatem
220 3861 421 3934 cognoscimus,
437 3864 557 3934 prompti
572 3870 600 3919 et
614 3862 727 3934 benigni
754 3877 864 3932 semper
912 3867 939 3914 et
952 3859 1012 3914 aliis
1039 3875 1100 3931 quae
1127 3860 1289 3933 corrigenda
1317 3862 1453 3930 duximus,
1469 3861 1637 3933 satisfacere,
1655 3879 1710 3921 non

61 3965 123 4006 asae
138 3949 306 4014 curabimus,
323 3949 361 4005 ita
381 3957 410 4004 ut
433 3950 532 4006 divinis
555 3951 701 4022 praeceptis
721 3950 863 4021 sacrisque
913 3947 998 4003 semel
1013 3948 1137 4018 apicibus
1151 3949 1377 4020 commonuimus,
1393 3949 1443 4006 sed
1458 3951 1552 4008 venire
1581 3951 1713 4008 hactenus

60 4037 215 4094 canonibus
229 4037 362 4107 impedire
376 4038 552 4094 intentionem
564 4046 591 4094 et
620 4038 787 4095 sanctionem
810 4052 862 4093 no·
912 4036 1001 4091 modis
1016 4036 1143 4091 omnibus
1156 4038 1369 4109 contempsistis.
1377 4038 1550 4111 Quapropter
1558 4055 1633 4096 vose
1653 4057 1715 4097 san·

60 4134 145 4180 stram
159 4139 299 4197 nunquam
313 4126 488 4192 consentias;
504 4127 553 4182 sed
568 4141 632 4182 curn
652 4126 700 4181 tibi
721 4127 756 4182 de
779 4125 863 4182 rebus
913 4125 964 4180 ctis
978 4124 1114 4196 mysteriis
1128 4124 1235 4180 interim
1248 4127 1422 4182 celebrandis
1435 4128 1599 4184 auctoritate
1615 4129 1714 4185 summi

60 4210 256 4270 ecclesiasticis
270 4212 418 4286 quidquam
446 4213 621 4287 injungimus,
652 4215 722 4271 sicut
749 4214 863 4270 devotus
913 4212 1030 4283 pastoris
1044 4213 1307 4281 arcemus,jubentes
1322 4220 1351 4268 ut
1367 4214 1459 4269 ldibus
1476 4214 1713 4272 Februariisistius

60 4299 132 4357 ilius
146 4316 200 4356 nos
214 4301 355 4367 obaudias,
372 4309 398 4357 et
413 4302 565 4373 adimplere
576 4318 638 4374 quae
652 4302 795 4375 dirigimus
805 4301 863 4356 ala·
913 4300 1077 4368 indictionis,
1094 4300 1118 4353 si
1132 4300 1245 4366 adestis,
1260 4300 1304 4354 vel
1318 4300 1427 4355 sidurae
1450 4300 1614 4357 infirmitatis
1640 4318 1712 4374 pon-

60 4390 115 4446 crir
130 4404 242 4460 semper
255 4389 347 4445 animo
370 4390 491 4460 studeas,
516 4390 644 4461 quoniam
669 4405 721 4445 nos
740 4397 815 4444 tanto
835 4377 979 4445 inDdere
994 4401 1048 4441 nou
1063 4387 1223 4458 paramini,
1254 4388 1359 4457 synodo
1387 4395 1489 4443 nostrae
1517 4388 1610 4444 hornae
1638 4389 1713 4444 cele·

60 4478 151 4533 causis
166 4477 230 4544 tuis,
247 4484 273 4532 et
287 4477 333 4533 ubi
348 4477 397 4533 tibi
410 4477 596 4549 opportunitas
611 4477 734 4534 fortassis
757 4492 857 4533 evene·
915 4474 1026 4528 brandae
1036 4473 1169 4530 interesse
1181 4473 1401 4530 inexcusabiliter
1412 4475 1552 4531 maturetis
1561 4493 1569 4542 3
1578 4483 1712 4547 quatenus

60 4566 102 4632 rit,
120 4568 306 4638 promptiores
319 4573 408 4622 tecum
424 4581 478 4621 non
493 4581 557 4623 esse
571 4581 604 4622 ac
617 4567 793 4639 benigniores
812 4565 856 4620 in·
912 4569 938 4617 et
952 4561 986 4615 ab
1001 4561 1116 4629 objectis
1141 4562 1304 4633 purgemini,
1321 4569 1347 4618 te
1367 4577 1385 4617 a
1411 4563 1510 4633 capite,
1538 4570 1592 4617 tarn
1608 4562 1711 4620 scilicet

58 4654 162 4720 venies,
182 4660 282 4725 quanto
296 4660 322 4709 te
336 4668 387 4709 nos
414 4653 525 4709 nollea
554 4655 690 4709 mandatis
703 4655 753 4709 Dei
766 4653 857 4724 aliquo
905 4649 1057 4720 apostolica
1085 4649 1151 4706 sede
1166 4665 1248 4720 qusrn
1263 4650 1471 4722 metropolitano
1485 4658 1577 4707 restro
1591 4650 1620 4707 in
1635 4650 1710 4708 nullo

58 4742 142 4797 modo
167 4748 290 4797 avertere
315 4741 485 4797 manifestius
505 4742 664 4797 viderimus.
697 4743 766 4797 Nam
797 4741 856 4811 tibi,
909 4738 1067 4793 dividamini
1083 4756 1090 4793 ι
1108 4739 1641 4810 Nc,quodabsit,circumveniaminia
1660 4742 1711 4798 Su·
1795 4787 1797 4791 .

56 4828 229 4897 charissime,
259 4836 387 4900 tanquam
420 4828 544 4884 familiari
570 4839 664 4884 nostro
694 4829 859 4886 familiariter
911 4831 991 4893 tona,
1007 4827 1052 4898 qui
1065 4826 1191 4883 videlicet
1201 4843 1309 4899 semper
1318 4828 1490 4884 dissensione
1500 4829 1713 4900 gaudetsmem·

57 4916 294 4991 scribimus,¹quia
308 4917 409 4972 nullius
421 4917 541 4973 mortalis
564 4934 684 4974 amorem
699 4933 859 4990 preponere
909 4915 955 4970 bra
972 4916 1073 4987 quippe
1089 4932 1150 4987 quae
1163 4915 1242 4986 capiti
1258 4931 1313 4970 non
1326 4918 1439 4985 haerent,
1450 4916 1520 4972 inter
1535 4917 1705 4973 mortuade-

55 5005 107 5068 liei
121 5005 235 5074 justitiae
250 5020 407 5075 possumus,
422 5005 468 5077 qui
483 5005 608 5061 nimirum
623 5007 803 5077 Evangelium
817 5006 859 5061 le·
909 5004 1142 5074 putantur;sicuti
1156 5002 1251 5074 procul
1266 5001 1349 5057 dubio
1359 5019 1418 5071 vos,
1434 5004 1480 5074 qui
1492 5005 1709 5076 necapostolicte

53 5094 160 5167 minus,
175 5093 272 5149 dicens
288 5109 295 5148 t
309 5093 362 5160 Qui
369 5098 449 5149 emat
460 5097 572 5166 patrem
587 5099 639 5152 aut
658 5101 780 5150 matrem
794 5096 859 5166 plus
910 5090 995 5156 sedis,
1012 5107 1072 5162 quae
1087 5099 1128 5146 est
1143 5098 1222 5161 caput
1237 5090 1357 5146 omnium
1382 5090 1482 5145 Christi
1510 5091 1706 5159 Ecclesiamm

50 5191 143 5250 paam
153 5190 276 5240 memori
287 5179 383 5232 aime
393 5175 614 5246 dignusfflutth.
624 5176 665 5247 r).
679 5177 794 5232 Veniant
806 5177 859 5248 igi·
910 5178 1029 5234 decretis
1046 5178 1163 5245 haeretis,
1180 5192 1231 5232 nec
1246 5176 1354 5233 aflectui
1369 5179 1570 5250 metropolitani
1594 5179 1707 5250 proprii,

50 5273 99 5318 tur
114 5263 239 5333 episcopi
254 5263 288 5317 sd
304 5263 440 5334 synodum
455 5271 585 5331 nostram,
600 5271 638 5329 ut,
655 5265 722 5335 ipsis
731 5264 859 5320 nobisrei
912 5273 939 5320 et
951 5266 1059 5336 patroni
1073 5273 1154 5336 atque
1168 5264 1301 5337 magistri.
1317 5266 1377 5321 Jsm
1392 5281 1456 5322 vero
1471 5267 1493 5322 si
1509 5265 1600 5321 idibus
1614 5267 1710 5323 saltem

46 5351 199 5410 veritatem
214 5349 440 5424 significantibus,
462 5367 573 5406 causam
595 5351 685 5407 fratris
707 5360 734 5408 et
764 5353 861 5423 coepi·
911 5353 1065 5408 Februariis
1092 5367 1234 5408 occurrere
1276 5352 1471 5408 contumaciter
1497 5354 1705 5427 parvipenditis,

41 5439 131 5511 scopi
146 5438 235 5494 nostri
249 5439 321 5494 Petri
335 5439 390 5494 illis
405 5439 585 5511 presentibus
599 5439 705 5497 facilius
729 5439 861 5498 diffinire-
911 5440 1004 5497 tandiu
1018 5448 1104 5497 estote
1118 5440 1231 5516 posthac
1244 5440 1334 5497 omnis
1356 5440 1488 5506 Ecclesia
1513 5443 1703 5511 communione
