3794 6104
144 202 195 251 lilii]

753 186 992 246 brunichildi
1023 189 1193 245 ttllt'tttt't‘t.

107 327 113 337 “
143 337 206 373 cnm
225 319 337 390 reliquis
352 318 566 388 archiepiscopis
583 327 608 371 et
624 317 811 386 irretropolitis,
823 325 849 367 ct
864 313 947 366 inniti·
963 311 988 368 Λ
1036 314 1145 368 Simeon
1161 316 1304 386 episcopus
1322 317 1480 371 i'uudcnsis.

144 411 195 461 hus
213 407 402 463 sacerdotibus
416 406 721 481 Constantinopolitanae
738 402 879 463 Ecclesiae,
896 403 948 470 pri·

146 513 219 549 mrim
236 496 363 566 legantur
378 495 472 547 litterae
488 494 520 546 ad
536 493 726 563 imperatorem
742 491 846 555 missae,
864 499 889 546 et
905 491 947 542 in-

146 593 303 655 terrogetur
317 581 438 652 synodus
464 581 487 634 si
512 581 570 634 illas
593 581 705 651 recipit,
729 588 756 633 et
778 579 801 632 si
824 578 950 632 observat

146 671 380 740 testimoniaque
396 669 534 724 continent
555 669 650 722 litterm
673 668 749 738 ipsae.
776 665 880 734 Quibus
903 681 947 717 an-

146 759 303 823 nuentibus,
320 760 378 812 hnc
394 758 475 813 dicite
488 775 494 810 z
507 757 639 812 Dominus
656 764 749 811 noster
764 749 951 809 sanctissimus

145 864 229 918 papa,
246 847 367 902 omnium
381 846 567 902 Ecclesiarum
583 860 674 899 curam
689 860 810 916 gerens.
836 842 951 896 salutem

145 936 230 990 etiam
244 943 365 989 vestram
380 943 406 987 et
423 933 549 988 unionem
565 942 591 988 et
605 948 702 1004 pacem
717 947 881 1002 procurans,
898 929 951 982 mi·

145 1025 182 1076 sit
204 1040 255 1077 nos
281 1038 375 1076 serras
399 1038 464 1075 suos
488 1029 517 1074 ut
539 1021 679 1090 dispersos
702 1034 902 1091 congregemus
926 1025 952 1072 et

144 1112 315 1165 dissidentes
331 1109 527 1171 conciliemus,
551 1117 577 1162 et
600 1107 732 1163 Ecclesia
756 1105 952 1161 misericordia

146 1214 260 1252 manum
290 1198 483 1269 porrigamus,
508 1197 599 1266 lapsos
623 1196 779 1266 erigamus,
806 1202 834 1249 ut
857 1209 954 1248 ornnes

145 1302 203 1340 nno
228 1302 277 1340 ore
301 1284 488 1356 glorificemus
515 1284 621 1338 l‘atrem
644 1299 706 1338 cum
731 1283 797 1337 Filio
812 1289 838 1336 et
853 1281 953 1351 Spiritu

145 1382 254 1429 sancto.

1034 402 1152 457 turinnes
1169 404 1313 474 episcopus
1328 405 1502 459 Sinrinorum.

1035 489 1196 545 Benedictus
1212 492 1355 563 episcopus
1359 534 1412 546 .....

1036 577 1185 649 Gregorius
1201 580 1346 650 episcopus
1363 581 1443 635 Silrm
1458 581 1596 636 Candidas.

1036 665 1190 721 Bonitacius
1205 667 1350 738 opiscopus
1367 669 1551 724 bleranorum.

1035 753 1195 809 Theodorus
1210 756 1354 826 episcopus
1369 748 1557 811 Gallesiensis.

1038 841 1191 911 Stephanus
1207 843 1351 914 episcopus
1366 846 1529 915 Nepesinus.

1228 933 1385 1002 Presbyteri
1400 934 1570 988 cardinales.

983 1071 988 1084 ,
1038 1018 1193 1072 Germanus
1210 1020 1355 1089 presbyter
1377 1020 1443 1074 tituli
1468 1029 1624 1075 sanctorum
1647 1021 1757 1074 loannis
1773 1029 1800 1074 et

1003 1104 1087 1158 Pauli.

1039 1194 1133 1247 Petnrs
1146 1190 1288 1261 presbyter
1303 1191 1369 1243 tituli
1386 1191 1471 1245 sancti
1485 1191 1668 1262 Chrysogoni.

1039 1280 1200 1334 Benedictus
1215 1278 1359 1348 presbyter
1377 1277 1445 1331 tituli
1460 1279 1546 1333 sancti
1562 1280 1689 1334 Balbinae.

1039 1368 1175 1421 Adrianus
1189 1366 1333 1436 presbyter
1343 1365 1412 1419 tituli
1427 1366 1511 1421 sancti
1526 1367 1669 1422 Laurentii.

183 1463 335 1533 Sequentes
350 1477 470 1517 canones
487 1468 646 1515 nostrorum
661 1461 771 1514 Patrum
786 1458 913 1519 dicimus,
926 1455 956 1511 ut
1039 1456 1157 1510 loannes
1169 1453 1313 1524 presbyter
1327 1453 1395 1506 tituli
1411 1462 1511 1508 sanctae
1526 1454 1650 1510 Caecilia.

143 1555 209 1620 post
225 1550 328 1604 obitum
354 1549 438 1604 Photii
465 1547 630 1603 sanctissimi
652 1547 813 1617 patriarchas
835 1545 956 1600 nullusa

1249 1544 1366 1598 Diacom'
1385 1542 1556 1597 cardinales.

142 1637 361 1709 cirilidignitate
371 1636 698 1706 constantinopolitanam
710 1636 804 1689 sedem
814 1633 953 1698 ascendat,
969 1656 995 1714 Β
1041 1632 1140 1686 Paulus
1154 1631 1285 1685 diaconus
1301 1629 1460 1699 subscripsi.
1501 1700 1506 1708 .

145 1725 380 1796 quemadmodum
397 1724 478 1778 etiam
493 1724 589 1778 littera
604 1731 705 1778 nostrae
720 1731 862 1777 testantur.

184 1813 317 1867 Volumus
331 1813 411 1867 etiarn
427 1820 455 1866 ut
469 1828 559 1867 coram
575 1812 681 1882 synodo
695 1811 855 1881 praedictum
876 1812 948 1865 Pho·
1009 1870 1012 1875 .

144 1901 215 1955 tium
245 1901 445 1956 sanctissimum
475 1900 654 1970 patriarcham
685 1899 768 1954 oretis
800 1906 828 1953 ut
861 1914 949 1970 neque

145 1990 262 2060 pallium
277 1989 305 2042 in
320 1989 475 2061 bulgariam
490 1989 594 2056 mittat,
611 2005 700 2058 neque
720 1988 827 2042 ordinet
851 2003 949 2058 quem·

145 2095 230 2149 quarn
246 2078 273 2131 in
288 2078 345 2147 ipsa
361 2077 511 2148 provincia.
526 2077 554 2131 Si
570 2076 642 2131 enim
662 2077 720 2132 haec
742 2075 853 2141 iecerit,
875 2075 950 2144 juxta

149 2182 247 2220 sacros
263 2182 383 2221 canones
400 2165 474 2220 illum
490 2182 646 2238 arguemus.

105 2292 109 2305 ,
184 2263 196 2287 ³
219 2254 350 2307 l'olumus
365 2263 500 2324 praterea
524 2261 551 2307 ut
574 2269 667 2309 coram
691 2253 817 2308 universa
846 2252 951 2323 synodo

105 2346 109 2355 '
146 2343 350 2414 promulgetur,
368 2343 440 2413 qnod
456 2342 576 2413 synodus
590 2342 682 2396 habita
698 2343 830 2397 adversus
848 2340 951 2411 praedi-

148 2439 224 2486 ctum
237 2430 416 2500 patriarcham
432 2430 556 2484 Photium
574 2439 696 2500 tempore
712 2430 822 2484 hdriani
837 2429 951 2483 sanctis·

106 2526 109 2530 ’
147 2520 210 2572 simi
228 2533 306 2589 papas
318 2527 372 2572 tum
388 2519 480 2573 Rome
495 2527 551 2572 tum
568 2518 812 2588 Constantinopoli,
830 2534 863 2572 ex
879 2533 952 2572 nunc

106 2642 110 2675 3
147 2609 284 2662 habeatnr
298 2607 372 2662 nulla
386 2617 412 2661 et
428 2605 522 2668 irrita,
546 2615 572 2661 et
595 2624 649 2661 non
672 2615 866 2660 annumeretur
890 2622 951 2662 cum

147 2696 200 2750 alia
217 2704 310 2750 sancta
325 2696 439 2765 synodo.

185 2799 352 2856 bhdt'crtite
368 2809 395 2853 ut
409 2803 482 2868 juxta
509 2802 664 2855 ntandatum
688 2811 810 2856 nostrum
833 2801 869 2856 itu
892 2818 951 2855 anr-

147 2890 260 2954 buletis,
275 2906 361 2959 neque
373 2889 588 2943 mnneribusvos
598 2890 734 2958 corrumpi
747 2890 952 2960 sinatis-nequo

145 2976 365 3044 adulationibus,
382 2993 469 3046 nerpre
485 2976 565 3029 lirinis
590 2984 616 3029 ct
636 2977 787 3031 terroribus
810 2977 987 3067 declinetisC

146 3068 206 3119 sire
223 3066 258 3118 ad
268 3066 406 3119 dexteram
417 3064 475 3117 sive
485 3064 519 3118 ad
530 3063 678 3129 sinistram,
692 3066 741 3120 sed
757 3066 862 3138 regiam
880 3067 950 3119 viam

144 3153 288 3216 incedite,
314 3160 444 3223 tanquam
470 3152 600 3206 habentes
629 3152 718 3207 locum
742 3161 768 3208 et
790 3161 951 3223 potestatem

146 3250 283 3305 nostram,
296 3257 374 3311 qnam
386 3240 463 3294 robis
473 3247 586 3310 propter
596 3240 727 3295 Ecclesia
741 3257 838 3311 pacem
857 3258 952 3295 sumus

145 3328 290 3398 impertiti,
303 3336 331 3381 ut
340 3336 430 3382 vestro
441 3327 534 3382 labore
545 3335 571 3381 et
580 3327 721 3398 diligentia
736 3328 819 3400 digne
835 3329 951 3400 gratiam

146 3425 283 3474 nostram,
311 3424 337 3469 et
360 3414 517 3485 apostolica·
541 3415 614 3469 sedis
629 3414 793 3482 obtineatis,
811 3425 837 3470 et
851 3425 952 3471 nostrae

144 3503 351 3561 communionis
366 3504 425 3556 sitis
441 3504 572 3557 heoredes

145 3622 374 3691 subscriptiones
399 3621 590 3690 cpiscoporum
614 3621 662 3692 qui
686 3622 883 3691 interfuerunt
908 3624 954 3677 llo·

185 3706 280 3745 manaa
293 3690 409 3759 synodo.
427 3706 464 3744 cc
477 3706 531 3760 qua
545 3689 651 3761 prodiit
661 3693 910 3746 cornmanitariurn
925 3694 953 3746 et

184 3763 291 3816 littere
304 3762 386 3815 Petro
404 3761 493 3829 tepula
506 3759 590 3814 rlnloe.

181 3864 331 3921 Zacharias
350 3864 495 3934 episcopus
510 3863 641 3920 Ecclesiae
652 3865 803 3936 hrragninae
815 3874 841 3919 et
852 3865 952 3920 biblio-

142 3953 288 4010 thecarius
302 3952 459 4022 apostolicae
476 3953 548 4007 sedis
563 3952 590 4005 in
605 3952 659 4007 hic
674 3952 881 4007 commonitorio
904 3970 953 4023 pro

145 4042 307 4112 receptione
330 4040 418 4095 Photii
452 4039 615 4094 sanctissimi
650 4040 810 4110 patriarchae
845 4041 953 4110 propria

144 4146 233 4185 manu
251 4128 410 4198 subscripsi.

184 4235 319 4289 Martinus
344 4233 490 4304 opiscopus
517 4233 646 4287 Ecclesia
669 4233 829 4287 Narnicusis
853 4235 880 4288 in
902 4237 954 4291 hoc

1041 1721 1095 1774 Leo
1109 1719 1241 1774 diaconus
1257 1717 1415 1786 subscripsi.

1195 1820 1354 1872 annonario
1377 1820 1506 1859 sananim
1529 1820 1608 1859 nixu.

1036 1895 1156 1959 Audisti,
1182 1896 1277 1958 lector,
1302 1892 1516 1948 additamentum
1531 1893 1617 1948 Photii
1633 1894 1668 1949 dc
1682 1896 1802 1978 abroga-

1001 1968 1072 2021 tione
1088 1965 1195 2021 concilii
1210 1965 1370 2020 oecumenici
1386 1979 1434 2018 vin
1458 1964 1509 2019 sub
1530 1964 1652 2018 Adriano
1674 1966 1802 2034 pontitrce

1000 2037 1139 2102 celebrati,
1152 2037 1209 2106 jam
1224 2036 1350 2105 superius
1365 2034 1534 2104 apertissime
1551 2034 1724 2098 redargutum
1748 2035 1801 2089 tal·

1001 2107 1097 2172 sitatis,
1109 2123 1141 2161 ex
1153 2106 1271 2162 recitatis
1290 2105 1400 2161 loannis
1423 2122 1499 2175 papae
1522 2104 1580 2160 vltt
1596 2105 1728 2174 epistolis.
1745 2105 1800 2161 Sed

1001 2178 1138 2250 detegitur
1152 2177 1179 2230 in
1195 2177 1291 2232 eodem
1307 2175 1515 2231 commonitorio
1530 2175 1626 2231 eadem
1651 2176 1731 2229 etiam
1746 2176 1800 2230 im-

1000 2256 1113 2319 postura
1130 2264 1161 2302 ex
1177 2247 1237 2317 ipsa
1254 2247 1452 2317 subscriptione
1467 2246 1673 2316 episcoporum,
1691 2262 1745 2317 qua
1760 2248 1801 2318 (ut

1002 2335 1035 2375 cx
1050 2334 1133 2389 supra
1147 2318 1244 2389 positis
1260 2317 1388 2386 vidimus)
1399 2315 1559 2387 prolitentnr
1571 2332 1667 2373 omnes
1682 2333 1711 2371 se
1723 2333 1799 2373 com-

1001 2389 1146 2444 monitorio
1186 2406 1214 2444 ro
1232 2388 1317 2442 Pholii
1333 2387 1501 2442 restitutione
1521 2387 1705 2442 subscribere.
1722 2386 1801 2456 Quod

1003 2461 1025 2514 si
1041 2476 1072 2514 ex
1089 2406 1185 2530 synotbi
1200 2458 1335 2514 sententia
1349 2457 1459 2512 delinita
1474 2457 1569 2512 suisset
1579 2457 1717 2513 damnatio
1727 2474 1801 2514 oecu·

1002 2531 1115 2586 monicae
1129 2529 1225 2600 synodi
1244 2544 1292 2582 rm
1309 2529 1459 2598 eademque
1483 2528 1630 2583 commissa
1654 2528 1751 2598 legatis
1774 2529 1804 2583 in

1002 2602 1066 2655 dato
1085 2601 1138 2654 illis
1152 2599 1377 2665 commonitorio,
1397 2599 1527 2652 credibile
1551 2599 1642 2669 utique
1657 2607 1699 2652 est
1712 2599 1802 2670 magis

1002 2686 1062 2726 eam
1078 2670 1134 2724 suis
1150 2669 1393 2739 subscriptionibus
1416 2685 1593 2738 expressurus
1616 2669 1698 2722 inisse
1721 2686 1800 2741 quarn

1004 2742 1090 2795 Photii
1107 2740 1313 2795 restitutionem.

1319 2828 1482 2882 ccxttltt.

1004 2933 1039 2970 au
1064 2933 1186 2971 erronica
1210 2931 1406 2969 l’ltTlttaltClttll
1431 2930 1797 2972 cossrasrrsononrrnnuu.

1315 3010 1405 3058 thano
1421 3006 1495 3061 aton

1003 3096 1134 3151 Pltotiurn
1142 3093 1337 3166 patriarcham
1345 3093 1692 3165 Constantinopolitanum
1700 3097 1802 3151 consti·
1816 3132 1819 3137 »

1039 3168 1105 3229 tuit,
1114 3165 1262 3219 dummodo
1272 3166 1304 3218 in
1315 3165 1417 3287 synodo
1427 3165 1540 3230 ueniant
1555 3165 1696 3234 postulet,-
1707 3165 1802 3220 decer-

1037 3237 1082 3290 nit
1096 3252 1133 3289 nc
1150 3235 1281 3305 deinceps
1297 3235 1327 3287 ul
1340 3249 1398 3287 use
1414 3234 1496 3287 laicis
1512 3234 1544 3287 in
1561 3233 1657 3288 enitent
1676 3236 1801 3290 Ecclesia

1037 3308 1137 3360 rtatim
1152 3306 1295 3375 episcopus
1320 3302 1496 3358 ordinetur:
1517 3304 1598 3373 yubet
1623 3304 1801 3374 bulgaricam

1037 3376 1178 3430 dicresim
1194 3374 1324 3428 Ecclesire
1341 3375 1472 3428 Romanae
1486 3375 1610 3427 restitui.

1039 3464 1142 3516 l'norro
1157 3461 1318 3531 patriarchae
1332 3459 1637 3530 Constantinopolitano.

1038 3559 1048 3582 ⁰
1063 3549 1236 3619 Experientia
1250 3557 1302 3602 tuae
1316 3548 1467 3618 prudentias
1482 3548 1579 3602 litteris
1593 3548 1731 3618 pontilicio
1747 3567 1799 3606 no-

1003 3648 1058 3694 stro
1078 3638 1174 3692 delatis
1199 3636 1265 3691 satis
1290 3636 1404 3691 ubertim
1428 3644 1586 3705 comperta.
1614 3637 1799 3692 altitonantem

1003 3726 1158 3791 Dominum,
1175 3724 1312 3794 piissimas
1327 3723 1352 3778 ei
1366 3731 1459 3794 grates
1473 3732 1604 3793 agenteS,
1620 3724 1798 3790 laudavimus,

1002 3815 1047 3886 qui
1064 3813 1216 3884 postulatus
1239 3812 1285 3866 dat
1302 3811 1427 3866 omnibus
1452 3811 1620 3882 sapientiam,
1637 3821 1663 3867 et
1677 3813 1704 3866 in
1719 3812 1801 3868 domo

1002 3902 1104 3958 taciens
1120 3901 1262 3956 unanimes
1278 3901 1413 3962 habitare,
1441 3902 1525 3955 salvat
1546 3917 1642 3956 omnes
1655 3900 1680 3955 in
1696 3918 1725 3957 se
1740 3918 1803 3972 spe-

1004 3999 1102 4058 ranteS,
1119 3999 1145 4044 et
1160 3988 1279 4060 protegit
1294 4005 1323 4042 se
1338 3988 1364 4041 in
1381 3988 1493 4043 veritate
1508 3998 1678 4060 quaerentes;
1695 3990 1740 4061 qui
1755 4006 1803 4045 ne-

1003 4096 1056 4151 quo
1071 4078 1183 4150 probos,
1201 4093 1273 4142 reos,
1291 4093 1379 4148 neque
1392 4077 1455 4132 tacit
1469 4077 1539 4148 pios,
1552 4087 1680 4148 tyrannos
1693 4095 1699 4132 ε
1712 4088 1802 4134 tamen

1000 4168 1073 4236 juste
1083 4166 1221 4234 judicans,
1239 4159 1326 4220 beatis
1341 4165 1506 4235 quibuslibet
1520 4173 1622 4220 aeterna
1637 4167 1760 4236 praenria',
1776 4175 1804 4222 et

1003 4253 1165 4318 infelicibus,
1182 4261 1323 4307 reservata
1337 4252 1446 4305 interim
1467 4252 1643 4322 penitudinis
1667 4262 1800 4324 tempore,

142 4322 359 4379 ⁰0m¹¹¹⁰ssi¹0li⁰
371 4320 527 4390 8ΡθὲῑΟῙῙθὲθ
542 4320 615 4374 Sssdis
630 4337 680 4390 l'1’0
697 4322 867 4376 restitutione
883 4323 986 4418 P¹¹0·D
1003 4337 1053 4390 nisi
1070 4335 1240 4405 resipuerint,
1257 4342 1357 4388 aterna
1373 4333 1478 4387 confert
1499 4334 1639 4403 supplicia.
1664 4336 1801 4391 Praedictis

141 4413 174 4466 tii
189 4410 354 4465 sanctissimi
370 4408 533 4479 patriarchae
548 4409 658 4478 propria
673 4426 753 4463 manu
772 4411 923 4479 subscripsi
943 4429 948 4463 :
1002 4440 1109 4494 quoque
1125 4423 1222 4477 pinel-ig
1245 4421 1382 4492 ppoeffinja
1405 4427 1497 4475 ῃοςιω
1521 4421 1655 4492 legentes,
1673 4421 1800 4478 affectum

142 4500 186 4554 sic
198 4507 226 4552 el
242 4497 325 4568 aliqui
341 4504 487 4566 sequentes·
505 4512 510 4547 :

183 4602 345 4658 Dominicus
360 4602 505 4671 episcopus
520 4597 650 4652 Triventi.

183 4674 292 4745 Florius
308 4689 452 4760 episcopus
468 4685 638 4741 blatnrensis.

181 4778 355 4833 (inridericus
370 4777 515 4846 episcopus
531 4773 697 4828 belitrensis.

181 4867 337 4936 Stephanus
354 4866 498 4936 episcopus
514 4861 682 4918 Ferentinas.

181 4958 239 5009 Leo
255 4955 400 5025 episcopus
415 4951 562 5008 Gabiensis
577 4948 778 5021 [Sabinicnsisl.

179 5046 281 5098 Petrus
297 5043 442 5112 episcopus
458 5037 752 5107 l'orosemproniensis.

184 5133 242 5186 Leo
255 5131 401 5201 episcopus
414 5125 629 5185 Tarracinensis.

184 5219 345 5288 Walpcrtus
360 5217 506 5288 episcopus
521 5211 687 5269 Portucnsis.

178 5373 192 5398 ²
207 5364 260 5411 Non
273 5375 359 5425 proces
372 5366 466 5411 tantum
479 5359 523 5421 sed
535 5353 811 5408 excommunicationem
825 5350 951 5399 continent

138 5429 252 5483 losrnnis
270 5429 359 5477 litterar
370 5428 400 5477 do
413 5428 569 5489 bulgarorum
583 5435 664 5473 cama.

180 5551 194 5583 r.
223 5531 295 5578 Vides·
329 5530 391 5578 idem
414 5528 605 5578 additamentum
637 5523 676 5572 hic
710 5536 722 5569 a
754 5520 852 5568 talario
887 5517 949 5579 rpuod

1002 4522 1073 4566 tuum
1090 4511 1279 4583 cognovimus,
1296 4519 1320 4564 et
1337 4525 1419 4580 qnam
1435 4509 1472 4563 sis
1488 4526 1559 4564 nunc
1570 4526 1634 4580 erga
1649 4526 1699 4565 nos
1713 4512 1800 4567 devo·

1001 4609 1054 4663 tus,
1072 4599 1138 4653 satis
1152 4598 1293 4653 evidenter
1308 4597 1458 4668 reperimus
1476 4615 1482 4651 :
1498 4613 1593 4652 verum
1608 4599 1635 4652 in
1651 4615 1704 4669 quo
1721 4599 1801 4655 nobis

1001 4697 1095 4742 noslra
1107 4686 1200 4741 merita
1216 4703 1269 4741 non
1287 4686 1482 4758 suffragantur,
1499 4686 1555 4740 lieo
1571 4686 1748 4753 dimittimus;
1773 4696 1800 4743 et
1887 4704 1893 4711 ·

1002 4775 1029 4829 in
1046 4792 1100 4847 qno
1114 4791 1165 4832 nos
1180 4776 1305 4829 humanis
1319 4774 1444 4829 laudibus
1466 4773 1621 4846 quicunque
1645 4776 1799 4832 mortalium

1001 4863 1110 4919 eierare
1134 4873 1276 4930 conantur,
1302 4862 1474 4935 fragilitatem
1498 4870 1599 4917 nature
1622 4872 1722 4920 nostra
1737 4881 1798 4921 cum

1002 4969 1107 5007 summa
1129 4951 1290 5015 tormidine,
1315 4951 1412 5004 codem
1435 4951 1493 5005 Deo
1519 4967 1576 5021 prae
1599 4951 1685 5006 oculis
1707 4953 1800 5009 habito

1001 5040 1226 5110 contemplamur.
1244 5039 1349 5093 Scimus
1365 5038 1446 5105 enim,
1464 5038 1655 5109 ipsodicente,
1671 5041 1736 5112 quia
1749 5043 1798 5112 qui

999 5145 1029 5184 se
1043 5129 1155 5184 eeatlnt
1166 5129 1374 5188 lrurniliabilur,
1386 5130 1415 5182 ct
1428 5129 1475 5199 qui
1485 5145 1513 5182 se
1528 5128 1662 5183 burrellint
1679 5131 1795 5184 cculta-

1001 5218 1077 5272 bitur
1096 5216 1204 5282 (llnttl.
1226 5216 1319 5284 xxiii).

1000 5363 1074 5413 supra
1086 5350 1116 5401 dc
1128 5349 1247 5399 abolenda
1259 5352 1345 5399 octava
1358 5348 1450 5408 synodo
1463 5348 1507 5397 tntt
1519 5351 1666 5411 appositum.

1034 5435 1124 5483 clianc
1153 5426 1278 5494 epistolant
1313 5433 1413 5482 l‘hotius
1440 5432 1498 5481 locis
1526 5433 1589 5484 intra
1620 5437 1710 5488 notatis
1739 5451 1794 5489 aar·

1001 5518 1074 5578 nunt.
