3794 6104
184 227 236 283 too

698 223 868 282 IllNClldlll
895 216 1098 279 llllEllENSlS
1125 221 1401 292 ancntarlscoel.

1787 230 1840 283 too

186 351 302 409 fundere
316 350 406 423 potius
421 366 503 423 quam
518 349 654 422 prolerre,
669 356 817 422 antequam
832 348 901 404 alius
915 345 1020 406 mibiA
1034 348 1159 418 eorporis
1174 349 1228 418 sui,
1246 350 1295 406 sed
1308 350 1350 407 vir
1367 370 1373 415 ;
1390 357 1417 406 et
1432 349 1474 407 vir
1497 366 1552 407 non
1573 351 1655 407 habet
1670 358 1835 424 potestatem

185 440 347 497 sententiam
374 442 410 496 ab
443 441 509 512 ipsis
534 440 613 495 labiis
644 439 741 511 rapiat,
765 448 795 494 ut
819 455 870 494 neo
897 438 983 493 bucca

184 528 283 587 efferre
308 528 424 586 sufficiat
436 530 509 601 quod
531 528 575 584 vel
605 529 735 585 conuulsa
761 527 892 584 memoria
916 526 983 580 sub·

185 619 331 676 ministrat.
347 618 443 675 Sedet
464 619 533 674 sieut
552 619 682 690 scriptum
706 624 771 674 est:
797 618 850 685 oui
867 618 984 688 fortiter

184 711 292 783 premit
304 709 398 775 ubera
407 710 544 782 exprimit
553 709 686 779 butyrum
696 728 706 775 ;
716 708 797 779 etqui
805 707 984 762 veliementer

186 799 318 870 emolqet,
335 798 414 853 elicit
428 799 596 869 sanquinem
610 796 701 867 (Prae.
713 795 796 866 xxx),
814 794 891 850 timui
906 810 940 848 ne
960 793 982 847 si

186 886 383 943 inconsulteao
401 901 576 958 praepropere
602 884 810 955 responderem,
835 883 863 937 in
886 897 982 938 earna-

185 975 240 1031 lem
256 975 422 1030 intellectum
436 974 603 1043 deciderem,
621 973 685 1046 quia
699 981 861 1044 occupatum
876 971 910 1026 ed
928 971 982 1026 alia

185 1080 345 1121 cormeum
368 1079 412 1118 me
435 1063 625 1134 dereliquerat,
658 1062 798 1117 etlumen
832 1061 982 1131 intelligen-

183 1154 311 1210 tiunculae
325 1169 452 1209 serenum
464 1153 530 1207 milri
552 1153 595 1207 vel
619 1168 725 1207 mecum
750 1167 805 1206 non
828 1157 894 1205 erat.
911 1149 982 1219 Qua·

183 1250 296 1314 propter
319 1242 420 1310 distuli,
436 1242 524 1296 donec
547 1241 570 1295 si
593 1241 661 1298 forte
685 1241 836 1296 secundum
860 1239 980 1310 prophe-

182 1340 240 1387 tam
255 1331 366 1403 (Eseeb.
384 1330 425 1397 ιιι)
439 1331 590 1385 mitteretur
614 1346 721 1396 manus,
743 1345 804 1401 qum
818 1344 862 1384 me
877 1328 981 1383 cibaret

183 1420 335 1475 intellectus
350 1418 487 1474 volumine
503 1436 510 1472 ε
527 1435 587 1489 cquae
608 1418 735 1474 videlicet
762 1417 842 1473 toties
868 1416 981 1471 mittitur

184 1508 290 1581 quoties
305 1525 366 1581 qum
380 1517 442 1563 ante
457 1506 647 1563 nesciebamus
675 1507 766 1563 divina
787 1506 866 1561 nobis
892 1505 980 1578 gratia

183 1598 347 1653 revelantur.
368 1595 429 1665 Qua
452 1596 485 1651 de
504 1613 534 1652 re
556 1596 767 1667 propositionem
791 1595 884 1651 domni
905 1594 980 1650 Gun-

1034 439 1158 508 eorporis
1173 439 1224 506 sui,
1241 439 1290 494 sed
1318 438 1420 495 mulier
1436 440 1544 512 (liridi
1556 441 1642 496 Uxori
1657 440 1700 496 vir
1712 440 1836 498 debitum

1033 526 1150 583 reddere
1164 528 1256 596 debet,
1274 537 1300 584 et
1315 545 1384 585 uxor
1398 529 1466 599 viro,
1479 537 1507 584 ut
1521 545 1575 584 non
1592 536 1732 585 tententur
1745 546 1762 586 a
1782 534 1834 586 sr-

1033 623 1094 671 tona
1108 617 1462 688 propterincontineutiam.
1478 617 1558 687 Quod
1583 619 1630 690 qui
1660 634 1758 674 eorum
1780 635 1835 675 non

1033 702 1137 774 feccrit,
1153 705 1205 760 nisi
1233 722 1267 761 ex
1293 722 1430 762 consensu
1457 715 1569 779 propter
1582 707 1673 763 Deum
1689 707 1834 775 dimiserit,

1032 809 1124 863 parem
1140 810 1227 860 suum,
1258 795 1312 850 imo
1341 803 1445 866 partem
1473 795 1597 866 corporis
1611 795 1654 851 sui
1677 796 1833 863 merebari3

1032 880 1107 937 iacit.
1125 882 1152 938 Si
1167 891 1195 938 tu
1205 882 1268 938 huic
1283 883 1392 939 femina>
1411 884 1598 955 poenitentium
1622 884 1835 958 pomariaque

1031 986 1098 1042 pars
1113 979 1155 1026 est
1170 973 1294 1043 corporis
1323 973 1374 1028 uiri
1389 973 1517 1029 dioecesis
1532 973 1662 1041 alterius,
1683 973 1744 1028 sine
1767 989 1834 1030 con-

1032 1076 1115 1115 sensu
1131 1061 1243 1117 rectoris
1258 1069 1284 1116 et
1299 1061 1360 1127 viri,
1377 1070 1470 1118 contra
1500 1061 1610 1135 regulas
1636 1062 1835 1119 ecclesiasticas

1032 1148 1110 1219 facis,
1128 1158 1164 1217 et,
1181 1151 1294 1206 docente
1309 1151 1399 1207 Leone
1412 1166 1493 1222 papa,
1507 1152 1619 1207 lionoris
1642 1151 1834 1208 communione

1031 1239 1160 1309 privaris.
1179 1240 1212 1293 lit
1227 1239 1291 1294 item
1307 1258 1314 1294 ε
1339 1239 1367 1295 Si
1381 1240 1443 1297 huic
1458 1238 1565 1296 feminae
1579 1241 1643 1312 lege
1667 1241 1833 1312 poenitentia

1031 1344 1140 1382 manum
1155 1327 1282 1399 imponis
1299 1337 1325 1382 et
1341 1327 1388 1384 illa
1411 1330 1565 1384 membrum
1581 1338 1663 1400 caput
1679 1346 1760 1385 suum
1775 1332 1833 1400 (ca-

1030 1416 1166 1488 putenim
1191 1416 1314 1472 mulieris
1325 1417 1389 1487 vir),
1419 1417 1576 1472 inalteram
1603 1417 1775 1489 provinciam
1790 1435 1834 1474 se-

1031 1503 1193 1574 cutafucrit,
1211 1505 1261 1559 sub
1286 1506 1455 1575 providentia
1470 1506 1582 1561 alterius
1606 1506 1737 1577 praesulis
1775 1507 1834 1578 quis

1032 1608 1125 1648 curem
1141 1595 1175 1647 de
1204 1594 1262 1662 ejus
1276 1594 1392 1664 acciplet
1405 1594 1585 1665 paenitentia?
1599 1594 1667 1664 Quis
1681 1603 1711 1649 ut
1733 1611 1833 1652 recon-

185 1687 267 1741 tharii
281 1685 466 1757 praeferamus,
483 1694 508 1740 ct
531 1684 693 1740 solutionem
718 1702 749 1739 ex
769 1683 913 1755 largitione
936 1683 980 1738 di·-
996 1681 1301 1766 Bellietursecundum
1317 1698 1445 1751 canones,
1458 1684 1492 1736 ad
1512 1683 1570 1751 ejus
1594 1683 1716 1739 attendet
1743 1684 1834 1756 lacry-

182 1774 252 1831 vinre
265 1774 360 1848 gratiae
374 1790 423 1846 pro
438 1781 518 1845 captu
541 1782 642 1829 nostrae
666 1772 853 1844 intelligentiae
878 1771 980 1827 refera-

181 1879 252 1919 mus.

221 1976 232 2000 ιι
249 1952 288 2019 si,
304 1952 401 2024 inquit,
425 1951 524 2007 femina
544 1950 659 2006 bosonis
683 1950 718 2006 ad
742 1965 793 2005 nos
817 1949 931 2017 venerit,
956 1957 983 2004 et

184 2061 196 2093 ι
217 2040 327 2113 publice
341 2038 565 2107 confessafuerit‚
582 2039 677 2095 dicens
694 2039 775 2094 :llea
789 2039 878 2109 culpa,
894 2038 981 2094 virum

184 2150 195 2181 r
216 2146 310 2185 meum
324 2129 471 2184 adulteravi
490 2147 496 2182 :
515 2137 680 2201 quapropter
694 2128 790 2182 timore
804 2127 900 2182 mortis
915 2143 981 2197 per-

183 2239 195 2270 r
217 2218 308 2274 territa
330 2218 365 2272 ad
388 2234 438 2273 vos
463 2216 583 2289 confrigi,
607 2217 653 2288 qui
683 2216 732 2271 Dei
761 2216 827 2269 estis
853 2215 980 2281 vicarius,

183 2315 245 2361 «ut
267 2313 360 2362 meet
383 2307 441 2360 Deo
473 2305 594 2370 salvetis,
621 2311 647 2361 et
677 2312 803 2358 amorte
834 2302 979 2373 corporali,

184 2417 195 2445 ι
217 2411 278 2467 quae
292 2393 359 2449 milri
374 2393 497 2448 imminet
520 2409 553 2448 ex
577 2400 655 2463 parte
683 2392 774 2447 mariti
797 2391 863 2457 mei,
883 2408 926 2446 me
946 2390 981 2444 li-

184 2481 336 2549 cheretim
358 2489 448 2536 utrum
471 2481 585 2536 debeam
607 2481 645 2535 illi
675 2480 812 2551 publicam
844 2480 981 2551 preniten-

183 2571 281 2627 «tiam
303 2570 454 2642 imponere,
489 2586 569 2642 quam
591 2577 635 2625 aut
659 2570 687 2624 in
710 2568 838 2639 parocbia
860 2585 930 2637 mea,
953 2569 981 2624 in

183 2682 195 2713 ι
217 2677 298 2733 quam
312 2659 443 2734 confugit,
468 2659 621 2729 sejunctae
644 2658 700 2713 viro
721 2674 771 2713 sue
790 2666 915 2732 peragat,
938 2667 982 2712 aut

183 2771 195 2801 ι
217 2765 278 2806 eam
293 2749 380 2805 eidem
395 2749 455 2804 viro
470 2764 519 2803 suo
543 2748 594 2802 sub
618 2747 665 2802 tali
685 2747 841 2803 conditione
865 2748 981 2803 reddere

184 2857 195 2888 r
217 2837 342 2901 debeam,
359 2837 475 2893 utnulla
490 2837 572 2892 modo
587 2852 648 2892 earn
673 2834 824 2905 interficiat,
849 2836 897 2891 sed
920 2845 982 2907 post

184 2946 196 2977 ι
217 2925 403 2997 poenitentiam
422 2924 495 2979 illam
513 2925 540 2978 in
565 2923 693 2997 conjugio
716 2925 824 2979 habeat.
849 2922 938 2992 Quum
958 2924 981 2978 si

1032 1779 1133 1826 masat
1149 1771 1361 1838 confessionem,
1391 1788 1473 1843 quam
1488 1788 1543 1827 non
1557 1771 1689 1828 audivit?
1716 1771 1785 1842 Quis
1811 1775 1836 1828 ei

1032 1876 1142 1916 manum
1157 1861 1192 1915 ad
1207 1860 1456 1916 reconciliationem
1475 1860 1605 1931 imponet,
1622 1861 1710 1917 sacris
1731 1862 1836 1935 regulis

1032 1949 1253 2017 decernentibus
1271 1956 1299 2002 ut
1310 1965 1391 2004 nenio
1406 1949 1599 2020 episcoporum
1615 1949 1668 2003 sub
1682 1965 1769 2004 uranu
1783 1966 1836 2020 po·

1032 2037 1114 2092 situm
1129 2037 1241 2092 alterius
1257 2038 1408 2092 sacerdotis
1423 2038 1456 2092 ad
1470 2037 1722 2094 reconciliationem
1744 2039 1836 2094 susci-

1032 2127 1106 2198 piat,
1122 2142 1212 2197 neque
1228 2127 1434 2181 reconciliatum
1450 2127 1508 2181 siue
1517 2126 1613 2181 litteris
1628 2126 1672 2182 ecl
1698 2142 1835 2183 consensu

1032 2214 1249 2271 reconciliatoris
1272 2214 1411 2285 recipiat?
1426 2216 1461 2269 Et
1489 2214 1627 2286 quomodo
1655 2224 1763 2286 partem
1778 2232 1833 2272 cor

1031 2304 1120 2374 poris,
1138 2304 1192 2358 imo
1207 2303 1345 2358 hominem
1356 2302 1467 2358 alterius
1498 2302 1620 2374 episcopi
1636 2312 1663 2358 et
1692 2305 1835 2374 parochiae

1028 2393 1174 2462 judicabis,
1193 2392 1258 2463 quin
1282 2391 1463 2464 poenitentiali
1484 2391 1587 2462 judicio
1600 2392 1836 2464 [condemnabisi

1031 2497 1094 2536 cum
1109 2481 1241 2551 scriptum
1256 2481 1299 2546 sit,
1317 2481 1388 2552 quod
1406 2489 1517 2537 sanctus
1534 2480 1684 2552 Gregorius
1712 2482 1778 2538 hinc
1806 2482 1834 2537 in

1031 2570 1088 2624 suis
1099 2569 1216 2625 decretis
1227 2570 1351 2640 exposuit
1368 2587 1374 2624 ι
1394 2593 1404 2617 ιι
1425 2572 1455 2627 Si
1480 2571 1631 2626 transieris
1644 2587 1697 2643 per
1713 2588 1833 2627 messem

1031 2659 1833 2731 aratritei,tricensconsricebisspicesmeaibastraieci

1030 2747 1227 2813 mandacabis,
1234 2749 1339 2818 sulcem
1350 2752 1447 2803 eutem
1456 2763 1512 2803 reon
1525 2748 1624 2804 mittes
1635 2749 1833 2820 (ficetum),

1031 2836 1089 2890 sive
1119 2834 1188 2891 falce
1208 2851 1263 2890 non
1287 2843 1384 2903 metas,
1416 2835 1443 2890 id
1471 2842 1512 2891 est
1541 2836 1666 2893 homines
1694 2837 1832 2907 pamchiae

1031 2924 1140 2980 ulterius
1168 2924 1252 2979 verbo
1280 2924 1482 2995 praedicationis
1506 2933 1532 2979 et
1572 2925 1698 2996 exemplo
1736 2926 1831 2997 operis

184 3011 391 3079 «interfecerit,
430 3012 496 3068 sciat
524 3028 554 3067 se
584 3012 770 3068 ecclesiastiea
807 3012 981 3068 damnatione
1030 3013 1080 3085 (ita
1108 3021 1198 3068 tamen
1224 3021 1254 3067 ut
1281 3029 1336 3068 non
1373 3014 1519 3070 conculces
1552 3014 1738 3085 smpliciorem
1774 3013 1832 3069 fra-

184 3101 409 3173 «pleetendum,
432 3101 560 3173 quoniam
593 3099 670 3155 nefas
693 3109 735 3155 est
764 3115 928 3171 quemquam
951 3100 979 3155 in

182 3189 324 3262 ‹publica
343 3189 502 3261 paenitentia
523 3190 641 3262 positum
663 3204 678 3242 a
706 3204 869 3261 quocunque
892 3189 979 3245 inter-

184 3275 300 3334 aflei.»

216 3367 424 3439 Respondemus
440 3384 447 3422 ε
464 3366 604 3423 Feminam
617 3365 690 3421 illam
705 3366 733 3420 in
746 3372 790 3420 tua
807 3365 849 3423 rel
868 3365 979 3421 alterius

180 3457 311 3530 cujusque
341 3457 471 3529 parocbia
499 3466 606 3521 natam,
630 3455 809 3528 baptizatam,
833 3455 977 3524 nutritim,

179 3546 308 3615 adultam,
334 3545 490 3603 facuiltatum
511 3544 669 3602 haereditate
698 3545 819 3609 ditatam,
845 3546 915 3600 Boso
946 3560 979 3599 ox

179 3636 230 3690 alia
252 3652 306 3692 non
327 3636 410 3691 modo
430 3635 571 3706 parochio,
595 3650 691 3690 verum
715 3650 748 3689 ex
771 3634 823 3688 alia
838 3632 979 3705 provincia

180 3730 271 3790 natus,
288 3731 314 3778 et
334 3740 385 3795 per
407 3723 497 3778 omnia
518 3723 687 3779 incrementa
708 3722 734 3776 in
758 3720 909 3791 perfectum
935 3722 978 3778 vi-

180 3828 240 3866 mm
255 3811 412 3881 perductus,
435 3811 486 3865 sub
508 3810 622 3864 alterius
643 3809 764 3879 episcopi
784 3825 851 3863 cura
873 3809 978 3881 degens

181 3899 330 3956 seeundum
351 3898 441 3970 legem
462 3898 583 3953 divinam
607 3906 634 3953 et
656 3898 812 3961 humanam,
836 3898 909 3967 apud
931 3912 978 3952 eos

181 4001 296 4059 quorum
325 3986 455 4041 intererat
488 3985 613 4049 obtinuit,
646 3985 832 4056 desponsavit,
863 3985 976 4051 dotavit,

180 4074 298 4147 publicis
312 4073 413 4145 nuptiis
427 4075 576 4141 honoravit,
601 4082 627 4129 et
642 4074 693 4129 sibi
707 4074 735 4127 in
747 4073 867 4146 conjugii
881 4073 978 4145 copula

180 4163 303 4229 sociavit,
319 4170 346 4218 et
366 4179 448 4218 unum
470 4177 570 4234 corpus
591 4177 727 4234 unamque
750 4178 862 4218 earnem
884 4177 977 4218 secum

181 4250 279 4320 effecit,
290 4251 359 4309 sicut
369 4251 498 4323 scripturn
508 4258 548 4306 est
564 4268 571 4306 :
584 4254 677 4308 Erant
689 4251 744 4307 deo
754 4252 786 4307 ia
801 4268 888 4308 curere
898 4268 977 4320 ano,-

176 4344 240 4415 jum
253 4359 311 4399 non
325 4347 394 4398 aaut
408 4341 472 4407 dae,
489 4341 537 4396 sed
553 4358 612 4398 uno
627 4357 693 4397 caro
708 4341 788 4411 (Gen.
806 4356 845 4408 ιι;
876 4341 975 4396 ffottb.

1030 3109 1099 3156 trem
1115 3110 1189 3156 tuum
1201 3146 1208 3165 ,
1220 3118 1254 3157 ne
1278 3101 1383 3158 indicas
1393 3102 1420 3156 in
1443 3102 1549 3157 ruinam
1563 3110 1590 3157 et
1608 3103 1747 3175 laqueum,
1780 3119 1831 3159 sa-

1029 3206 1091 3245 nam
1120 3190 1223 3246 seilicet
1242 3190 1358 3262 gloriam
1387 3190 1497 3260 diaboli)
1527 3191 1554 3246 iu
1583 3207 1683 3262 corpus
1717 3191 1830 3260 Christi,

1029 3285 1142 3351 quaeest
1165 3278 1297 3344 Ecclesia,
1322 3278 1419 3333 festina
1443 3280 1579 3349 trajicere,
1618 3279 1718 3335 falcem
1740 3287 1832 3336 autom

1026 3368 1121 3438 judicii
1150 3384 1205 3424 non
1230 3368 1393 3439 permitteris
1421 3369 1539 3434 mittere,
1569 3368 1699 3425 velfalce
1733 3369 1831 3439 judieii

1029 3457 1174 3526 metere,id
1190 3466 1231 3513 est
1242 3457 1363 3512 incidere
1375 3457 1431 3512 sive
1443 3457 1595 3513 abscidere.
1615 3481 1626 3504 ι
1639 3459 1673 3512 Et
1687 3458 1829 3530 quoniam,

1030 3546 1171 3617 sicutipse
1188 3547 1257 3601 lioso
1272 3546 1346 3610 dicit,
1373 3546 1460 3600 eidem
1490 3546 1606 3615 mulieri,
1623 3563 1764 3617 (quaerero
1780 3563 1828 3602 sua

1030 3644 1080 3700 est,
1097 3634 1201 3689 nullum
1216 3634 1317 3690 crimen
1336 3633 1470 3706 impingit,
1488 3633 1537 3688 sed
1552 3649 1606 3689 non
1621 3635 1760 3691 modicam
1783 3652 1831 3691 ue·

1029 3723 1197 3793 gligentiam,
1214 3723 1280 3793 (quia
1309 3722 1344 3775 ab
1359 3723 1418 3791 ejus
1445 3738 1473 3776 se
1499 3722 1632 3777 subtraxit
1656 3723 1779 3791 seruitio,
1805 3733 1831 3779 et

1030 3817 1160 3881 quantum
1175 3826 1208 3864 ex
1223 3810 1283 3880 ipsa
1298 3818 1349 3871 est,
1367 3810 1443 3864 illum
1464 3810 1595 3866 rnoechari
1623 3810 1705 3876 feeit,
1733 3821 1830 3867 contra

1029 3897 1215 3953 auctoritatem
1238 3906 1319 3968 atquc
1344 3898 1475 3967 justitiam
1503 3915 1565 3953 euin
1581 3898 1732 3965 dimittens,
1760 3901 1829 3955 etin

1028 3984 1087 4039 aliis
1103 3985 1196 4059 reguis
1211 3986 1318 4042 circiter
1338 4004 1389 4057 per
1404 3987 1548 4042 triennium
1574 3987 1733 4054 immorans,
1752 4003 1822 4044 con·

1028 4074 1260 4130 tunmxmandatis
1275 4074 1328 4129 illis
1336 4075 1405 4131 adeo
1420 4075 1530 4141 exstitit,
1545 4083 1574 4130 ut
1589 4091 1640 4131 uec
1664 4076 1828 4147 compellata

1027 4171 1332 4235 pertentatemporum
1357 4164 1445 4235 spatia
1471 4164 1506 4219 ad
1532 4180 1595 4219 euru
1622 4164 1747 4229 redierit,
1777 4182 1826 4237 pro

1028 4252 1120 4307 domni
1135 4252 1278 4324 apostolici
1288 4261 1330 4307 est
1342 4252 1466 4321 jussione
1489 4252 1528 4307 illi
1543 4261 1656 4324 paratus
1672 4253 1827 4327 indulgere

1028 4348 1114 4396 restat
1128 4349 1156 4396 ut
1168 4358 1226 4407 rex,
1241 4340 1269 4395 in
1285 4341 1363 4410 cujus
1376 4357 1464 4414 regno
1478 4342 1564 4415 degit,
1582 4341 1735 4398 secundum
1759 4359 1828 4399 con-

179 4432 262 4504 ιιιιι);
287 4438 339 4487 et:
364 4430 438 4499 Quod
461 4432 533 4485 Deos
552 4432 666 4501 janait,
689 4430 769 4486 bomo
788 4446 846 4486 teon
865 4432 977 4501 separet
991 4420 1205 4501 Dscriptionem
1220 4430 1395 4501 chirographi
1410 4446 1506 4502 regum
1530 4439 1697 4496 nostrorum,
1723 4432 1828 4486 eamad

177 4522 294 4590 (ldottb.
319 4519 401 4592 ιιιιι);
425 4518 477 4574 nisi
500 4517 568 4573 forte
591 4525 742 4590 perpetuo,
766 4534 797 4573 ex
828 4532 974 4585 consensu,

179 4618 291 4682 propter
317 4607 521 4674 continentiam,
555 4605 627 4660 unde
652 4614 724 4661 tanto
750 4606 887 4675 conuincti
915 4613 977 4660 sunt

180 4698 297 4769 amplius
313 4706 412 4770 quanto
427 4704 454 4753 et
475 4694 660 4767 spiritualius;
683 4694 783 4748 autad
807 4703 923 4765 tempus,
948 4701 978 4748 ut

180 4793 279 4841 vacent
293 4787 416 4853 emtioni,
446 4793 472 4841 et
486 4791 658 4841 revertantur
678 4783 776 4838 itemm
796 4783 824 4837 in
845 4783 975 4854 idipsum,

180 4888 215 4928 ne
237 4880 374 4928 tententur
396 4888 412 4928 a
446 4876 544 4930 Satana
570 4879 682 4944 propter
715 4870 938 4927 incontinentiam
955 4874 980 4941 (l

183 4961 335 5027 Cor.v11);
352 4969 398 5015 aut
413 4977 493 5018 causa
504 4960 697 5028 fornicationis,
714 4976 766 5032 qua
783 4960 911 5031 separati,
932 4968 977 5015 aut

181 5049 229 5116 sic,
245 5049 329 5105 idest
350 5048 454 5119 innupti
470 5058 496 5105 et
520 5051 636 5123 separati
653 5057 791 5114 maneant,
814 5057 861 5103 aut
884 5055 978 5104 mutuo

180 5136 399 5196 reconcilientur.
416 5135 559 5204 Quomodo
574 5139 676 5211 poteris
698 5137 855 5194 inferiorem
875 5145 979 5209 partem

181 5227 304 5298 corporis
317 5225 435 5282 hominis
450 5225 520 5280 illius
534 5229 580 5298 qui
604 5229 653 5283 sub
674 5227 787 5283 alterius
808 5226 979 5299 providentia

180 5315 264 5388 degit,
281 5330 421 5387 separare,
438 5321 465 5370 et
478 5322 571 5370 tenere
586 5317 637 5370 sub
655 5316 822 5388 poenitentia,
847 5331 907 5388 quae
927 5329 979 5372 neo

182 5403 296 5459 orationi
311 5404 482 5459 continenter
496 5402 554 5458 sine
568 5419 705 5460 consensu
720 5405 804 5476 partis
829 5403 979 5478 superioris

181 5506 281 5549 vacare
303 5493 419 5565 potest?
440 5490 538 5548 liulier
550 5490 623 5547 enim
638 5507 692 5548 non
713 5494 796 5551 habet
816 5500 979 5566 potestatem

1028 4517 1077 4573 tiri
1093 4519 1135 4572 sui
1150 4518 1323 4589 praesentiam
1338 4519 1435 4574 adduci
1461 4518 1553 4587 faciat,
1575 4527 1601 4574 et
1616 4527 1643 4574 tu
1671 4519 1827 4591 episcopus,

1028 4606 1055 4661 in
1066 4607 1143 4676 cujus
1162 4606 1293 4679 parocbia
1301 4607 1471 4676 immoratur,
1484 4607 1606 4679 quiahoc
1617 4624 1672 4662 ιιοιι
1686 4617 1729 4662 est
1741 4608 1829 4680 regis,

1028 4695 1096 4752 sicut
1107 4703 1215 4752 sanctus
1227 4696 1377 4769 Gregorius
1393 4697 1427 4752 de
1442 4697 1484 4751 liis
1494 4697 1539 4769 qui
1555 4695 1753 4752 adlicelesiam
1763 4714 1830 4754 con·

1028 4782 1133 4857 fugiunt
1151 4784 1281 4856 praecipit,
1300 4784 1321 4840 si
1332 4785 1454 4856 exposcit
1468 4785 1630 4851 necessitas,
1652 4786 1828 4841 securitatem

1027 4872 1062 4927 de
1076 4873 1203 4943 aequitate
1218 4873 1270 4927 sibi
1286 4874 1422 4928 servanda
1438 4875 1509 4944 apud
1538 4874 1626 4928 virum
1642 4874 1700 4943 ejus
1711 4884 1825 4946 expo⁰as

1029 4969 1055 5017 et
1073 4961 1207 5027 obtineas,
1234 4970 1259 5016 et
1289 4970 1350 5033 post
1376 4962 1428 5018 boc
1448 4962 1548 5017 missus
1576 4962 1733 5033 reipublicae
1768 4964 1828 5019 viro

1028 5064 1139 5105 uxorem
1168 5049 1231 5123 fuga
1255 5051 1359 5121 lapsam
1387 5051 1517 5105 restituat.
1534 5050 1585 5119 Qui
1616 5051 1668 5121 vir,
1683 5051 1707 5105 si
1732 5067 1829 5107 sacra·

1028 5146 1149 5192 mentum
1164 5138 1285 5210 fregerit,
1308 5146 1335 5195 et
1352 5139 1507 5209 apostolicis
1531 5138 1642 5193 monitis
1666 5138 1830 5196 inobediens

1029 5227 1170 5298 exstiterit,
1187 5228 1331 5300 episeopus
1347 5228 1382 5282 ad
1405 5229 1483 5298 cujus
1512 5245 1603 5283 curam
1626 5227 1754 5299 pertinet,
1780 5246 1828 5284 ea-

1029 5315 1157 5371 nonicam
1168 5316 1301 5385 judicium
1316 5317 1344 5371 in
1358 5316 1434 5371 illum
1449 5316 1673 5387 proindeexerat.
1695 5316 1724 5371 Si
1739 5325 1829 5372 autem

1029 5403 1165 5471 confessa,
1179 5406 1223 5460 vel
1238 5405 1362 5478 legaliter
1376 5407 1410 5461 de
1425 5405 1559 5460 adulterio
1570 5403 1711 5474 convicta,
1728 5404 1827 5461 incolu-

1029 5494 1082 5549 mis
1105 5495 1230 5562 evaserit,
1250 5494 1313 5568 lege
1338 5494 1524 5552 ecclesiastica
1561 5493 1727 5565 poenitentiae
1757 5494 1831 5548 illam
