3826 6098
117 298 120 304 ¹
156 220 215 280 ibi·
255 213 257 216 ⁴
689 213 858 275 tltNulttltt
877 209 1078 279 tumultuoso
1098 208 1402 276 incutstttsccm..
1757 206 1827 273 m.

158 341 468 414 Quamobtestationem
477 357 532 397 non
546 354 617 396 uovs
629 339 840 410 presumptione
864 353 957 402 exaro,
974 337 1051 407 Atra
1065 337 1123 392 baec
1150 334 1296 391 constituta
1323 333 1416 395 venire
1440 331 1592 398 tentaverit,
1621 338 1648 393 et
1674 329 1814 402 prohibite

155 434 205 490 scd
218 449 269 505 pro
282 431 393 487 modulo
406 445 468 485 meo
482 429 555 485 besti
578 427 652 483 Pauli
672 442 772 498 sequor
793 425 956 495 exemplum,
1008 423 1087 479 fuerit
1102 438 1184 478 ausus
1199 422 1353 487 admittere,
1368 437 1384 473 a
1399 435 1449 475 suo
1464 436 1494 475 se
1508 417 1615 475 noverit
1629 415 1718 474 officio
1739 417 1811 481 sub-

100 522 103 527 '
155 520 301 579 scribentis
315 519 350 575 ad
363 518 543 585 Timotheum,
559 531 641 588 quem
662 517 792 584 jnvenem
821 512 958 569 ordinavit
1008 512 1181 582 movendum,
1198 526 1249 573 nec
1264 508 1461 566 communionis
1484 515 1586 564 nostrae
1608 505 1727 563 futurum
1747 521 1813 562 esse

155 610 331 682 Episcopum,
347 607 411 663 licet
424 622 478 661 non
493 605 528 661 de
543 606 594 660 bac
604 619 696 669 causa,
712 602 762 660 sed
776 602 811 657 tle
831 601 901 667 aliis,
921 601 956 656 ds
1007 607 1173 662 consortem,
1189 599 1235 671 qui
1250 597 1340 654 socius
1355 613 1416 653 esse
1431 596 1516 653 noluit
1530 579 1691 666 disciplina-³.
1710 616 1722 645 s
1739 595 1813 650 Pen-

155 698 254 770 quibus
267 695 452 752 necessarium
466 693 550 763 duxit,
565 691 720 760 huiusmodi
747 689 957 746 obtestationem
1008 704 1099 744 semus
1113 687 1196 759 igitur
1211 702 1266 741 non
1280 685 1386 751 dolosa,
1417 685 1467 741 sed
1494 692 1568 741 recta
1598 692 1708 750 statera,
1724 698 1811 757 quem

42 814 43 819 .
154 786 267 842 exaruit.
283 785 365 854 Cujus
380 783 474 846 verbs,
486 797 535 852 per
550 797 630 852 quem
645 778 751 835 locutus
765 786 806 834 est
822 777 953 845 Christus,
1006 785 1129 833 nostrum
1144 775 1266 846 pressius
1280 774 1352 830 istud
1373 774 1511 846 contingat
1535 772 1692 844 capitulum,
1718 780 1810 833 utrum

154 874 237 930 ciam
251 872 300 928 tibi
318 872 436 928 inculco.
457 868 719 938 rectissimoque,
736 883 832 923 coram
847 868 911 934 Deo,
927 869 956 922 et
1006 881 1060 930 ma,
1076 864 1122 936 qui
1138 878 1180 929 es,
1198 863 1244 935 qui
1259 879 1291 919 ea
1304 862 1527 934 irrefragabiliter
1549 861 1724 918 observanda
1746 869 1815 921 sunt

157 954 956 1029 Girisiolssu,ctclectisangelis,uiltoeccutlodiassiac
1006 953 1170 1021 constitute,
1199 951 1357 1007 auctoritate
1383 951 1592 1021 metropolitana
1620 950 1648 1006 in
1675 939 1820 1019 parochis

151 1046 774 1122 prusiadicicmibilsocicmiccliampartam
786 1041 955 1099 declinando
1006 1041 1154 1112 provincias
1168 1040 1235 1094 mibi
1249 1039 1402 1096 commissae
1416 1055 1577 1095 conseruare
1591 1038 1710 1104 decrevi,
1727 1054 1762 1093 au
1771 1047 1811 1106 ta,

151 1139 254 1208 (iiim.
266 1137 297 1208 v)
307 1156 317 1204 ,·
328 1144 355 1192 et
366 1152 373 1191 :
385 1136 521 1206 Proecipio
532 1133 584 1189 libi
593 1148 689 1188 coram
699 1132 763 1196 Deo,
774 1129 955 1202 quisivificai
1006 1129 1051 1200 qui
1066 1129 1093 1184 in
1107 1129 1164 1193 illa,
1181 1144 1242 1199 quae
1254 1126 1444 1185 inviolabiliter
1457 1127 1645 1184 conservande
1660 1134 1723 1182 sunt
1738 1143 1809 1184 con·

152 1224 493 1294 molestavimus
511 1217 893 1294 mitcstimortiumraddidit
904 1217 954 1274 sub
1005 1217 1106 1282 stituta,
1140 1225 1166 1272 et
1189 1216 1328 1272 temerasti
1347 1222 1374 1270 et
1398 1215 1514 1271 convelli
1533 1213 1632 1284 fecisti,
1654 1223 1681 1270 et
1708 1222 1810 1286 praeter

151 1316 252 1373 mliv
260 1313 354 1370 Pilato
362 1306 955 1380 boesmcocscssioncm,ulscruesmaradu-
1003 1316 1057 1367 me,
1082 1300 1225 1370 primatem
1259 1307 1346 1365 tuum,
1368 1306 1463 1355 contra
1488 1305 1588 1355 statuta
1621 1297 1811 1355 ecclesiastica

152 1396 663 1470 tsmsiccmocttlcirrsprebcnsibt'le
671 1393 954 1468 usqueinadvcclom
1004 1387 1187 1458 subscripsisti
1208 1397 1235 1442 et
1255 1386 1390 1443 subscribi
1413 1385 1511 1451 iecisti,
1536 1403 1597 1443 cum
1619 1387 1688 1443 sicut
1708 1394 1809 1442 statuta

151 1484 553 1545 bomtsiasstrttesuctn'stt
563 1483 588 1554 (l
596 1485 664 1539 Tim.
676 1487 724 1552 vr).
735 1481 953 1538 beluciiautem
1003 1475 1308 1539 ecclesiasticadocent‚
1326 1474 1384 1530 sine
1398 1474 1519 1529 menibil
1533 1474 1683 1533 decernere
1703 1474 1807 1546 valeas,

152 1574 277 1648 epistola,
300 1590 362 1646 quas
389 1581 452 1628 ante
478 1572 618 1628 Nioaenum
654 1569 801 1627 concilium
814 1569 887 1625 laeta
906 1567 956 1623 luit
1003 1581 1064 1634 quae
1078 1564 1112 1619 ad
1125 1563 1285 1634 generalem
1300 1561 1503 1618 observantiam
1520 1563 1657 1634 pertinent
1684 1563 1808 1621 omnium

147 1666 204 1720 non
217 1664 281 1720 ideo
295 1662 344 1719 tibi
358 1661 464 1734 scripsi,
482 1661 559 1732 quasi
574 1675 628 1715 non
644 1657 778 1715 sufficiant
790 1657 825 1713 ad
834 1656 952 1713 auctori·
965 1683 992 1753 Β
1005 1653 1113 1709 [tormini
1131 1652 1312 1719 sacerdotum,
1326 1652 1396 1708 sicul
1409 1650 1566 1708 Africanum
1591 1652 1714 1711 decrevit
1736 1668 1808 1717 0011.

148 1756 242 1819 tstem,
266 1765 328 1824 quas
351 1764 493 1807 sacrorum
515 1747 692 1809 conciliorum
714 1760 844 1812 canones,
868 1752 897 1801 et
918 1759 952 1800 ex
1003 1748 1093 1804 cilium
1108 1749 1202 1805 dicens
1217 1749 1308 1819 (conc.
1324 1749 1425 1818 alfric,
1445 1763 1506 1805 cau.
1529 1751 1575 1820 53)
1599 1765 1606 1803 :
1626 1771 1637 1800 ι
1661 1751 1697 1807 Ut
1710 1757 1807 1820 poste·

148 1839 192 1895 ltls
205 1838 381 1912 promulgata
394 1838 505 1894 decreta
518 1835 656 1892 abscedis
671 1833 830 1907 spostolicae
847 1832 950 1901 mount,
1000 1837 1087 1893 riores
1101 1835 1429 1905 interioribusdelerant,
1444 1852 1496 1893 nec
1510 1836 1549 1893 eis
1571 1837 1734 1893 inconsultis
1756 1837 1809 1894 ali-

147 1928 197 1984 ssd
230 1935 260 1983 ut
281 1926 425 1984 somnusue
448 1933 524 1981 tuam
544 1940 606 1995 quae
626 1922 711 1988 inssst,
737 1923 797 1978 sina
820 1921 951 1978 charitato
1001 1926 1065 1995 quid
1080 1940 1165 1998 agera
1178 1932 1354 1995 presumant.
1371 1923 1432 1994 Qua
1446 1924 1480 1980 de
1495 1940 1536 1991 re,
1555 1925 1642 1998 inquit
1663 1926 1806 1993 Aurelius,

147 2028 210 2088 quas
230 2013 358 2082 actflmt,
387 2021 469 2071 santo
496 2012 641 2068 dsteuum
668 2026 730 2068 esso
754 2010 950 2067 demonstrem.
1000 2014 1072 2082 dico,
1082 2021 1163 2084 prout
1175 2022 1271 2084 captus
1286 2013 1369 2068 animi
1384 2013 1438 2068 mei
1454 2013 1562 2078 retinet
1584 2029 1633 2076 eos
1655 2015 1704 2086 qui
1727 2022 1807 2086 pulc·

147 2105 221 2173 leo,
237 2102 329 2167 irater,
346 2101 481 2175 patienter
494 2099 700 2173 atquebenigne
708 2098 827 2171 suscipe,
843 2097 951 2169 etsputl
1000 2102 1087 2156 verint
1120 2102 1220 2174 spretis
1257 2101 1406 2170 majoribus
1435 2100 1538 2173 aliquid
1571 2103 1806 2173 presumendum,

148 2191 252 2264 peritos
264 2191 389 2247 medicos
402 2190 480 2246 disce
503 2189 674 2259 sapientiam,
700 2187 765 2258 quia
791 2186 846 2241 ibis
868 2186 950 2256 inpo-
1000 2197 1186 2261 competenter
1214 2204 1276 2246 esse
1298 2190 1332 2244 ab
1357 2191 1431 2244 omni
1453 2189 1569 2246 concilio
1591 2192 1804 2248 coercendos.»

148 2278 278 2335 sentibus
286 2292 362 2349 saepo
375 2277 469 2333 innam
482 2284 572 2347 portat
585 2275 760 2346 phreneticus
781 2275 856 2330 unde
878 2274 950 2347 lige·
972 2275 979 2288 ‘
1001 2278 1035 2333 tlt
1047 2279 1111 2333 hinc
1122 2279 1176 2334 Leo
1186 2279 1220 2332 ad
1234 2278 1407 2335 Theodorum
1421 2277 1634 2347 Forojuliensem
1644 2279 1806 2352 episcopum

146 2368 201 2425 isc.
216 2366 254 2422 Et
264 2366 320 2436 ills,
335 2365 370 2421 de
385 2364 484 2436 quibus
498 2380 542 2420 me
558 2362 755 2434 comprobandi
776 2379 791 2416 a
815 2369 842 2420 te
868 2377 951 2434 posse
1001 2367 1065 2422 dicit
1080 2367 1157 2433 (Leo,
1172 2369 1255 2438 epist.
1267 2367 1312 2436 59)
1330 2365 1479 2434 :rQuiain
1489 2367 1704 2439 causis,quaead
1718 2385 1807 2441 gene·

146 2453 296 2521 sslstimas,
313 2453 432 2509 discreta
446 2450 569 2525 intellige
586 2468 593 2506 :
609 2451 740 2523 quoniam
754 2450 951 2520 sliasuntquaa
1001 2455 1086 2509 ralem
1101 2455 1302 2510 observantiam
1321 2453 1455 2524 pertinent
1478 2455 1597 2512 omnium
1623 2457 1733 2514 Domini
1756 2473 1804 2515 sae

145 2542 371 2614 metropolitanus
386 2541 445 2597 sine
460 2537 668 2612 consiliostque
681 2539 951 2595 consensuomnium
1002 2543 1151 2610 cerdotum,
1175 2542 1240 2597 nihil
1261 2542 1320 2598 sine
1342 2542 1501 2614 primaticus
1521 2551 1628 2614 oportet
1650 2545 1803 2617 irrupisti.»

146 2631 374 2702 coepiscoporum
403 2627 552 2701 provincias
584 2642 669 2699 agere
693 2643 747 2683 non
770 2626 860 2693 debet,
884 2626 953 2687 sicut
1002 2631 1100 2685 Contra
1122 2630 1265 2686 constituta
1286 2646 1353 2702 ergo
1374 2631 1482 2699 venisti,
1506 2647 1568 2688 cum
1589 2649 1644 2699 ea,-
1658 2649 1722 2705 quae
1743 2635 1805 2706 ipss

144 2732 248 2776 nutas
262 2717 416 2775 accusantis
430 2715 600 2788 episcopum,
616 2715 652 2770 ad
672 2715 883 2781 discutiendum,
908 2714 952 2772 rel
1001 2718 1161 2788 precipiunt
1184 2717 1251 2773 nulli
1281 2718 1403 2789 poscenti
1426 2720 1529 2791 negari,
1552 2720 1679 2777 omnibus
1700 2722 1731 2777 in
1759 2731 1808 2788 tus

146 2802 236 2879 ipsum
249 2805 381 2863 canonico
391 2804 580 2875 judicandum,
597 2804 655 2859 sire
668 2804 778 2859 noxium
792 2803 837 2859 vel
850 2817 952 2875 purga·
1001 2807 1132 2876 parocbia
1146 2806 1278 2878 denegari
1293 2806 1406 2874 J'ussisti.
1431 2808 1569 2864 Prohibita
1591 2809 1703 2880 quidem
1729 2810 1807 2869 luisti

146 2900 206 2952 ium
219 2895 378 2961 decernere,
393 2892 437 2948 val
449 2891 478 2948 in
492 2892 554 2949 loco
568 2891 728 2948 decedentis
743 2890 864 2962 episcopi
878 2889 954 2947 ordi·
1002 2909 1085 2948 susus
1093 2894 1246 2959 admittere,
1269 2909 1331 2950 cum
1359 2895 1492 2951 adversus
1519 2912 1552 2951 ea
1578 2912 1622 2951 me
1650 2899 1805 2970 postposito

146 2996 225 3050 saro,
251 2991 278 3038 et
300 2982 336 3038 dc
371 2981 580 3054 quibuscunque
615 2980 721 3036 noviter
747 2979 951 3051 emergentibus
1002 2981 1187 3053 subscripsisti
1201 2990 1228 3037 et
1242 2982 1376 3038 subscribi
1391 2982 1488 3051 iecisti,
1505 2984 1579 3056 quod
1597 2986 1680 3041 etism
1708 2987 1806 3046 necin

146 3071 248 3137 causis,
264 3070 308 3127 vel
321 3069 412 3126 dubiis
425 3078 472 3125 sut
484 3068 632 3125 obscuris:
649 3076 675 3122 et
689 3068 741 3123 alia
756 3076 828 3138 sunt,
842 3069 878 3124 de
892 3067 951 3138 qui-
1001 3070 1083 3125 ractis
1096 3087 1179 3141 agere
1193 3071 1327 3136 debuisti;
1344 3071 1508 3142 subscriptio
1522 3089 1640 3144 namque
1652 3083 1710 3143 tus,
1734 3076 1806 3135 sicut

148 3161 201 3215 bus
214 3165 341 3217 certast
368 3172 498 3229 expressa
525 3156 555 3211 in
577 3155 665 3211 sacris
687 3155 790 3227 regulis
818 3155 950 3211 babemus
999 3158 1122 3213 amultis
1136 3159 1245 3223 dicitur,
1271 3159 1385 3217 habetur
1407 3160 1561 3228 hujusmodi
1578 3177 1614 3216 :s
1639 3162 1807 3223 timemsrus

146 3246 261 3317 ludims,
284 3261 345 3318 quae
366 3245 496 3317 refragari
517 3245 561 3301 vel
577 3243 694 3300 convelli
720 3259 776 3300 non
803 3243 877 3311 licet,
901 3244 950 3300 sed
1000 3247 1058 3302 Deo
1073 3246 1221 3302 miserante
1234 3248 1365 3304 Ecclesia
1384 3248 1738 3323 Landunensisepiscopus,
1763 3254 1808 3311 bis

148 3336 208 3392 sine
229 3335 420 3392 retractatione
443 3332 555 3405 exsequi
573 3331 720 3389 auctoritas
751 3331 868 3390 stratio
891 3333 950 3404 ipsa
1000 3343 1157 3391 sanctorum
1172 3336 1415 3406 apostolicaesedis
1430 3337 1537 3393 Patmm
1551 3337 1670 3395 decretis
1693 3341 1806 3398 obtem·

148 3423 296 3496 compellit.
999 3424 1150 3494 perandum
1165 3423 1323 3494 subscripsi.
1340 3423 1393 3492 Qui
1409 3441 1517 3496 quoque
1536 3426 1603 3481 mibi
1617 3427 1714 3483 eodem
1744 3430 1805 3489 Deo

421 3509 534 3566 CAPUT
547 3509 675 3565 xxxvi.
998 3519 1110 3566 auctore
1123 3511 1263 3568 commissi
1282 3520 1354 3577 sunt,
1371 3519 1398 3568 et
1412 3512 1441 3566 in
1455 3512 1499 3568 his
1521 3513 1645 3570 similiter
1672 3517 1803 3585 sentiunt,

148 3600 187 3656 lla
200 3600 357 3672 inguim-i
375 3599 589 3670 subscriptione,
610 3613 696 3668 qaam
710 3598 872 3654 collectioni
890 3610 950 3656 tttoe
999 3599 1107 3654 solliciti
1121 3615 1233 3656 servare
1248 3604 1378 3657 unitatem
1393 3600 1505 3671 spiritus
1527 3602 1556 3657 in
1584 3603 1693 3660 vinculo
1712 3606 1803 3677 pacis,

467 3687 609 3758 apposuit.
997 3687 1048 3743 bac
1057 3703 1165 3744 mecum
1178 3703 1245 3758 pace
1259 3688 1404 3759 potiantur.
1421 3689 1448 3745 si
1463 3705 1529 3747 raro
1542 3689 1625 3762 aliqui
1646 3707 1730 3748 secus
1755 3709 1807 3761 no-

184 3775 233 3830 iiis
246 3774 330 3847 igibus
342 3772 515 3828 documentis
527 3770 688 3827 certissimis
697 3778 802 3827 constat
816 3771 889 3841 quod
904 3785 948 3826 mc
998 3773 1086 3830 lentes
1100 3775 1159 3831 fieri
1187 3776 1254 3832 socii
1278 3777 1358 3845 hujus
1386 3777 1546 3850 disciplina,
1573 3795 1624 3837 nec
1651 3781 1807 3843 habeantur

144 3860 283 3933 replicare
297 3860 371 3932 cogit
385 3860 444 3930 ipsa
466 3857 628 3924 necessitas,
650 3857 715 3928 quia
739 3859 762 3912 si
776 3858 804 3913 in
817 3857 948 3929 parocbia
998 3863 1142 3934 participes
1158 3864 1357 3921 communionis
1370 3872 1480 3923 nostre.
1498 3869 1595 3934 dotum
1607 3868 1805 3929 Lsudunoutn

146 3954 204 4014 tna,
220 3963 282 4019 quae
301 3946 368 4002 mibi
390 3960 453 4004 cum
475 3944 655 4002 sollicitudine
676 3945 758 4001 totius
781 3946 948 4002 Rbemorum
998 3952 1061 4006 ldus
1074 3952 1174 4007 lulius.
1197 3973 1208 4002 s

147 4035 295 4108 provincis
329 4033 476 4091 commissa
512 4041 563 4103 est,
591 4034 743 4090 secundum
773 4034 947 4106 privilegium
1033 4039 1093 4108 Qua
1106 4041 1304 4113 subscriptione
1318 4050 1364 4099 tua
1377 4043 1598 4102 manifestissime
1612 4046 1707 4113 claret,
1740 4048 1807 4120 quia

145 4121 213 4180 mibi
235 4121 339 4192 dutum,
355 4121 429 4195 quod
442 4120 514 4178 male
536 4121 669 4177 admisisti
686 4121 827 4196 corrigere
853 4123 946 4180 deue·
997 4128 1021 4182 si
1044 4128 1155 4184 Nicaeno
1176 4129 1301 4195 concilio,
1325 4140 1352 4186 et
1371 4131 1432 4186 aliis
1460 4132 1635 4203 generalibus
1662 4135 1808 4195 catholicis

147 4215 277 4281 messem,
291 4210 474 4283 sprrestitutis
497 4209 601 4284 regulis
622 4210 791 4284 negligentia
819 4210 946 4268 discede-
997 4217 1120 4286 synodis,
1154 4233 1304 4290 eommque
1330 4217 1392 4274 liris
1419 4229 1446 4276 et
1470 4220 1654 4279 immobilibus
1682 4224 1805 4283 decretis

141 4313 216 4381 ¹reru,
248 4298 386 4371 aquibus
412 4299 625 4371 presumptione
652 4307 682 4354 tu
705 4298 864 4356 discessisti.
894 4299 947 4373 Egi
995 4305 1133 4360 contraris
1147 4305 1281 4362 sentisin
1309 4306 1411 4379 aliquo,
1442 4317 1471 4364 ts
1497 4309 1599 4382 tibique
1627 4312 1807 4384 complicess

142 4386 391 4462 ergosecundum
414 4386 460 4455 jus
487 4386 702 4458 metropolitana
715 4387 893 4456 auctoritatis,
923 4389 952 4444 in
965 4383 1135 4450 Dcutholica
1170 4395 1361 4451 communione
1397 4398 1568 4469 segregasti,
1599 4399 1695 4465 dicens
1719 4419 1727 4457 s
1755 4403 1807 4460 His

136 4474 276 4548 'quoiure
289 4474 508 4546 metropolitanas
523 4475 729 4548 dignitatis,mo
742 4492 758 4531 a
773 4477 948 4547 te,subJ'ectae
997 4482 1113 4538 decretis
1136 4482 1381 4553 obtemperandum
1414 4485 1573 4557 subscripsi.
1606 4487 1684 4545 Unde
1709 4490 1807 4549 verbis

147 4560 266 4621 civitatis
280 4562 420 4635 episcopo,
435 4562 584 4619 mibirelis
598 4565 668 4619 nolis
689 4565 822 4634 subjecto,
845 4564 948 4636 capitu·
998 4570 1070 4626 besti
1094 4571 1222 4643 Gregorii
1250 4571 1413 4643 alloquentis
1441 4573 1574 4636 Serenum
1601 4574 1806 4637 Massiliensem

134 4650 205 4707 'lum
218 4650 292 4708 beati
306 4651 405 4707 Leonis
418 4651 555 4720 diacremt,
572 4667 625 4723 quo
636 4652 718 4721 iussit
731 4653 948 4724 metropolitanis
998 4659 1156 4730 episcopum
1181 4667 1207 4714 te
1229 4659 1362 4731 alloquor,
1390 4660 1485 4717 dicens
1499 4663 1510 4734 (
1523 4663 1569 4719 lib.
1598 4639 1644 4730 tx,
1668 4681 1717 4737 cp.
1750 4667 1807 4739 9).-

148 4738 319 4813 singulsmm
333 4739 535 4811 provinciamm
547 4740 592 4808 jus
606 4740 710 4795 traditis
724 4740 776 4797 sibi
800 4742 948 4813 antiquitus
1000 4766 1012 4797 ι
1036 4747 1085 4802 Dic
1110 4746 1202 4814 irater,
1233 4763 1249 4801 a
1276 4764 1331 4819 quo
1357 4747 1457 4806 iactum
1485 4751 1630 4807 sacerdote
1654 4752 1805 4826 aliquando

148 4827 288 4900 dignitatis
300 4828 489 4884 intemeratum
505 4844 625 4896 servare,
641 4829 678 4884 ita
700 4837 727 4884 ut
751 4845 768 4884 a
789 4830 948 4902 praestitutis
998 4835 1119 4890 auditum
1158 4843 1199 4890 est
1232 4837 1306 4906 quod
1349 4835 1460 4894 tectius
1502 4839 1530 4896 Si
1564 4855 1618 4895 non
1643 4841 1731 4910 aliud,
1759 4842 1805 4902 vel

149 4914 251 4989 regulis
276 4914 360 4984 nulls,
382 4923 429 4971 aut
455 4916 633 4988 negligentia,
664 4922 710 4973 aut
737 4919 949 5003 presumptione
997 4923 1064 4978 illud
1078 4930 1104 4978 te
1118 4923 1210 4978 debuit
1226 4940 1366 4989 revocare,
1393 4934 1421 4981 ut
1448 4927 1585 4998 despectis
1614 4929 1675 4985 sliis
1705 4930 1805 4988 fratri-

147 5001 300 5060 discedsnt.
332 5002 413 5059 Aliud
436 5011 528 5060 sutem
551 5005 699 5076 capitulum
731 5007 854 5075 eiusdem
874 5007 949 5063 beat¹
999 5011 1147 5066 bussolum
1161 5020 1187 5066 te
1202 5020 1324 5068 sanctum
1349 5022 1376 5068 at
1394 5030 1456 5070 esse
1485 5015 1615 5073 crederes
1637 5019 1802 5089 sapientem.

147 5091 245 5149 Leonis
260 5106 305 5146 me
318 5090 367 5146 tibi
382 5092 486 5148 ordinis
510 5093 641 5150 societate
659 5095 806 5164 conjunxit,
831 5095 859 5150 iu
887 5093 947 5166 epi·
999 5099 1138 5169 Praecipua
1152 5115 1214 5154 cum
1230 5114 1370 5156 sceromm
1398 5117 1533 5160 canonum
1560 5104 1709 5174 probibitio
1725 5116 1753 5165 tc
1766 5110 1805 5165 sb

123 5195 132 5276 ἢ·
147 5179 216 5236 stola
247 5180 282 5235 ad
305 5194 402 5236 omnes
424 5180 554 5252 episcopo
573 5197 624 5253 per
648 5182 773 5238 dicerem
794 5183 948 5254 provincius
998 5188 1049 5242 hac
1062 5188 1274 5258 presumptione
1290 5189 1379 5247 modis
1392 5191 1520 5251 omnibus
1535 5194 1804 5261 revocetllocvero

147 5268 318 5337 constitutos,
334 5267 370 5324 de
393 5267 481 5325 sacris
507 5269 650 5326 ordinibus
676 5279 704 5327 et
726 5286 864 5328 canonum
883 5285 948 5344 pro·
998 5276 1071 5344 quod
1085 5275 1164 5344 dicis,
1180 5277 1239 5332 Deo
1253 5278 1401 5336 miserante
1416 5279 1549 5337 Ecclesiae
1570 5280 1764 5346 Louduuensis
1776 5293 1805 5343 te

124 5352 266 5441 *qmulgats
277 5355 439 5426 disciplinis,
455 5357 520 5412 dum
529 5356 594 5412 dicit
609 5357 704 5430 (epist.
715 5359 743 5428 t)
759 5377 766 5413 ε
785 5383 795 5407 t
814 5361 873 5416 Hoc
895 5358 947 5416 ad·
998 5379 1060 5418 esse
1074 5364 1240 5435 episcopum,
1257 5381 1368 5422 oramus
1383 5374 1412 5424 ut
1427 5384 1522 5425 verum
1538 5369 1582 5424 sit.
1599 5370 1733 5442 Legimus
1758 5382 1805 5443 tg-

121 5441 365 5500 ·nssrssssss
381 5444 532 5515 mesot,
548 5445 736 5517 muoso
749 5445 946 5518 mumm-
997 5467 1061 5508 mss
1075 5453 1110 5507 ue
1124 5452 1287 5524 qustum
1302 5454 1396 5513 usus
1410 5456 1556 5520 numum
1573 5434 1648 5530 :tsr't
1662 5436 1803 5535 rusam·
