3826 6098
149 244 203 306 587
591 244 762 306 tttncttxttt
775 248 778 253 ’
791 243 990 305 RHEMENSIS
1017 244 1293 304 thcfltnrtscott.
1744 244 1797 304 888

187 373 228 429 De
243 387 297 444 quo
311 367 410 443 pitacio
421 371 501 428 latius
515 372 544 427 in
558 372 801 444 quaterniunculis,
817 378 846 427 ut
862 386 945 442 supra
960 369 988 429 Α
1034 369 1068 423 Et
1082 369 1133 435 his,
1145 377 1175 423 ut
1190 369 1318 441 praemisi,
1336 367 1521 434 subscribens,
1537 368 1576 424 illi
1590 368 1758 440 professioni
1769 377 1797 426 et

150 459 215 527 dixi,
231 460 257 515 ei
273 460 343 514 datis
357 460 486 530 respondi
503 478 510 514 :
527 469 552 514 et
575 460 637 530 quia
660 475 795 532 nunquam
815 458 859 514 vel
884 474 948 513 nus·
999 455 1191 526 subscriptioni
1207 472 1289 528 quarn
1300 472 1393 513 coram
1408 457 1543 529 episcopis
1558 457 1654 513 decem
1677 458 1796 529 provin·

148 562 231 620 quam
246 547 422 617 apostolicam
438 548 533 603 sedem
549 547 697 602 cumadirc
712 546 850 618 prohibui.
867 547 947 600 lnsu-
997 542 1100 598 ciarum
1115 543 1143 597 in
1157 545 1262 616 synodo
1277 545 1349 615 apud
1362 545 1525 601 Attiniacum
1541 545 1682 615 professus
1696 545 1795 614 fuerat,

148 651 200 706 per
214 636 293 690 etiam
308 635 392 700 illum,
410 635 479 690 sicut
493 643 519 690 et
534 635 592 705 ipse
608 634 724 705 scripsit,
741 650 790 690 cur
797 634 947 703 jussionem
997 636 1023 684 et
1036 645 1120 685 manu
1134 631 1244 702 propria
1260 632 1459 703 subscripserat
1474 652 1481 699 3
1499 633 1611 700 scilicet,
1628 632 1692 704 qnia
1704 633 1796 704 privi-

147 722 312 780 invitationis
325 723 418 778 domni
433 723 573 794 apostolici
597 729 755 793 prosecutus
773 737 828 778 non
855 720 944 790 fuerit,
996 716 1069 789 legio
1083 719 1292 788 metropolitano
1305 720 1454 790 provinciae
1478 720 1646 776 Rhemorum
1659 719 1796 777 Ecclesiae

147 812 322 882 reprehendi.
339 810 392 880 Qui
408 811 581 882 undicunque
594 811 645 865 sihi
661 811 748 864 visum
759 809 817 876 fuit,
835 826 896 865 cum
911 810 945 864 de
996 806 1147 860 secundum
1160 821 1254 862 sacros
1270 822 1399 874 canones,
1414 816 1441 863 et
1455 808 1566 864 decreta
1585 808 1658 864 sedis
1682 816 1796 879 aposto-

148 899 206 954 suis
219 899 372 954 insolentiis
387 899 542 969 increpatus
557 906 608 962 est,
626 898 761 953 licentiam
777 898 857 952 eundi
889 898 944 952 llo-
993 891 1054 947 licae
1069 908 1104 948 ex
1117 893 1202 949 sacris
1229 895 1380 950 canonibus
1396 895 1567 968 promulgata
1592 896 1739 967 prescire
1769 902 1796 952 et

146 1000 220 1042 mam
234 987 310 1057 petit,
328 986 371 1043 vel
383 986 475 1042 sedem
491 986 668 1057 apostolicam
683 985 808 1056 appellat.
829 982 944 1052 Quando
993 994 1076 1048 posse
1089 996 1119 1035 se
1133 981 1316 1047 obediturum,
1334 983 1468 1037 contraria
1481 982 1633 1053 profitendo
1662 982 1790 1039 subscri-

143 1088 210 1130 vcro
223 1090 281 1140 rex,
299 1082 325 1129 et
337 1074 458 1145 episcopi
474 1081 536 1128 sunt
547 1073 604 1127 sibi
631 1071 791 1144 placabiles,
822 1072 856 1126 de
884 1072 944 1142 ipsa
993 1066 1056 1136 psit.
1074 1069 1114 1123 De
1144 1084 1197 1139 qua
1224 1069 1396 1138 professione
1425 1077 1505 1142 atque
1533 1069 1738 1142 subscriptione
1765 1072 1792 1126 in

144 1159 254 1218 licentia
268 1162 335 1217 nihil
350 1162 425 1227 dicit,
441 1177 493 1217 nec
510 1161 603 1216 sedem
613 1158 789 1230 apostolicam
803 1159 942 1230 appellat:
993 1154 1089 1209 eadem
1104 1156 1282 1226 synodomihi
1296 1157 1369 1223 data,
1386 1164 1498 1213 sanctus
1511 1157 1566 1215 Leo
1580 1158 1609 1212 in
1623 1157 1744 1229 epistola
1759 1159 1794 1215 ad

144 1262 208 1305 cum
218 1249 290 1305 sacri
304 1247 449 1320 praefigant
464 1263 583 1303 canones
599 1247 722 1318 qualiter,
752 1255 778 1301 et
809 1247 891 1314 unde,
918 1253 943 1300 et
992 1241 1143 1313 Septimum
1157 1243 1316 1316 episcopum
1330 1243 1396 1301 dicit
1405 1245 1500 1318 (epist.
1516 1249 1560 1315 85)
1576 1263 1612 1300 :a
1640 1245 1794 1303 saluberri-

142 1334 189 1392 ubi
203 1336 341 1407 appellare
356 1335 453 1390 debeat
468 1335 614 1405 episcopus
635 1334 814 1404 apostolicam
837 1335 941 1389 sedem.
991 1346 1067 1385 mum
1096 1339 1147 1399 est,
1174 1331 1270 1403 inquit,
1301 1342 1326 1388 et
1356 1332 1485 1404 spiritalis
1506 1333 1656 1391 medicenae
1675 1334 1792 1391 utilitate

143 1422 178 1478 lit
192 1438 265 1478 anno
279 1421 427 1492 praeterito,
443 1430 585 1493 postquam
605 1423 634 1476 in
658 1422 793 1477 httiniaco
820 1422 942 1476 libellum
990 1417 1190 1488 plenissimum,
1208 1427 1237 1473 ut
1251 1419 1309 1475 sive
1323 1420 1486 1491 presbyteri,
1512 1421 1570 1477 sive
1593 1421 1716 1489 diaconi,
1746 1421 1791 1478 rel

141 1509 177 1564 de
192 1525 241 1565 sua
255 1509 373 1580 regulari
388 1509 543 1565 obedientia
557 1509 623 1564 mihi
637 1508 759 1580 porrexit
782 1509 809 1563 in
825 1510 940 1580 synodo,
991 1505 1133 1573 cujuslibet
1144 1505 1205 1579 [ul.,
1222 1507 1279 1563 sive
1294 1506 1352 1580 alii]
1366 1508 1470 1563 ordinis
1486 1507 1588 1578 clerici,
1605 1509 1654 1581 qui
1669 1525 1699 1566 se
1730 1525 1791 1566 cor·

144 1597 239 1653 sedem
253 1597 429 1669 apostolicam
444 1612 499 1653 non
522 1597 677 1668 appellavit,
704 1613 755 1653 nec
784 1598 818 1652 de
833 1597 941 1653 licentia
991 1599 1080 1648 rectos
1095 1593 1182 1650 videri
1196 1594 1298 1661 volunt,
1311 1611 1431 1651 errorem
1447 1610 1536 1666 suum,
1551 1603 1580 1651 et
1588 1597 1666 1669 ipsos
1686 1597 1790 1654 amoris

142 1684 206 1741 illuc
216 1685 297 1741 eundi
313 1685 415 1756 aliquid
426 1685 502 1740 dixit.
523 1686 577 1741 Sed
593 1700 656 1741 cum
684 1692 837 1741 commotus
858 1685 939 1741 inho-
953 1687 1115 1777 Bauctores
1129 1682 1281 1737 damnaria
1295 1699 1325 1739 se
1347 1683 1406 1738 sine
1432 1683 1607 1755 ambiguitate
1628 1682 1767 1742 fateantur
1781 1704 1789 1753 ;

140 1779 219 1829 ueste
232 1772 296 1828 inde
310 1773 447 1841 discessit,
463 1773 635 1844 praemissum
663 1773 820 1844 pitaciolum
846 1773 881 1828 de
908 1773 940 1827 ti·
992 1775 1020 1822 ut
1035 1768 1160 1825 sensibus
1173 1770 1276 1840 pravis,
1289 1779 1314 1826 et
1329 1771 1431 1825 dudum
1445 1773 1594 1843 peremptis
1609 1773 1683 1828 nulla
1712 1774 1790 1846 aspi-

137 1859 226 1916 centia
239 1860 355 1916 Romam
369 1862 460 1927 eundi,
471 1861 544 1916 circa
560 1861 673 1917 Kalend.
690 1861 774 1915 Julius
804 1859 870 1914 mihi
899 1860 940 1914 di·
989 1863 1068 1911 rante
1095 1855 1156 1928 [al.,
1183 1857 1256 1912 nulla
1282 1858 1420 1931 sperandi]
1449 1859 1564 1929 supersit
1591 1860 1713 1927 occasio,
1738 1877 1788 1918 nec

141 1947 220 2004 rexit.
237 1948 332 2004 Postea
348 1963 412 2005 vero
440 1948 508 2002 nihil
532 1949 598 2003 mihi
625 1948 690 2003 inde
713 1948 863 2012 mandavit,
888 1963 940 2003 nec
989 1943 1074 1998 ullum
1087 1945 1241 1999 membrum
1267 1945 1401 2001 Ecclesiae
1424 1946 1517 2001 talium
1541 1945 1629 2018 possit
1657 1947 1788 2004 societate

137 2035 245 2108 mando
259 2052 367 2092 mecum
382 2035 489 2091 locutus
502 2035 561 2103 fuit,
576 2036 641 2091 iude
655 2036 759 2108 aliquid
774 2037 851 2091 dixit.
884 2037 939 2092 Sed
988 2028 1093 2099 violari,
1110 2047 1170 2086 cum
1184 2032 1332 2102 peromnia
1345 2033 1400 2087 illis
1415 2033 1548 2104 professio
1562 2034 1676 2106 propria
1695 2049 1788 2106 cmpe-

139 2129 240 2179 etcum
255 2124 356 2179 domno
372 2140 438 2194 rege
452 2124 480 2178 in
503 2124 680 2195 subsequenti
694 2140 789 2180 meuse
815 2124 938 2195 Septem·
988 2116 1021 2171 tit
1035 2117 1156 2174 obviare·
1176 2141 1187 2166 ¹‘
1205 2120 1236 2172 ¹¹1
1264 2135 1315 2190 qua
1338 2119 1508 2190 Pl050⁵⁸1⁰¹¹0
1532 2128 1558 2177 0‘
1586 2121 1787 2193 ⁸⁰b⁸⁰fil>²i0⁰0

137 2209 198 2266 brio
209 2210 239 2266 in
253 2211 368 2279 silvaco,
385 2212 445 2267 etin
459 2227 553 2267 mense
569 2210 698 2267 Octobrtq
712 2210 819 2280 fihemi,
840 2211 887 2267 ubi
911 2219 938 2266 er
988 2219 1037 2258 sua
1048 2204 1201 2261 confratres
1215 2207 1421 2265 etvenerabiles
1435 2207 1592 2280 coepiscopi
1607 2209 1704 2277 nostri,
1722 2225 1787 2267 con·

136 2311 191 2370 ego
204 2297 251 2363 tut,
268 2305 294 2354 et
309 2298 549 2369 domntaposrottci
563 2299 639 2352 missi
651 2297 814 2370 iutuemur,
832 2306 859 2354 et
873 2298 937 2354 inde
987 2290 1109 2347 sulentes
1123 2293 1319 2349 duritiaeauimi
1334 2295 1386 2361 sut,
1403 2301 1430 2351 et
1450 2303 1643 2367 supportantes
1667 2312 1732 2353 eum
1759 2298 1786 2354 in

136 2383 203 2439 nihil
216 2384 292 2439 dixit.
309 2385 414 2440 Deinde
438 2401 533 2441 mense
559 2386 703 2441 Februario
722 2385 754 2440 in
768 2386 936 2457 Compendio
986 2378 1128 2447 distillate,
1145 2380 1359 2438 noluerunteum
1374 2397 1541 2456 extssssefflre
1555 2383 1590 2439 de
1612 2386 1784 2456 Pl'aeleffiitt

133 2480 201 2527 cum
210 2471 311 2527 domno
326 2488 392 2545 rege
406 2488 455 2543 per
469 2472 572 2543 aliquot
585 2473 645 2528 dies
659 2472 718 2541 fuit,
736 2480 762 2527 et
772 2489 824 2545 ego
854 2474 936 2529 etiam
987 2467 1035 2522 sed
1050 2473 1153 2523 tantum
1168 2468 1286 2525 futuram
1299 2471 1494 2528 comectionem
1507 2471 1661 2544 profitendo
1674 2480 1702 2529 et
1721 2474 1786 2530 sub-

131 2557 187 2614 illic
200 2557 248 2614 fui.
265 2561 365 2615 Postea
383 2575 449 2615 vero
458 2575 553 2614 mense
565 2559 651 2630 Aprili
671 2559 742 2631 apud
772 2560 935 2617 Silvanectis
986 2554 1131 2610 scribendo
1146 2557 1323 2626 promitteret.
1340 2557 1518 2616 Attendentes
1533 2560 1607 2633 quod
1625 2560 1657 2616 B.
1673 2560 1786 2635 Grego-

134 2661 197 2702 cum
210 2646 311 2703 domno
326 2663 392 2720 rege
407 2646 466 2702 fuit.
478 2647 631 2702 Etdemum
641 2647 670 2702 in
684 2647 792 2704 Silvaco
807 2664 858 2719 per
882 2649 932 2704 ali-
985 2640 1043 2696 rius
1058 2641 1086 2697 in
1103 2643 1233 2712 pastorali
1260 2646 1364 2718 Regula
1392 2646 1475 2714 dicit;
1494 2668 1505 2698 ι
1522 2646 1591 2716 Quia
1617 2645 1784 2722 plerumque

133 2739 198 2804 quot
208 2733 267 2789 dies
280 2751 343 2790 curn
364 2735 464 2790 domno
488 2750 556 2806 rege
584 2734 643 2804 fuit,
673 2742 699 2790 et
728 2751 781 2807 ego
797 2736 879 2790 etiam
897 2736 935 2791 ibi
985 2728 1145 2800 quosfortis
1159 2731 1361 2803 pigmentorum
1375 2735 1451 2805 potio
1479 2750 1574 2791 curare
1602 2750 1660 2791 nun
1687 2736 1784 2804 valuit,

132 2818 181 2885 fui,
196 2826 224 2874 et
237 2821 304 2875 nihil
315 2821 378 2876 inde
394 2821 471 2876 dixit.
487 2821 587 2890 Etjam
601 2822 694 2892 plures
708 2822 839 2878 Kalendae
857 2839 933 2878 men·
984 2816 1020 2871 td
1031 2816 1146 2874 sulutem
1155 2819 1296 2890 pristinam
1311 2829 1392 2894 atque
1407 2829 1503 2894 tepens
1528 2823 1691 2880 reduxit:et
1714 2841 1785 2881 non·

133 2904 172 2960 sia
181 2907 298 2978 Augusti
312 2907 530 2977 pertransiemut
549 2908 621 2963 ultra
649 2908 777 2978 placitum
804 2910 877 2980 quod
906 2919 933 2965 et
983 2902 1057 2957 nullu
1071 2905 1185 2961 vulnera
1200 2925 1261 2979 qnae
1275 2909 1361 2965 curari
1381 2909 1514 2968 incisione
1540 2910 1608 2967 ferri
1630 2920 1784 2985 nequeunt,

134 2991 251 3048 domnus
265 2993 432 3064 apostolicus
454 2993 538 3061 misit,
568 2993 702 3050 mandans
726 3003 754 3050 ut
776 2995 845 3050 ultra
872 2996 931 3051 illas
983 2989 1111 3047 fomentis
1142 2992 1195 3049 olei
1206 3003 1336 3052 sanantur
1352 3005 1394 3053 :ct
1402 2998 1486 3054 durus
1496 2998 1610 3055 adamas
1619 2997 1788 3058 incisionem

133 3078 270 3136 Kalendas
285 3095 340 3135 non
354 3088 539 3136 remoraretur
552 3081 617 3153 quin
645 3082 761 3162 Romam
790 3090 928 3156 pergeret.
946 3054 1047 3134 Cferri
1062 3079 1176 3136 minime
1197 3083 1303 3154 recipit,
1330 3084 1380 3141 sed
1402 3084 1457 3142 leni
1482 3085 1621 3144 hircorum
1646 3088 1789 3163 sanguine

132 3165 234 3239 Scripsi
248 3168 331 3239 etiam
345 3167 394 3235 illi,
415 3169 478 3240 quia
491 3168 595 3224 insulse
623 3170 771 3241 scripserit,
804 3170 932 3242 quoniam
982 3165 1156 3223 mutescit..

131 3253 155 3310 ai
169 3253 307 3312 licentiam
321 3255 348 3312 ei
361 3256 443 3311 eundi
456 3258 571 3312 Romam
585 3258 659 3330 apud
673 3273 768 3331 regem
792 3273 848 3315 non
876 3258 931 3314 im-
1016 3253 1051 3308 Et
1065 3255 1115 3311 hac
1130 3255 1302 3326 professione
1321 3273 1404 3330 quam
1430 3260 1600 3334 subscripsit,
1620 3262 1731 3335 quiesi
1758 3263 1786 3322 ci

132 3349 289 3415 patrarem:
306 3343 413 3400 Abhinc
429 3349 463 3400 ct
478 3346 685 3418 archiepiscope
696 3348 873 3419 coepiscopus
887 3348 932 3405 oh·
980 3339 1117 3397 licentium
1132 3343 1215 3399 eundi
1229 3343 1352 3416 Romam,
1377 3362 1431 3419 quo
1449 3347 1528 3403 illum
1549 3347 1594 3405 vel
1622 3365 1785 3423 quenquam

37 3440 42 3444 ·
133 3433 291 3503 temperare
297 3431 384 3497 debet,
393 3433 605 3490 acumicemthr'
611 3434 721 3507 obsequi
728 3449 786 3489 noa
790 3435 932 3507 possetlit
980 3443 1119 3500 nunquam
1134 3430 1178 3486 vel
1192 3447 1325 3504 nusquam
1339 3432 1478 3491 volentem
1491 3434 1532 3492 ire
1545 3435 1682 3508 prohibui,
1709 3440 1785 3511 apud

132 3516 199 3590 quia
211 3527 305 3574 contra
318 3519 452 3577 rationem
464 3521 517 3577 boc
532 3521 607 3587 dixit,
628 3520 654 3576 ei
668 3537 701 3575 ex
714 3521 836 3593 epistolis
858 3522 930 3578 beati
980 3523 1110 3581 domnum
1125 3542 1220 3600 regem
1234 3527 1363 3585 Carolum
1378 3544 1433 3585 non
1448 3529 1633 3603 impetrarem,
1649 3532 1720 3589 mihi
1750 3550 1784 3591 ex

132 3601 231 3658 Leonis
245 3603 351 3659 ostendi
367 3621 375 3670 ς
391 3611 418 3660 et
426 3605 617 3661 utdecretales
627 3605 755 3675 epistolas
770 3621 838 3678 quas
861 3606 930 3662 bea·
980 3617 1053 3682 tunc,
1083 3619 1113 3668 ut
1137 3613 1343 3687 archiepiscopo
1379 3616 1557 3691 coepiscopus
1589 3618 1784 3693 obtemperare

130 3689 229 3746 tissimi
243 3706 322 3762 papae
336 3691 454 3748 diversis
467 3693 638 3763 temporibus
653 3693 687 3746 ab
701 3694 864 3750 urbeRoma
879 3709 929 3764 pro
979 3698 1071 3767 debet,
1089 3700 1220 3757 canonice
1243 3702 1342 3760 scirem
1363 3703 1440 3760 illum
1454 3706 1569 3778 obsequi
1592 3721 1649 3763 nou
1674 3723 1781 3780 posse:

131 3776 415 3849 diversorumpatmm
432 3779 617 3834 consolatione
639 3779 782 3848 dederunt,
807 3780 842 3836 de
870 3781 931 3852 qui·
979 3785 1163 3859 subjungens:
1178 3788 1262 3863 uligo
1273 3791 1438 3848 ilincmarus
1448 3792 1781 3853 S.1.audnnensisEccle-

132 3864 234 3935 bnsfut
248 3880 263 3918 a
278 3864 487 3934 metropolitano
501 3865 647 3938 privilegio
662 3874 756 3922 contra
770 3883 888 3923 canones
903 3877 930 3924 et
979 3872 1025 3928 siae
1041 3874 1187 3948 episcopus
1208 3887 1305 3949 sponte
1327 3878 1500 3952 subscripsi:
1519 3903 1530 3927 u
1547 3879 1620 3937 iilam
1650 3897 1738 3954 quam
1752 3883 1781 3940 in

131 3951 243 4007 decreta
255 3951 330 4007 sedis
345 3952 501 4022 apostolica
516 3968 549 4006 ex
560 3952 665 4008 eisdem
676 3954 763 4009 sacris
777 3956 929 4012 canonibus
978 3961 1083 4031 synodo
1098 3962 1193 4019 decem
1206 3964 1409 4036 provinciarum
1424 3967 1497 4038 apud
1506 3967 1672 4025 Attiniacum
1693 3969 1778 4028 habi·

129 4036 303 4110 promulgata
317 4054 347 4093 se
362 4038 448 4109 possit
463 4054 571 4108 exuere,
598 4040 767 4097 contumacia
794 4043 928 4112 pertinaci
978 4054 1033 4103 tarn
1047 4049 1113 4105 mihi
1137 4050 1222 4121 dedit,
1247 4060 1378 4124 quantum
1403 4054 1432 4108 in
1458 4054 1519 4126 ipso
1544 4053 1604 4125 fuit,
1633 4056 1778 4117 destruxit.

130 4124 279 4197 contendit)
294 4125 371 4181 illurn
393 4126 556 4196 commonui,
586 4135 615 4182 ut
646 4128 797 4184 secundum
827 4130 928 4187 dictum
978 4135 1053 4192 Sicut
1075 4137 1105 4192 B.
1131 4138 1186 4194 Leo
1213 4140 1242 4195 in
1271 4139 1386 4211 epistola
1409 4140 1444 4196 ad
1471 4141 1590 4199 Leonem
1619 4144 1782 4218 Augustum

129 4211 203 4268 beati
218 4211 321 4269 Gelasii
335 4213 526 4270 uenerabiliter
537 4215 697 4286 susciperet,
714 4224 741 4272 et
755 4232 834 4274 sacra
862 4235 928 4275 con·
976 4222 1073 4296 (epist.
1089 4224 1146 4296 ts),
1166 4226 1248 4282 etiam
1262 4233 1352 4283 tantus
1369 4227 1488 4299 pontifex
1503 4230 1538 4287 de
1552 4245 1582 4286 se
1595 4229 1704 4301 dicens,
1729 4249 1796 4291 os·-

130 4299 203 4371 cilia,
218 4308 248 4355 ut
262 4301 397 4370 Gelasius,
405 4310 431 4358 et
445 4303 538 4360 caeteri
562 4303 688 4360 catholici
709 4305 845 4374 videlicet,
873 4307 926 4364 do·
976 4310 1083 4366 tendit:
1102 4334 1113 4363 ι
1132 4313 1288 4370 Secundum
1316 4315 1471 4386 apostolum
1486 4317 1591 4388 (Galat.
1607 4318 1684 4389 blei
1720 4346 1726 4370 ·
1757 4348 1790 4370 c.-
1870 4345 1882 4349 >

130 4387 221 4460 ctique
234 4387 374 4460 pontifices
389 4390 579 4459 decreverunt,
596 4391 787 4449 inviolabiliter
815 4408 925 4450 conser—
939 4396 1109 4469 Ddestruxi,
1120 4401 1180 4457 haec
1191 4401 1317 4469 aedificio,
1327 4404 1563 4475 prevaricatorem
1569 4421 1614 4463 mc
1622 4407 1773 4479 constituo,

129 4482 216 4546 rarat,
232 4475 271 4531 iili
285 4476 369 4532 suasi.
976 4491 1001 4539 et
1016 4484 1056 4541 eis
1069 4502 1113 4543 me
1127 4486 1257 4545 ultionum
1281 4490 1482 4548 conditionibus
1509 4493 1607 4561 subdo,
1627 4509 1699 4567 quaa
1719 4512 1768 4555 no

144 4572 198 4628 ltt
211 4573 246 4628 de
261 4574 377 4645 eoquod
392 4572 508 4645 scripsit,
524 4574 586 4646 quia
604 4598 614 4622 a
629 4576 702 4647 quod
717 4576 867 4648 apostolica
882 4594 925 4634 se.
975 4571 1062 4629 solum
1085 4575 1233 4632 auctoritas
1261 4577 1349 4634 beatae
1367 4579 1509 4637 memoriae
1531 4579 1664 4654 principis
1695 4583 1759 4640 liar

128 4660 177 4718 des
192 4659 227 4716 de
241 4676 274 4717 eo
290 4660 381 4730 voluit,
397 4676 428 4717 ac
443 4661 585 4732 disposuit,
602 4663 726 4736 Remigio
755 4673 780 4720 et
806 4665 924 4722 haduico
973 4660 1049 4730 tiant,
1067 4662 1115 4719 sad
1132 4663 1212 4719 etiarn
1226 4680 1278 4737 ego
1289 4680 1350 4721 mea
1359 4668 1540 4724 consensione
1553 4666 1670 4727 timavi.
1688 4693 1701 4720 v
1719 4671 1761 4728 n·-

128 4747 340 4819 archiepiscopis
369 4749 547 4815 committere,
570 4750 746 4806 commisitt»
763 4751 866 4809 scilicet
895 4762 923 4809 ut
974 4749 1071 4804 struxit
1085 4750 1158 4806 enirn
1172 4752 1199 4806 in
1212 4751 1325 4824 praefata
1353 4756 1459 4825 synodo
1479 4754 1672 4814 inobedientia
1698 4775 1758 4831 pr.

126 4849 176 4906 per
189 4849 237 4890 eos
251 4834 344 4891 domni
357 4836 497 4907 apostolici
512 4837 636 4908 epistola,
653 4839 724 4894 unde
732 4838 770 4893 illi
784 4841 920 4910 mandavi,
973 4833 1085 4893 terilttae
1094 4838 1275 4907 insolentiam,
1292 4839 1431 4898 aetltfittttt
1440 4841 1592 4914 profitendo
1605 4850 1633 4901 ef
1648 4844 1760 4904 tttbwri

126 4921 161 4977 ad
175 4921 305 4977 domnum
318 4939 413 4995 regem
427 4925 577 4995 peveniret,
595 4934 622 4980 et
641 4925 693 4997 ipsi
721 4926 781 4995 ejus
809 4943 921 4984 eausam
972 4921 1062 4978 hendo
1076 4923 1193 4981 futuram
1209 4927 1358 4983 secundum
1370 4944 1594 4987 sacroscanones
1617 4946 1688 5006 erga
1712 4949 1770 4991 aaa

124 5008 311 5082 agerentzilli
331 5025 386 5065 uon
414 5011 504 5079 credo,
531 5013 658 5084 quoniam
687 5013 801 5085 epistola
828 5014 920 5072 domni
970 5010 1129 5083 metropolis
1142 5013 1315 5088 privilegium
1343 5016 1537 5075 obedientiam.
1552 5016 1642 5087 Qum
1670 5018 1709 5078 ὶῑθ
1732 5045 1765 5070 ”··

123 5096 266 5169 apostolici
276 5097 342 5151 mihi
356 5097 458 5154 directa
472 5107 566 5171 aperte
581 5101 756 5167 demonstrat,
787 5100 860 5157 illam
886 5103 920 5160 de
969 5096 1022 5154 hta
1044 5099 1279 5170 prevaricationis
1308 5119 1366 5162 suae
1388 5104 1560 5176 professione
1589 5113 1670 5180 atque
1699 5109 1769 5165 sub·

122 5184 294 5258 quaoblique
309 5185 417 5260 sategit,
434 5187 501 5242 mihi
514 5187 632 5257 misisse,
645 5196 673 5243 ut
688 5188 918 5261 egoilliusvide·
969 5185 1115 5258 scriptione
1130 5186 1282 5260 destruere,
1298 5197 1325 5245 et
1345 5192 1488 5249 annullare
1516 5193 1625 5268 satagit,
1654 5202 1682 5252 et
1711 5197 1815 5270 pri-r

120 5270 185 5328 licet
198 5270 363 5346 suffraganei
378 5274 441 5340 mei,
457 5289 570 5330 causam
584 5292 694 5346 agerem
709 5277 782 5347 apud
796 5293 916 5350 regem:
969 5271 1066 5329 stiuam
1098 5291 1177 5331 sunm
1204 5275 1386 5349 insolentiam,
1416 5280 1541 5339 redivivo
1569 5280 1665 5340 furore
1683 5299 1786 5342 resa--

121 5365 253 5429 quatenus
264 5368 291 5416 ct
304 5362 453 5433 apostolica
466 5361 547 5417 sedes
562 5363 685 5434 vigorem
707 5365 849 5435 proprium
870 5381 916 5421 re·
968 5360 1082 5431 stiterit,
1099 5378 1133 5419 ac
1147 5379 1198 5436 par
1211 5364 1263 5420 hoc
1277 5381 1307 5420 se
1316 5367 1555 5439 praevaricatorum
1578 5371 1731 5429 constituit.

87 5511 90 5517 .
119 5444 224 5514 tineret,
240 5455 267 5502 et
282 5463 298 5502 a
313 5465 342 5504 se
357 5465 487 5505 concessa
499 5448 560 5504 aliis
572 5450 634 5518 jura
649 5466 698 5505 sua
712 5466 768 5506 non
782 5453 913 5509 demeret.
1002 5455 1077 5525 Quas
1093 5472 1190 5515 omnes
1203 5459 1393 5531 professiones
1404 5471 1431 5521 et
1459 5463 1674 5537 subscriptiones
1702 5484 1768 5526 snas
