3826 6098
148 285 198 344 ihi
718 272 895 332 aristosa
918 274 963 330 ET
990 274 1164 332 DECRETA.
1751 274 1804 335 '122

150 408 265 464 Remota
280 411 344 460 sunt
358 403 549 460 decoramenta
563 417 624 473 quae
639 406 822 465 veterascunt,
839 400 888 454 sed
909 414 951 454 re·
965 398 1115 463 Astantius
1138 417 1199 472 quae
1227 407 1322 456 nostra
1350 406 1413 456 sunt
1440 401 1551 473 exsequi
1574 399 1805 471 contemplamur,

152 496 242 568 posita
257 501 319 548 sunt
334 492 411 548 vobis
426 498 586 547 ornamenta
607 507 668 561 quae
689 505 744 544 non
768 496 951 545 marcescunt.
1003 488 1132 559 Epistola}
1147 497 1238 544 autem
1252 490 1318 559 ipsse
1334 489 1432 561 quibus
1447 489 1538 545 missae
1562 489 1625 556 sint,
1649 489 1805 560 superscri-

152 584 187 639 Et
201 582 266 654 quid
280 581 384 652 plura‘.l
398 580 450 634 Pro
465 594 618 634 aerumnoso
633 586 660 633 et
673 576 842 648 phantastico
857 591 952 649 regno,
1003 577 1059 648 ptio
1074 592 1166 633 aarum
1187 578 1357 643 monstrabit,
1374 593 1443 649 quas
1466 578 1524 648 ipse
1546 578 1642 648 prooul
1666 578 1749 634 dubio
1771 578 1807 635 ad

152 669 310 743 percipietis
324 667 388 724 lelix
403 676 428 723 et
443 684 538 722 verum
562 665 706 737 imperium
723 683 731 720 ι
747 673 773 720 et
788 680 882 721 revera
896 665 954 720 haec
1005 680 1053 720 eos
1068 665 1167 736 quibus
1181 666 1291 721 directa
1304 673 1367 721 sunt
1382 664 1467 722 lacios
1482 666 1622 736 asportari.
1639 667 1706 723 Esto
1714 667 1806 737 itaque

152 768 194 816 est
207 757 359 812 immutatio
373 757 490 812 dexterae
504 755 614 811 Excelsi
629 755 715 825 (Psoi.
732 754 842 824 cxxvi).
854 754 954 808 Verum
1004 750 1204 820 fidusinnobis,
1212 761 1239 808 et
1248 754 1426 826 viriliteraqe
1436 758 1464 811 et
1472 757 1650 825 confortetur
1657 771 1705 811 cor
1714 760 1805 823 ianm,

151 863 214 905 oum
230 845 343 918 sapienti
358 845 436 901 vobis
464 852 490 899 et
517 860 578 915 quae
605 842 691 898 nostis
712 842 746 897 de
767 841 862 913 paucis
876 841 955 912 plura
1005 845 1032 897 et
1048 842 1157 896 sustine
1172 843 1333 911 Dominam,
1346 849 1382 910 et,
1400 844 1520 914 Accinge
1540 844 1616 898 sicat
1632 842 1677 899 uir
1701 843 1806 899 iambos

150 950 269 1008 pensare
284 948 373 1005 pauca
388 930 536 997 sufficiant3
553 930 595 985 his
609 930 647 986 ita
661 930 819 1001 praelibatis,
833 929 954 985 dilectio·
1007 932 1068 984 titos
1096 928 1166 1000 (lah.
1183 931 1240 1000 xa),
1271 937 1298 984 et
1327 929 1461 996 accelera,
1486 938 1514 985 ut
1542 930 1713 986 dilectionem
1732 937 1807 986 tuam

151 1040 216 1080 nem
229 1030 349 1079 vestram
365 1021 461 1076 merito
476 1034 681 1076 commonemus
703 1026 732 1073 ut
751 1017 885 1090 spirituali
899 1016 955 1072 filio
1006 1015 1130 1088 superius
1146 1019 1372 1073 commonuimus.
1389 1018 1522 1089 Optamus
1540 1019 1709 1075 sanctitatem
1721 1026 1805 1086 tuam,

151 1120 247 1168 nostro
261 1110 361 1166 Carolo
375 1108 498 1181 piissimo
513 1107 671 1178 imperatori
684 1121 760 1178 puras
775 1105 837 1160 tidei
852 1120 886 1160 ao
896 1104 955 1159 sin·
1006 1114 1057 1161 eto.
1076 1107 1142 1161 Data
1157 1121 1186 1161 vr
1201 1105 1339 1161 Kalendas
1353 1107 1464 1177 Aprilis,
1481 1106 1628 1163 indictione
1641 1124 1671 1163 x.

150 1215 224 1257 cerae
238 1197 390 1255 devotionis
406 1197 537 1253 exhibens
552 1212 662 1266 semper
684 1194 877 1268 integritatem,
893 1209 954 1249 orn-

150 1304 202 1343 nes
217 1288 252 1342 ad
268 1288 325 1355 ejus
350 1285 583 1340 mansuetudinem
608 1285 733 1349 attrahat,
751 1289 777 1338 et
800 1281 955 1336 salubribus

151 1376 262 1433 monitis
284 1374 467 1430 inviolabilem
482 1373 507 1428 ei
535 1372 617 1428 fidem
642 1388 753 1427 servare
778 1371 954 1426 demonstret.

152 1467 214 1522 Nan
230 1465 308 1520 anim
319 1467 361 1519 est
372 1466 504 1536 potestas,
521 1468 551 1516 ut
565 1461 713 1532 Apostolus
734 1460 779 1524 ait,
798 1460 856 1514 nisi
870 1475 888 1513 a
903 1461 955 1514 Dea

154 1551 323 1624 (nomina).
336 1551 385 1606 Et:
395 1552 447 1619 Qui
453 1551 563 1606 resistit
569 1551 714 1622 potestati,
723 1549 772 1604 liei
782 1547 957 1605 ordinationi

152 1641 263 1697 resistit
277 1640 387 1711 (ibid.),·
402 1654 453 1694 noa
467 1647 569 1705 autem,
590 1637 654 1709 quia
677 1637 752 1691 illum
775 1635 912 1701 divinitus,
928 1642 957 1689 ut

153 1729 301 1794 credimus,
324 1727 374 1781 acti
397 1726 482 1783 semel
503 1726 646 1797 elegimus,
670 1732 804 1796 perpetuo
827 1732 999 1812 tanquamB

153 1816 240 1872 filium
268 1815 460 1872 charissimum
487 1814 561 1870 omni
586 1821 686 1869 conatu
709 1812 858 1886 diligimus,
874 1813 912 1866 ita
928 1818 958 1867 ut

152 1905 240 1976 ipsius
254 1903 357 1960 amicos
372 1912 399 1959 et
413 1902 547 1971 inimicos,
558 1908 666 1957 nostros
680 1901 782 1957 amicos
796 1909 823 1955 et
832 1900 956 1957 inimicos

153 1994 271 2049 existere
287 2000 428 2048 teneamus
444 2009 451 2046 :
469 1990 557 2063 siqua
571 2005 637 2045 vero
657 1997 719 2044 sunt
744 1988 821 2045 vobis
843 1989 877 2043 ab
899 1988 956 2057 ejus

152 2081 298 2138 clementia
311 2079 490 2151 impetranda,
506 2094 557 2149 per
570 2094 620 2133 nos
640 2078 788 2143 credimus,
804 2092 863 2133 oum
880 2075 957 2132 vobis

152 2169 273 2235 libuerit,
289 2168 461 2224 indifficulter
474 2167 598 2223 obtinere
618 2166 751 2222 valebitis.
771 2165 850 2234 Quod
865 2171 892 2220 et
905 2179 956 2219 nos

153 2257 333 2313 libentissime
348 2273 397 2328 pro
408 2256 541 2312 memoria
555 2256 654 2326 priscae
666 2253 842 2327 benignitatis
856 2259 956 2308 vestrae

153 2361 293 2418 geremus,
311 2353 337 2400 et
349 2345 422 2400 idem
436 2345 498 2416 pius
513 2346 654 2417 Augustus
668 2359 719 2414 pro
728 2344 778 2398 Dei
789 2349 958 2398 sanctorum-

154 2450 208 2506 que
223 2434 417 2504 apostolorum,
434 2432 484 2487 sed
498 2439 524 2487 et
533 2432 616 2487 nostri
631 2431 777 2486 dilectione
791 2431 882 2485 auimo
893 2445 957 2502 gra·

153 2521 218 2577 tanti
233 2522 375 2578 concedet.
402 2520 534 2592 Optamus
557 2519 732 2575 dilectionem
754 2526 872 2575 vestram
888 2518 957 2572 bene

152 2609 181 2665 in
196 2609 303 2665 Christo
318 2610 419 2675 valere,
436 2608 610 2664 dilectissima
625 2607 690 2663 fitia.
707 2609 777 2662 Data
801 2622 830 2660 vr
854 2605 957 2661 Kalen·

152 2697 205 2754 das
219 2697 330 2770 Aprilis,
347 2696 494 2753 indictione
509 2696 625 2751 decima.

505 2819 611 2875 vatt.

262 2941 298 2982 nn
317 2941 471 2982 wrsaonmt
491 2941 646 2980 nrrscorun
665 2938 845 2980 assummum.

466 3014 556 3086 (Anno
571 3015 645 3083 stt.)

1346 1265 1465 1320 LXVlll.

1199 1385 1236 1425 nn
1255 1386 1405 1426 noornrunn
1423 1386 1458 1425 nr
1475 1384 1614 1427 sosanna.

1318 1478 1408 1547 (Anno
1424 1476 1499 1548 stt.)

1006 1595 1144 1651 Hortatur
1163 1596 1196 1648 ut
1211 1593 1258 1649 det
1272 1609 1387 1664 operam
1405 1607 1441 1647 ne
1466 1593 1624 1649 Christiani
1638 1593 1729 1663 toedas
1744 1609 1809 1649 anm

1264 1681 1413 1761 Saracenis
1429 1682 1551 1752 [miani.
1623 1693 1624 1696 ’

1047 1824 1174 1879 loannes
1189 1822 1332 1894 episcopus
1345 1823 1472 1877 Domator
1486 1834 1498 1862 ²
1510 1830 1537 1878 et
1551 1822 1656 1877 Jonuvr
1670 1821 1788 1894 hypatis.

1048 1939 1190 1996 Devotloni
1206 1947 1258 1995 tuae
1276 1954 1327 2010 pro
1351 1938 1446 1995 labore
1471 1937 1533 1994 fidei
1557 1937 1715 1994 Christiana
1730 1953 1813 2011 quam

1012 2027 1114 2085 excolis
1138 2028 1289 2100 gratiarum
1314 2026 1466 2083 actionibus
1493 2025 1650 2097 persolutis,
1665 2025 1762 2081 iterum
1786 2033 1815 2082 et
1893 2051 1902 2066 ι

1012 2117 1109 2172 iterum
1123 2117 1300 2172 exhortamur
1314 2123 1343 2170 ut
1366 2114 1453 2188 magis
1476 2130 1508 2172 aa
1531 2114 1619 2187 magis
1644 2121 1772 2187 satagere
1786 2120 1815 2170 et

1011 2205 1161 2272 decertare,
1179 2212 1205 2259 et
1220 2211 1339 2274 coeptum
1357 2202 1478 2258 laborem
1493 2203 1528 2259 ad
1552 2201 1698 2275 perlectam
1713 2203 1815 2259 ducere

1011 2293 1147 2350 actionem
1161 2308 1291 2363 procures
1306 2307 1312 2346 :
1328 2298 1357 2346 ut
1372 2290 1515 2346 Christiani
1531 2289 1649 2345 nominis
1661 2289 1713 2346 viri
1725 2305 1814 2362 page-

1010 2396 1109 2438 norum
1124 2380 1229 2436 loedcra
1250 2379 1364 2451 fugiant,
1381 2386 1407 2434 et
1426 2378 1514 2434 solum
1535 2378 1563 2432 in
1586 2379 1683 2445 Deum,
1700 2377 1747 2451 qui
1766 2393 1814 2436 eos

1011 2470 1124 2535 creavit,
1142 2477 1168 2525 et
1195 2484 1249 2525 non
1276 2467 1304 2522 in
1333 2466 1432 2523 diaboli
1461 2466 1593 2536 membra,
1608 2483 1670 2538 quae
1689 2475 1752 2522 sunt
1765 2466 1814 2523 lilii

1010 2557 1198 2614 fornicationis
1213 2564 1240 2612 et
1250 2571 1317 2611 vasa
1331 2555 1388 2621 ine,
1405 2571 1480 2626 spem
1492 2570 1570 2611 suam
1584 2571 1685 2625 ponere
1695 2555 1813 2612 discant.

1010 2646 1090 2716 Quod
1104 2661 1167 2701 oum
1182 2645 1282 2717 egeris,
1299 2644 1416 2698 salvabis
1431 2644 1549 2698 animam
1565 2651 1648 2706 tuam,
1664 2651 1690 2698 et
1705 2644 1814 2713 operies

1009 2733 1207 2789 multitudinem
1223 2739 1407 2803 peccatorum.
1424 2731 1494 2786 Dicit
1509 2730 1581 2786 enim
1596 2730 1690 2786 beatus
1704 2731 1789 2788 Jacob
1805 2748 1813 2787 ε

1013 2824 1065 2891 Qui
1081 2823 1207 2878 conuerti
1219 2822 1322 2893 fecerit
1333 2823 1510 2891 peccatoram
1525 2821 1558 2876 ab
1573 2835 1667 2875 erroro
1677 2821 1729 2875 oioe
1743 2835 1811 2887 snas,

1010 2910 1131 2967 salvabit
1146 2910 1275 2965 animam
1290 2924 1372 2963 snam
1386 2925 1403 2963 a
1417 2911 1517 2976 morte,
1529 2910 1672 2980 etoperiet
1681 2909 1813 2963 multita-

1010 2999 1107 3055 dinem
1129 3001 1313 3070 peccatoram
1335 2996 1407 3068 (iac.
1433 2995 1472 3066 v).
1497 2996 1564 3051 Data
1583 3011 1602 3051 v
1622 2996 1685 3052 ldus
1699 2995 1812 3068 Aprilis,

151 3123 290 3178 Hortatur
305 3124 338 3177 nt
353 3136 530 3193 quoscunque
543 3123 635 3193 potest
650 3119 687 3175 ad
705 3122 813 3173 sancta
828 3119 960 3173 nomana
974 3105 998 3168 C
1010 3086 1103 3142 ¹¹¹d¹⁰t·
1121 3102 1147 3140 ¹·

189 3193 322 3248 Ecclesia
335 3192 528 3262 defensionem
544 3192 661 3253 excitat,
679 3193 707 3244 at
725 3188 760 3242 ad
775 3203 804 3243 sa
819 3203 884 3243 cuns
900 3188 960 3241 sais

188 3265 295 3329 veniat,
312 3267 345 3317 ut
358 3263 502 3317 communi
526 3261 643 3316 consilia
667 3260 803 3314 Saraceni
817 3259 850 3313 ab
876 3257 961 3312 ltalia

187 3334 375 3473 effabantur
390 3350 396 3386 :
413 3334 505 3387 mittit
528 3331 701 3386 desideratas
721 3330 865 3400 epistolas,
892 3343 961 3400 qaas

186 3421 206 3458 a
229 3404 347 3458 arcadas
361 3407 443 3459 caret
456 3403 493 3458 iis
507 3402 607 3473 quibas
622 3401 799 3456 scribuntur.

1362 3215 1460 3269 LXIX.

1065 3345 1102 3385 nn
1121 3342 1288 3386 runcnsnsrr
1308 3344 1527 3385 rnarncrunruu
1545 3340 1754 3385 nnnurrrsumr.

1321 3435 1412 3507 (Anno
1427 3436 1502 3506 stt.)

185 3509 316 3564 Jonnnss
329 3508 472 3579 episcopus
490 3507 632 3562 Wranono
657 3505 786 3576 episcopo
802 3503 960 3558 Parmensi·

185 3596 348 3652 Deuotionis
369 3605 423 3652 tuae
444 3594 557 3651 affectus
578 3611 633 3650 non
657 3593 734 3649 inscii
755 3600 845 3666 grates
861 3591 959 3647 condi·

139 3701 225 3762 guas
239 3685 403 3751 referimus3
421 3684 485 3756 quia
500 3700 564 3739 vero
586 3683 758 3739 sanctitatem
781 3680 873 3736 dolere
888 3687 962 3734 tuam

134 3773 345 3848 cognoscimus
359 3787 410 3843 pro
425 3789 458 3828 eo
474 3772 545 3844 quod
562 3787 578 3826 a
593 3772 672 3827 nonis
691 3769 756 3824 ninn
782 3769 833 3822 sint
859 3767 962 3823 tataris
1047 3757 1176 3811 ronanus
1190 3753 1336 3826 episcopus
1350 3753 1490 3808 emonam
1504 3752 1518 3789 ι’
1533 3751 1704 3824 praefecturio
1723 3751 1815 3808 Anu-
1896 3759 1898 3761 ’

128 3857 326 3932 injungatur;
342 3857 379 3911 nil
393 3872 455 3911 esse
470 3855 579 3911 noveris
595 3855 669 3909 aliud
686 3854 742 3908 nisi
759 3853 821 3924 quia
835 3852 961 3907 novimus
1013 3843 1105 3899 titano.

129 3955 170 4006 te
188 3945 287 4001 multis
301 3945 381 4014 hujus
395 3945 527 4015 temporis
549 3943 733 4014 procellarum
748 3941 874 3996 lluctibus
890 3941 961 3994 irre·
1050 3950 1234 4005 Admonemus
1253 3955 1281 4003 ,11
1304 3947 1331 4002 in
1353 3946 1428 4003 omni
1450 3947 1549 4004 virtute
1564 3954 1609 4003 qua
1633 3956 1660 4003 εἴ
1683 3945 1816 4019 sapientia

125 4038 239 4093 titum.
253 4035 352 4089 Verum
367 4033 432 4105 quio
447 4033 525 4088 nobis
540 4032 626 4086 multa
649 4031 781 4086 incumbit
795 4029 955 4092 necessitas,
977 4102 989 4114 .
1015 4046 1060 4094 sua
1074 4037 1182 4093 tarmes
1197 4045 1278 4109 atque
1293 4037 1419 4092 decertes
1433 4043 1463 4090 ug
1485 4034 1523 4090 1115
1546 4035 1671 4091 homines
1693 4050 1817 4109 pagano,

107 4134 163 4184 et
199 4132 249 4179 tua
277 4121 480 4193 promptissima
503 4120 587 4175 claret
618 4118 754 4186 alacritas,
772 4119 912 4172 hortamur
933 4130 965 4177 ut
1015 4143 1076 4181 mm
1090 4126 1260 4196 disrumpere
1274 4132 1354 4195 paga
1368 4132 1525 4196 procurem,
1542 4122 1622 4192 Quod
1646 4124 1669 4178 sq
1692 4122 1817 4195 fecerim,

106 4226 327 4290 qu⁰3⁰⁰⁰q¹¹0
343 4218 430 4281 9⁰¹⁰&
448 4217 474 4264 θῑ
490 4207 743 4280 <l⁰⁰ffl⁰d⁰⁰¹¹¹¹ll1¹0
760 4214 847 4276 9⁰²0&
864 4204 897 4258 ad
913 4204 963 4258 de·
1016 4215 1052 4269 nil
1067 4213 1146 4268 vobis
1160 4212 1202 4268 vel
1217 4213 1271 4267 illis
1281 4213 1477 4283 denegabimus
1487 4228 1582 4267 eorum
1593 4212 1712 4284 quaerite
1725 4212 1818 4270 lacere

106 4295 303 4361 ‘ansionem
318 4299 397 4366 hujus
412 4312 478 4352 sanc
486 4304 519 4352 tae
536 4296 694 4367 principalis
705 4293 836 4350 Ecclesia
848 4291 963 4346 filiorum
1016 4318 1171 4374 possumus,
1191 4310 1218 4356 eq
1245 4316 1294 4371 pm
1324 4299 1397 4354 1,qu
1421 4315 1503 4355 causa
1525 4300 1568 4355 vel
1592 4300 1701 4356 homine
1725 4315 1775 4356 nos
1802 4316 1818 4356 a

106 4391 263 4453 Εῑΰῗῑθὸν
281 4386 389 4453 Ῑῦθῑῑθθν
406 4393 432 4442 ei
452 4394 533 4458 l³f⁰¹¹t
548 4384 699 4442 necessitas
715 4390 804 4453 urdss'r
821 4381 962 4451 impellit&
1016 4389 1152 4446 communi
1168 4397 1255 4444 vestra
1270 4394 1296 4440 et
1312 4403 1405 4442 eorum
1420 4387 1505 4447 salute
1520 4404 1568 4442 seu
1592 4387 1690 4443 auxilio
1703 4402 1817 4459 separa-

106 4480 189 4540 ned
210 4484 240 4532 et
253 4474 318 4545 ipse
335 4490 397 4530 cum
412 4474 454 4528 his
469 4474 514 4546 (tui
531 4473 579 4528 libi
594 4473 735 4545 adhaeresst
750 4471 785 4525 ad
800 4468 964 4540 ⁰⁰110‘t115um
978 4454 1114 4543 Dbimus,
1130 4491 1181 4530 nec
1205 4474 1268 4529 illos
1292 4473 1438 4545 aliquando
1458 4473 1635 4530 dimittemus.
1659 4478 1694 4529 At
1714 4475 1819 4532 verosi

1012 3546 1103 3602 Monet
1111 3547 1144 3599 nt
1153 3543 1244 3614 [adas
1253 3559 1320 3599 cam
1328 3543 1477 3599 Saracenis
1487 3543 1595 3598 initam
1605 3541 1814 3598 dissolvendam

1364 3634 1455 3685 caret.

107 4572 282 4626 nostrum
302 4562 458 4618 accelerare
470 4578 505 4617 ne
520 4562 670 4633 pigriteris,
686 4556 967 4631 qnatenuscommuni
1017 4566 1055 4620 illi
1070 4566 1122 4621 hoc
1137 4562 1225 4619 lacere
1239 4561 1436 4628 recusaverint,
1455 4570 1483 4616 et
1505 4561 1641 4633 conspicis
1666 4579 1714 4617 eos
1737 4562 1818 4619 nobis

106 4651 529 4719 consummationum,
548 4665 617 4722 gens
631 4648 715 4718 impia
728 4645 828 4702 nostris
839 4643 965 4700 elimiue-
1017 4655 1051 4709 de
1074 4653 1118 4707 die
1145 4652 1172 4705 in
1194 4651 1268 4706 diem
1283 4650 1469 4706 tantummodo
1492 4649 1563 4706 velle
1581 4649 1705 4715 illudere,
1723 4650 1818 4706 saltem

106 4744 221 4804 kur-e
237 4738 341 4794 finibus
358 4756 364 4794 τ
381 4740 432 4795 h00
453 4747 493 4793 est
509 4738 582 4809 qu0d
597 4736 743 4810 exigimus,
765 4736 817 4791 l¹00
836 4741 878 4789 0⁵1
893 4733 965 4805 quod
1015 4749 1045 4797 tu
1060 4741 1103 4797 lac
1119 4739 1269 4796 secundum
1287 4738 1429 4795 consilium
1451 4746 1536 4804 tuum,
1553 4737 1627 4809 quod
1651 4736 1762 4807 seilicet,
1777 4738 1820 4793 in·

106 4840 207 4892 :nse
227 4825 624 4899 ⁸9001211V0¹0d⁸l>0805fflffi
642 4824 709 4893 ΟΠΞ
724 4839 790 4879 lew
809 4822 842 4878 dt
858 4823 965 4877 millen·
1016 4830 1134 4901 spirante
1150 4830 1217 4895 Deo,
1235 4844 1267 4884 ex
1286 4826 1413 4899 prudenti
1428 4826 1512 4882 corde
1533 4825 1703 4881 salutiferum
1726 4833 1819 4898 protu-

106 4917 181 4981 its
200 4916 365 4991 quibusque
379 4915 477 4971 litteris
492 4913 595 4969 nostris
611 4928 763 4985 suggerere
778 4911 901 4976 voluisti,
914 4925 964 4964 vo·
1015 4917 1079 4973 listi.
1096 4917 1234 4988 Quidquid
1250 4924 1341 4972 autom
1355 4915 1389 4971 de
1403 4914 1446 4971 his
1459 4914 1567 4980 lactum,
1584 4914 1628 4970 vel
1642 4930 1698 4969 non
1713 4908 1816 4970 factum

106 5008 170 5067 :is
192 5005 268 5073 tuis,
285 5011 365 5075 prout
382 5003 511 5075 temporis
526 5002 651 5074 qualitas
662 5008 840 5056 etcausarum
852 4999 964 5068 dispen·
1015 5005 1105 5072 fuerit,
1122 5013 1167 5059 aut
1183 5003 1335 5059 laciendum
1351 5003 1492 5069 exstiterit,
1507 5003 1559 5057 tuis
1573 5002 1653 5059 nobis
1671 5001 1713 5057 vel
1728 5000 1820 5057 missis

106 5099 217 5156 nasio
234 5092 382 5158 concessu,
411 5099 548 5164 gratanter
571 5090 731 5154 annuimus
749 5096 776 5143 a
799 5103 855 5142 non
875 5086 963 5141 solum
1015 5094 1058 5150 vet
1072 5093 1168 5149 linens
1183 5093 1263 5148 cintus
1284 5090 1428 5157 indicabis,
1451 5098 1479 5145 us
1501 5107 1562 5162 qnae
1586 5089 1717 5160 deinceps
1740 5088 1821 5144 nobis

106 5193 210 5255 loc,
231 5181 284 5236 sed
298 5187 324 5235 et
337 5197 398 5252 quae
412 5195 569 5251 possumus,
587 5187 663 5234 tanto
674 5180 748 5233 ciros
757 5174 963 5230 sanctimoniam
995 5186 997 5190 ’
1014 5181 1169 5237 necessario
1185 5188 1248 5236 sunt
1262 5179 1377 5252 agenda,
1406 5178 1512 5235 facilius
1537 5187 1564 5234 et
1586 5177 1737 5249 expeditius
1751 5191 1821 5248 aga·

106 5279 226 5331 :nam
244 5269 374 5324 exhibere
385 5268 514 5323 libentius
529 5266 663 5332 volumus,
681 5271 781 5337 quanto
802 5264 873 5318 hano
887 5279 961 5333 prae·
1014 5286 1085 5337 mus,
1102 5285 1290 5340 praeparemus
1308 5264 1856 5339 etordinemus.Datavldushprllis,.
1906 5325 1911 5333 ,

106 5360 241 5418 *eritis
266 5356 320 5411 illis
342 5357 371 5410 in
393 5356 515 5428 partibus
535 5355 709 5411 constitutam
732 5351 848 5408 alacrius
867 5358 894 5405 et
918 5350 962 5404 in·
1014 5357 1112 5412 indict,
1128 5371 1157 5412 x,

184 5535 199 5565 ⁸
218 5537 258 5591 ne
268 5534 377 5588 boaihile
390 5535 449 5600 beo,
469 5546 510 5602 op.
522 5534 651 5598 Ostiensis,
664 5532 707 5584 lib.
722 5546 751 5597 n,
764 5543 788 5583 a.
803 5531 844 5583 tt.
1050 5532 1111 5586 blte
1122 5533 1242 5586 Pulchara
1252 5535 1314 5599 Leo,
1326 5533 1368 5586 ubl
1378 5546 1462 5599 supra.
