3794 6104
52 241 109 296 tas

805 232 993 300 EPISTOLAE,

1662 232 1714 290 134

52 363 152 419 mundi
178 362 286 419 comitis
306 362 437 418 adversus
460 360 627 431 Stephanum
655 359 857 430 depromentes,
874 360 1074 431 Adespcnsata
1089 356 1155 413 mibi
1170 357 1261 430 puella
1276 357 1326 413 sub
1340 355 1498 430 paenitentia
1519 354 1626 413 occulte
1648 370 1712 412 ma-

56 452 122 524 quia
136 451 266 508 videlieet
277 452 349 506 idem
363 449 550 521 Regimundus
559 447 641 503 filiam
654 464 730 503 suam
745 446 860 518 praefato

55 542 198 612 Stephano
214 540 341 613 legaliter
353 539 388 594 ad
403 539 523 612 conjugii
531 538 655 609 copulam
671 537 795 593 dederit:
812 537 861 592 sed

56 630 116 701 ipse
131 646 188 685 non
208 629 254 684 itta
275 637 367 684 utatur
390 636 419 682 ut
441 628 568 698 conjuge,
585 643 618 682 eo
640 627 722 698 quod,
739 633 768 680 ut
791 624 861 681 fate-

56 729 110 786 tur,
126 734 190 775 cum
211 718 303 790 aliqua
327 717 448 788 ejusdem
472 716 569 787 puellae
594 715 747 787 propinqua
776 730 862 786 quou-

57 808 121 863 dam
136 807 240 863 carnali
255 806 422 862 commercio
438 820 467 861 se
488 805 629 860 miscuerit
645 821 652 858 ι
669 804 718 859 sed
734 819 794 859 cum
810 818 863 874 qua

57 896 100 951 vel
116 912 200 968 quam
214 895 339 967 proxima
351 893 478 949 affinitate
502 893 656 963 conjuncta,
674 892 795 948 indicare
807 907 863 954 non

59 984 131 1040 velit.
154 985 207 1040 Hic
224 984 377 1039 litterarum
396 998 504 1048 sensus,
522 982 545 1036 si
560 982 609 1037 rite
633 981 771 1046 remetior,
792 995 862 1051 qua-

59 1089 117 1128 mm
132 1073 221 1128 verba
235 1088 290 1128 uon
304 1080 394 1136 teneo,
419 1071 538 1128 constitit
561 1071 588 1125 in
603 1070 710 1141 synodo
725 1068 860 1125 recitatus.

58 1161 133 1218 Unde
148 1161 215 1217 licet
230 1161 291 1216 talis
305 1160 444 1216 accusatio
460 1175 514 1215 non
528 1166 682 1214 mereretur
697 1157 863 1229 synodaliter

60 1250 185 1305 obtinere
218 1265 392 1320 responsum,
419 1249 487 1320 quia
515 1264 595 1303 nemo
623 1262 787 1318 quemquam
815 1262 864 1316 per

64 1340 229 1410 scripturam
245 1340 348 1394 absens
361 1345 450 1410 potest
464 1336 631 1409 regulariter
639 1351 771 1392 accusare
789 1332 864 1390 :etsi

62 1426 184 1501 legaliter
198 1426 284 1483 filiam
298 1443 374 1481 suam
392 1426 470 1485 atteri
494 1434 606 1495 nuptum
630 1424 749 1490 tradidit,
774 1438 864 1479 cama

65 1533 108 1571 sua
124 1524 265 1589 potestate
279 1515 398 1582 dimisit;
413 1530 462 1586 pro
478 1531 530 1586 qua
545 1531 578 1569 ex
593 1515 645 1568 boc
655 1512 775 1585 negotio,
792 1510 865 1583 quod

63 1605 128 1661 forte
145 1613 240 1660 utrum
253 1605 289 1659 ita
310 1622 345 1659 an
360 1620 414 1659 uon
430 1604 463 1658 sit
490 1603 573 1659 latere
589 1609 702 1673 poterat,
727 1611 771 1655 aut
785 1601 865 1655 aliter

911 464 989 516 nens,
1007 448 1065 503 sine
1080 464 1140 503 mea
1155 454 1182 503 et
1196 447 1281 518 ipsius
1295 455 1398 504 aetema
1406 445 1591 512 damnatione,
1606 444 1634 501 in
1648 459 1713 502 con·

911 537 993 592 nubio
1007 536 1082 592 illam
1096 520 1325 608 milvaotuissem
1339 536 1516 607 coniungere.
1533 532 1585 603 Qui
1610 540 1707 590 osten-

912 626 951 681 dit
972 625 1039 681 mibi
1058 625 1158 680 librum
1183 640 1275 697 quem,
1300 634 1329 681 ut
1339 641 1432 697 spero,
1461 639 1580 681 canones
1610 622 1709 695 appel-

912 714 987 783 lcvit,
1003 722 1030 770 et
1049 714 1117 787 legit
1136 729 1228 770 coram
1251 730 1304 780 me,
1330 713 1459 786 quoniam
1488 711 1607 784 quaudiu
1621 718 1712 783 potest

912 802 1048 858 affinitatis
1077 802 1263 875 propinquitas
1287 802 1453 874 computari,
1478 801 1553 869 mihi,
1577 817 1628 857 nec
1641 800 1711 873 {cui-

913 908 995 964 quam
1009 891 1171 957 Christiano,
1188 907 1248 947 cum
1271 898 1389 964 cognata
1418 906 1478 958 sua,
1502 889 1546 946 vel
1561 906 1642 962 quam
1663 904 1713 946 co·

913 988 1011 1052 gnatus
1026 980 1128 1047 babuit,
1146 979 1189 1035 vel
1208 995 1270 1036 cum
1295 980 1403 1035 duabus
1428 979 1552 1051 cognatis
1568 977 1713 1035 salubriter

913 1070 1008 1126 liceret
1023 1069 1152 1142 coniungi
1170 1088 1176 1135 ;
1194 1077 1221 1123 et
1236 1068 1356 1141 quandiu
1370 1069 1398 1123 in
1412 1068 1460 1123 tali
1471 1069 1716 1124 incestumanere·

913 1175 984 1226 mus,
1015 1175 1066 1215 uec
1093 1172 1156 1231 ego,
1188 1173 1239 1214 uec
1268 1157 1322 1223 illa,
1347 1157 1513 1214 fructuosam
1527 1156 1714 1229 poeuitentiam

914 1264 998 1321 agere
1013 1264 1157 1321 possemus
1173 1266 1179 1301 :
1195 1263 1284 1319 neque
1300 1246 1361 1302 talis
1377 1246 1506 1312 incestus,
1523 1246 1575 1301 nisi
1601 1260 1714 1318 separa·

914 1338 986 1393 tione
1001 1344 1094 1393 nostra
1109 1337 1144 1392 ab
1158 1335 1275 1392 invicem
1289 1335 1380 1390 sanari
1408 1334 1520 1392 valeret.
1538 1336 1645 1392 luterea
1670 1349 1717 1391 ac·

914 1426 979 1483 cidit
1006 1425 1144 1482 discordia
1177 1425 1248 1481 inter
1285 1425 1415 1480 domnum
1447 1440 1543 1496 regem
1580 1423 1717 1480 seniorem

914 1531 1015 1582 meum,
1040 1523 1067 1570 et
1091 1528 1181 1570 meam
1203 1514 1380 1580 iuventutem,
1403 1513 1534 1567 intantum
1559 1519 1588 1567 ut
1610 1510 1638 1566 in
1669 1511 1718 1569 illo

915 1620 1002 1674 reguo
1017 1603 1104 1659 solide
1119 1618 1174 1659 non
1194 1617 1304 1674 possem
1337 1601 1494 1657 subsistere.
1519 1602 1670 1671 Propterea
1685 1616 1718 1655 ex

64 1695 184 1766 quamsit
200 1693 304 1749 dietum
328 1692 507 1764 interpretari,
534 1692 609 1746 illum
623 1690 666 1746 cui
690 1706 749 1745 earn
775 1690 863 1745 tradi·
880 1725 905 1785 Β
919 1701 1031 1763 utraque
1047 1698 1122 1763 parte
1137 1691 1311 1754 constrictus,
1327 1706 1378 1746 uec
1393 1689 1519 1761 frangere
1544 1688 1719 1760 desponsalia

63 1783 93 1837 dit
115 1783 254 1839 canonice
273 1798 405 1839 accusare
420 1797 473 1837 nou
487 1788 601 1852 poterat.
618 1778 678 1848 Qua
693 1779 727 1834 de
743 1794 854 1833 reaccu·
918 1781 1002 1854 potui,
1028 1796 1079 1836 nec
1110 1780 1233 1837 eamdem
1258 1795 1387 1852 sponsam
1411 1794 1499 1834 meam
1524 1778 1551 1832 in
1572 1779 1719 1850 conjugem

63 1871 188 1927 sationem
213 1871 272 1927 siue
300 1870 546 1941 interpellationem
579 1869 712 1924 adversus
735 1867 862 1922 maritum
916 1870 1018 1926 ducere
1033 1885 1116 1924 ausus
1139 1868 1200 1923 lui:
1225 1885 1260 1923 ue
1275 1884 1337 1924 cum
1360 1868 1497 1923 discordia
1521 1867 1638 1924 senioris
1652 1867 1716 1935 mei,

64 1976 144 2025 suum,
161 1959 186 2014 si
202 1960 354 2015 necessitas
368 1958 495 2030 postulat,
513 1973 582 2013 uxor
602 1957 684 2012 debet
705 1972 861 2021 conserere,

64 2048 203 2104 consilium
217 2058 307 2104 autern
322 2048 489 2119 paterdebet
499 2064 548 2118 pro
557 2046 604 2101 illa
619 2045 717 2100 exinde
727 2060 862 2116 quaerere,

64 2137 96 2192 vel
111 2138 318 2194 correctionem
328 2137 380 2193 viri
390 2137 457 2206 ejus,
470 2136 618 2203 suadendo,
629 2133 673 2189 vel
688 2132 863 2206 suggerendo

65 2225 145 2282 nodis
160 2226 264 2297 quibus
279 2224 405 2296 potuerit,
421 2225 521 2296 etipse
537 2240 618 2297 agere
633 2223 708 2277 satis.
725 2221 779 2277 Sed
792 2236 863 2292 quo·

65 2315 127 2373 uam
144 2315 207 2371 haec
222 2315 293 2370 ratio
318 2330 368 2385 per
382 2322 437 2369 tres
459 2313 570 2369 circiter
593 2326 715 2367 annosa
738 2309 864 2381 plurimis

65 2403 215 2470 ventilatur,
233 2410 261 2457 et
275 2403 356 2458 ambo
371 2403 421 2458 viri
439 2402 546 2457 nobiles
561 2409 588 2456 et
602 2401 733 2466 illustres,
751 2406 778 2454 et
789 2398 864 2467 juxta

65 2492 147 2548 seculi
161 2490 329 2564 dignitatern
348 2499 483 2563 potentes,
509 2491 532 2545 si
547 2491 617 2545 iuter
632 2505 662 2543 se
685 2488 748 2543 hinc
764 2485 865 2540 diutius

66 2580 202 2645 dissident,
218 2580 367 2635 maximum
391 2579 550 2636 scandalum
570 2579 598 2633 in
617 2577 744 2635 Ecclesia
765 2584 791 2630 et
814 2575 865 2630 de·

67 2669 219 2724 timentum
233 2669 264 2724 in
280 2685 365 2742 regno
379 2670 415 2724 ob
428 2670 481 2725 hoc
496 2668 619 2725 accidere
633 2665 743 2738 poterit,
764 2673 789 2720 et
801 2663 866 2735 quia

66 2757 144 2813 isdem
160 2758 320 2830 Stephanus
339 2758 440 2813 ibidem
456 2757 591 2813 indemni
613 2756 686 2829 regis
706 2760 765 2810 erat
784 2752 865 2807 obse·

67 2847 130 2917 quio,
147 2847 241 2902 visum
257 2857 299 2902 est
315 2847 419 2919 synodo
433 2855 463 2901 ut
478 2863 539 2901 euvn
564 2852 733 2910 accerseret,
759 2840 865 2913 etquid

66 2935 90 2990 dc
104 2935 148 2990 his
163 2936 271 2992 diceret
305 2953 355 3007 per
378 2936 467 3008 ipsum
483 2935 585 2991 rescire
609 2942 728 2990 curaret.
760 2932 865 2987 Vocato

65 3032 145 3079 autem
161 3032 190 3078 ut
209 3025 268 3080 haec
293 3025 380 3079 relata
403 3024 487 3090 suere,
505 3032 567 3095 post
590 3023 715 3095 quaedam
737 3037 792 3076 suae
817 3034 865 3073 re-

912 1959 996 2014 etiam
1008 1957 1094 2028 ipsius
1110 1957 1283 2030 Regimuudi,
1302 1965 1329 2012 et
1338 1956 1469 2011 nobilium
1481 1963 1628 2027 parentum
1645 1956 1715 2026 ejus,

912 2046 1129 2103 accumularetur
1143 2045 1282 2101 discordia
1298 2064 1305 2111 3
1317 2053 1343 2100 et
1358 2045 1398 2101 sie
1413 2054 1458 2100 aut
1472 2045 1507 2100 da
1522 2059 1610 2116 ragno
1624 2042 1718 2099 lundi-

913 2144 955 2192 tus
970 2135 1094 2207 pelleret,
1116 2142 1161 2189 aut
1185 2134 1207 2188 si
1232 2135 1260 2189 in
1284 2149 1371 2207 regno
1396 2149 1508 2189 manere
1533 2131 1644 2199 vellem,
1669 2147 1719 2189 oc·

914 2223 1086 2279 cumberem.
1109 2224 1144 2277 Et
1162 2221 1266 2279 ideirco
1282 2223 1402 2294 perduc
1430 2221 1529 2294 placita
1557 2218 1720 2291 subterfugi,

914 2328 949 2368 ne
966 2328 1097 2383 sponsam
1112 2328 1202 2368 meam
1216 2311 1244 2366 in
1268 2311 1413 2385 conjugem
1438 2311 1579 2368 ducerem.
1596 2309 1719 2365 Tandem

915 2409 1008 2457 autem
1030 2402 1193 2462 necessitate
1218 2401 1386 2474 covnpulsus,
1413 2400 1475 2473 quia
1499 2415 1583 2456 causa
1603 2397 1672 2454 mihi
1685 2397 1721 2454 dc

915 2490 969 2546 vita
983 2489 1109 2557 instabat,
1126 2490 1217 2546 dotavi
1232 2506 1303 2556 earu,
1321 2497 1348 2544 et
1369 2489 1485 2561 publicis
1509 2488 1610 2559 nuptiis
1630 2488 1720 2544 bono·

915 2586 1004 2634 ratam
1020 2578 1124 2649 accepi.
1143 2578 1195 2633 Sed
1211 2595 1246 2633 ne
1269 2577 1354 2644 illam,
1382 2593 1442 2649 quae
1465 2577 1555 2633 adhuc
1569 2580 1634 2631 sana
1648 2584 1716 2643 erat,

917 2684 1025 2723 mecum
1040 2668 1193 2738 perderem,
1211 2675 1238 2721 et
1262 2666 1328 2721 mibi
1352 2665 1513 2721 cumulatius
1535 2665 1718 2737 perditionem

916 2757 1097 2827 acquirerem,
1114 2756 1242 2811 intactam
1257 2756 1564 2811 hactenusconservare
1585 2753 1718 2826 disposui.

916 2845 950 2900 Et
966 2845 1093 2918 quoniam
1109 2846 1146 2900 ita
1163 2861 1192 2901 se
1202 2844 1314 2900 rationis
1324 2844 1423 2900 veritas
1433 2860 1483 2914 per
1493 2843 1584 2899 omnia
1608 2843 1717 2911 habeat,

917 2944 943 2990 et
958 2950 1011 2989 nou
1026 2935 1101 3001 dolo,
1117 2951 1205 3006 neque
1220 2934 1294 3001 odio,
1311 2933 1368 2990 sive
1394 2934 1524 3005 despectu
1539 2932 1663 3002 alicujus,
1674 2939 1720 2987 aut

916 3040 1008 3080 amore
1024 3023 1133 3080 feminae
1152 3023 1273 3094 alterius,
1290 3023 1343 3078 nisi
1367 3023 1437 3079 sicut
1461 3022 1539 3079 vobis
1563 3022 1646 3078 modo
1661 3022 1720 3077 Deo

66 3113 216 3183 sponsionis
232 3112 372 3185 obloquia,
388 3114 465 3185 petiit
480 3122 508 3168 ut
524 3113 714 3172 tantummodo
726 3126 788 3167 cum
804 3109 865 3179 epi·
884 3085 986 3169 Cteste
1000 3114 1119 3179 narravi,
1136 3115 1189 3170 hoc
1203 3113 1309 3187 egerIm
1327 3129 1333 3168 :
1351 3113 1529 3184 qualicunque
1544 3112 1626 3167 modo
1641 3110 1720 3167 vobis

67 3202 148 3272 scopis
164 3202 219 3257 sibi
238 3200 314 3273 loqui
332 3201 435 3258 liceret.
455 3203 490 3256 Et
501 3202 693 3257 recedentibus
708 3200 778 3263 aliis,
801 3214 863 3269 quae
916 3203 1015 3273 placet,
1031 3219 1082 3274 per
1097 3203 1241 3273 meipsum,
1260 3210 1287 3257 et
1301 3218 1352 3273 per
1367 3210 1495 3273 parentes
1510 3208 1590 3272 atque
1606 3200 1717 3267 amicos,
1776 3232 1780 3248 ι

67 3290 112 3345 sibi
125 3292 184 3347 visa
200 3290 313 3345 suerunt
327 3291 463 3362 episcopis
478 3291 620 3346 intimavit.
639 3291 706 3345 Cum
720 3290 791 3344 iuter
806 3304 861 3343 cae·
912 3308 960 3347 seu
975 3291 1071 3346 lideles
1085 3308 1172 3358 meos,
1188 3293 1240 3347 hoa
1253 3291 1332 3346 vobis
1346 3307 1440 3346 verum
1455 3307 1518 3346 esse
1533 3296 1714 3356 sacramento,

67 3385 116 3434 tera
130 3380 261 3435 dixerunt
290 3381 421 3451 episcopi,
445 3380 507 3452 quia
526 3380 560 3435 de
578 3380 689 3444 talibus,
707 3395 740 3434 cx
763 3377 862 3448 quibus
911 3380 956 3437 vel
978 3380 1030 3435 alio
1055 3381 1178 3450 quolibet
1191 3379 1370 3435 conveniente
1391 3380 1474 3435 modo
1500 3377 1717 3434 demonstrabo:

67 3467 224 3540 Regimundi
239 3469 339 3525 locutae
355 3478 417 3524 suot
439 3468 547 3536 litterae,
565 3477 592 3525 et
606 3486 666 3540 quae
680 3484 730 3540 per
740 3466 862 3522 omniurn
910 3477 937 3524 et
952 3469 974 3522 si
994 3469 1075 3524 vultis
1091 3486 1122 3523 ac
1138 3469 1269 3540 quaeritis,
1287 3476 1513 3540 quantoscunque
1531 3482 1627 3522 servos
1641 3481 1718 3521 meos

67 3572 126 3626 pene
138 3573 191 3613 ora
206 3558 235 3612 in
251 3558 344 3631 regnis
360 3557 485 3629 plurimis
509 3557 680 3628 ventilentur,
697 3557 721 3612 ci
743 3572 798 3612 uon
814 3572 861 3611 se·
913 3558 1059 3614 decernitis
1074 3557 1138 3612 iude
1153 3558 1181 3612 in
1203 3557 1335 3626 judicium
1359 3556 1450 3625 mitto,
1476 3564 1503 3611 et
1525 3555 1605 3628 quale
1632 3572 1717 3614 ecus·

69 3655 163 3703 cretum
178 3647 247 3702 dare
262 3647 416 3715 consilium,
440 3663 529 3718 neque
553 3648 689 3719 privatum
713 3647 862 3703 decernere
912 3647 978 3701 lium
992 3645 1062 3701 mihi
1077 3646 1140 3701 iude
1156 3647 1303 3702 secundum
1330 3648 1417 3701 Deum
1432 3646 1467 3702 ad
1483 3661 1574 3702 meam
1590 3647 1717 3714 salutem,

69 3743 172 3803 possent
190 3735 334 3805 judicium.
360 3735 534 3807 Quapropter
554 3745 581 3792 et
608 3737 677 3806 ipse,
704 3736 777 3807 quod
799 3735 862 3790 hinc
913 3743 940 3790 et
965 3736 1115 3791 secuudum
1140 3737 1270 3792 saeculum
1294 3737 1330 3792 ad
1359 3743 1560 3807 competentem
1588 3739 1717 3793 honorem

69 3825 130 3894 apud
140 3841 171 3880 sc
186 3833 254 3887 erat,
270 3825 298 3880 iu
313 3825 433 3881 omnium
448 3825 515 3880 dixit
529 3824 599 3881 velle
614 3825 707 3882 venire
727 3824 860 3890 notitiam,
914 3832 940 3880 et
955 3825 988 3880 ad
999 3824 1217 3896 pacificationem
1232 3824 1406 3899 Regimundi,
1416 3833 1443 3881 et
1457 3825 1491 3880 ad
1507 3825 1715 3895 salvamentum,

70 3920 89 3966 et
108 3913 296 3968 necessarium
318 3913 442 3969 obtinere
466 3914 619 3980 consilium,
645 3921 672 3968 ot
687 3913 795 3968 salubre
811 3911 864 3967 sibi
914 3921 941 3970 et
956 3914 1089 3969 honorem
1105 3914 1190 3986 ipsius
1205 3915 1303 3986 puellae
1327 3915 1468 3982 dederitis,
1484 3924 1598 3987 paratus
1613 3932 1672 3972 sum
1686 3915 1715 3971 in

70 3998 169 4056 decerni
192 4002 350 4071 judicium:
373 4002 442 4058 velle
464 4011 556 4058 tamen
580 4003 666 4073 prius,
690 4010 718 4056 ut
743 4001 863 4072 synodus
913 4003 1049 4070 omnibus,
1060 4002 1158 4074 quibus
1174 4003 1295 4070 valuero,
1317 4003 1440 4060 obedire.

70 4090 191 4189 ldlfesslef
218 4092 277 4160 ejus
296 4090 401 4145 audiret
424 4091 596 4158 sementim,
621 4099 648 4146 θῑ
668 4099 731 4146 lunc
753 4090 864 4145 demum
951 4109 1080 4164 Auditum
1102 4117 1193 4165 autem
1218 4127 1280 4166 eum
1295 4111 1415 4182 synodus
1429 4111 1511 4180 jussit
1530 4111 1674 4179 secedere,
1692 4118 1718 4167 et

71 4179 114 4233 ⁵1b1
127 4179 243 4235 d⁰11³sssl
258 4179 413 4247 0011⁵fflumi
429 4188 455 4235 θῑ
474 4179 808 4252 PlOfflUlgflselt'udissium·
915 4197 1068 4253 dicentibus
1084 4197 1209 4271 siugulis,
1224 4207 1305 4270 prout
1326 4200 1425 4271 cuique
1440 4200 1529 4255 visum
1543 4199 1602 4270 tuit,
1619 4201 1716 4256 decre·

98 4275 128 4330 Et
141 4284 170 4330 ut
185 4292 331 4348 personam
348 4276 419 4332 illius
452 4277 614 4332 inducamus
635 4276 792 4349 toquentem
808 4297 817 4333 .·
831 4277 865 4332 Ut
915 4293 971 4341 tum
987 4295 1037 4355 est,
1055 4295 1084 4341 ut
1098 4303 1147 4342 vos
1162 4288 1409 4358 comprovinciales
1423 4287 1632 4360 archiepiscopi,
1651 4304 1714 4345 cum

72 4364 169 4432 θὸὅθῑθῑ,
196 4364 322 4436 inquiens
349 4365 512 4435 Slssllhstss115‚
538 4365 565 4419 11¹
597 4364 688 4437 fragili
716 4365 865 4434 juventulis
916 4375 1086 4446 coepiscopis
1101 4376 1249 4442 vestris,in
1263 4375 1342 4449 regni
1357 4376 1429 4431 illius
1453 4377 1624 4432 convenienti
1642 4377 1715 4444 loco,

71 4459 137 4508 mle
151 4468 214 4509 ⁰11¹ss
234 4453 352 4526 quadam
375 4452 475 4509 semina
502 4455 602 4523 juvene
632 4453 699 4509 mihi
720 4456 856 4511 00ssV011il·
873 4446 937 4520 Det
952 4472 1075 4534 tempore
1090 4465 1226 4537 synodum
1240 4464 1401 4531 condicatis,
1418 4472 1444 4520 et
1457 4464 1587 4535 placitum
1596 4463 1651 4532 fiet,
1668 4464 1715 4519 ubi
1741 4464 1743 4468 ‘

70 4537 114 4594 Sed
128 4550 154 4596 ct
167 4543 280 4614 quando
294 4550 401 4613 tempus
415 4543 481 4597 mibi
508 4544 628 4613 advenit,
644 4550 673 4599 ut
695 4560 769 4599 mora
784 4560 858 4615 prae·
909 4552 1038 4623 princeps
1052 4568 1115 4608 cum
1130 4553 1298 4623 primoribus
1322 4561 1403 4609 terrae
1427 4551 1534 4607 intersit
1551 4570 1557 4607 :
1574 4568 1618 4619 ne,
1639 4551 1714 4624 quod

70 4625 233 4686 decessorum
248 4646 371 4686 meorum
385 4631 538 4704 legitimum
552 4633 708 4705 conjugium
723 4639 858 4705 peterem,
910 4640 991 4710 absit,
1009 4657 1042 4696 ex
1057 4650 1173 4714 utraque
1187 4650 1275 4714 parte,
1294 4659 1355 4699 cum
1368 4648 1513 4713 parentum
1523 4647 1549 4696 et
1564 4640 1715 4697 amicorum

69 4730 114 4811 lut
126 4734 186 4775 cum
203 4735 341 4777 consensu
355 4728 494 4791 parenlum
510 4729 536 4776 el
551 4721 702 4778 amicorum
725 4738 858 4791 meorum,
911 4729 1021 4796 auxilio,
1048 4730 1168 4786 illustres
1199 4731 1242 4786 isti
1266 4731 1317 4787 riri
1349 4727 1553 4796 convenientes,
1585 4736 1716 4800 operante

68 4805 142 4874 ipsius
156 4809 323 4881 Regimundi
336 4816 366 4862 ut
381 4809 481 4864 nobilis
501 4810 562 4876 viri,
580 4810 664 4866 filiam
688 4811 757 4865 meis
781 4819 860 4866 ncta·
911 4818 1022 4874 diabolo
1038 4819 1184 4875 seditiosus
1200 4820 1288 4875 valeat
1303 4817 1403 4874 exoriri
1426 4817 1565 4873 tumultus.
1590 4819 1625 4873 Et
1644 4819 1717 4876 banc

68 4890 129 4951 libus
142 4906 343 4969 wmpelesslssm
360 4898 432 4968 apud
451 4915 512 4954 eum
535 4899 563 4953 in
576 4901 720 4972 conjugem
735 4899 862 4972 lessafil‘tr
911 4923 1022 4963 causam
1038 4925 1096 4977 rex,
1111 4923 1173 4964 cum
1188 4908 1254 4962 viris
1269 4906 1415 4973 nobilibus,
1433 4906 1506 4962 inter
1520 4907 1594 4964 viros
1608 4899 1716 4965 nobiles

67 4984 131 5053 petii,
147 4993 173 5041 et
183 4986 325 5042 obtentam
340 4986 467 5059 legaliter
480 4988 655 5059 desponsavi.
668 4988 698 5043 Iu
709 5004 753 5042 me
772 4997 862 5043 autem
915 4994 1058 5067 pacificare
1081 5004 1218 5068 procuret.
1233 4997 1286 5051 Vos
1315 5003 1406 5050 autem
1432 4996 1580 5068 episcopali
1601 4997 1717 5054 auctori·

67 5086 193 5141 mersus,
219 5082 245 5130 0¹
268 5075 359 5131 Sciens
381 5076 447 5148 quid
470 5075 592 5145 fecerim,
619 5077 654 5131 ad
674 5076 862 5133 ⁶⁰ssfessorem
912 5092 975 5151 tate,
992 5094 1019 5140 et
1032 5084 1165 5141 canoniea
1179 5083 1336 5139 diffinitione
1345 5100 1408 5141 eam
1424 5084 1563 5154 dirimere,
1580 5093 1606 5142 et
1622 5085 1656 5141 ad
1672 5086 1719 5141 de·

64 5175 145 5218 meum
158 5161 280 5236 perrexi,
302 5170 329 5219 et
344 5164 488 5221 consilium
512 5164 571 5235 ejus
593 5165 707 5236 quesivi
728 5173 780 5220 :ut
795 5182 865 5238 quo·
914 5174 999 5229 bitum
1021 5181 1103 5245 atque
1134 5173 1271 5228 salubrem
1297 5174 1442 5230 terminum
1459 5175 1590 5230 studeatis
1611 5174 1715 5245 perdu-

64 5248 128 5306 tiam
152 5252 265 5322 iuvenis
285 5252 396 5321 femina,
414 5269 477 5310 curn
501 5270 554 5325 qua
570 5254 675 5311 carnali
696 5256 863 5312 commercio
914 5278 985 5320 cere.
1017 5263 1153 5317 Revocato
1177 5268 1269 5317 autem
1293 5263 1442 5335 Stephano,
1459 5262 1577 5319 conditio
1600 5262 1654 5319 ista
1677 5262 1717 5320 iili

64 5340 152 5396 mistus
167 5341 283 5409 lucram,
300 5343 455 5415 propinqua
476 5341 555 5398 istius
573 5343 671 5414 puellae
692 5344 804 5413 exstitit,
836 5351 864 5400 et
914 5350 1062 5422 proposita,
1086 5359 1113 5405 et
1132 5349 1166 5405 ab
1191 5366 1224 5406 eo
1245 5359 1288 5407 est
1309 5352 1465 5426 gratissime
1489 5358 1611 5424 accepta.
1630 5351 1717 5422 Hujus

63 5430 196 5486 tudieram
211 5432 286 5504 quod
305 5440 332 5488 et
349 5440 448 5506 quarto
464 5448 547 5506 genu,
565 5432 628 5487 etin
649 5431 786 5506 reliquum
801 5449 865 5505 per·
914 5447 1002 5494 autem
1018 5439 1058 5495 rei
1073 5438 1194 5508 modum,
1211 5448 1237 5496 et
1251 5440 1377 5498 ordinem
1391 5439 1569 5509 diffinitionis,
1591 5441 1718 5513 quoniam

63 5515 170 5578 tuentes
184 5519 239 5578 sibi
252 5519 377 5595 copulari
391 5537 447 5581 non
469 5521 604 5590 valerent,
622 5528 711 5579 utrum
734 5514 797 5580 curn
810 5523 864 5581 hac
913 5527 1046 5600 pusillitas
1060 5526 1330 5604 intelligentiunculae
1343 5546 1423 5602 mee,
1440 5529 1505 5604 quid
1519 5529 1619 5591 exinde
1629 5527 1717 5589 senti·
