3794 6104
535 174 549 185 ’
666 203 844 262 01101000
872 203 1113 262 0101001111.

367 328 556 384 CCCLXXVI.

195 418 407 475 lterncllocutio
421 418 563 490 pontificis
578 417 614 473 ad
628 433 729 490 rupem.

99 526 164 591 Vos,
179 514 340 580 charissime
355 522 393 579 fili
406 523 669 597 Ludovicegioriose
681 540 737 589 rex,
748 539 859 595 precor,

58 612 88 667 in
113 612 311 679 defensionem,
340 612 538 682 liberationem,
563 621 643 682 atque
671 612 861 667 exaltationem

60 709 164 757 sanetae
178 701 309 757 Romanae
317 701 458 767 Ecclesiae,
475 700 545 756 sicut
555 701 766 770 predecessores
776 699 861 755 vestri

60 787 196 856 fecerunt,
210 797 237 843 et
252 788 329 844 vobis
344 788 394 842 sub
405 788 578 843 attestatione
603 787 695 844 facere
710 789 860 843 mandave-

60 885 134 946 runt,
151 877 210 932 sine
225 877 467 948 procrastinatione
498 884 525 932 et
539 877 593 931 ulla
607 877 860 933 dilationesuccur·

59 965 113 1020 rite
130 984 138 1030 ;
155 965 217 1037 quia
232 964 347 1019 ministri
367 965 416 1019 Dei
432 966 506 1030 estis,
528 965 649 1020 vindices
672 965 700 1019 in
721 965 761 1020 ira
775 965 802 1018 in
818 964 860 1019 his

60 1053 108 1125 qni
122 1053 195 1107 male
211 1059 304 1125 agunt,
316 1061 402 1108 etnon
419 1053 478 1107 sine
493 1069 577 1108 causa
591 1053 713 1126 gladium
727 1053 858 1124 portatis:

60 1157 96 1196 ne
111 1140 192 1210 forte,
211 1142 282 1212 quod
296 1140 375 1207 absit,
400 1141 445 1195 illa
461 1157 508 1196 vos
537 1150 583 1196 aut
603 1158 719 1213 regnum
740 1149 860 1197 vestrum

61 1229 143 1299 culpa
157 1236 294 1300 contegat,
307 1230 379 1300 quod
388 1230 521 1301 quosdam
538 1237 644 1285 veteres
655 1246 734 1301 reges
745 1229 861 1285 inimicis

60 1325 88 1371 et
101 1316 264 1388 ,infidelibus
283 1317 332 1372 Dei
349 1319 484 1388 quondam
501 1325 644 1388 parcentes
670 1317 861 1372 damnabiliter

60 1404 177 1459 strinxit.
199 1405 246 1459 Vel
268 1404 291 1458 si
321 1404 395 1459 aliud
418 1406 516 1476 placet,
542 1405 750 1476 praesentialiter
765 1406 791 1460 in
807 1405 859 1461 isto

58 1493 121 1548 loco
141 1493 214 1558 date,
231 1510 280 1563 per
295 1493 382 1548 Deum
397 1502 422 1548 et
450 1511 499 1564 001
521 1494 632 1549 beatum
661 1495 780 1559 Petrum,
810 1510 859 1549 vos

57 1581 182 1650 conjuro,
202 1580 261 1636 sine
277 1597 353 1636 mom
363 1598 537 1652 responsum.

357 1696 557 1752 ccccxxvii.

62 1784 203 1841 allocutio
213 1785 331 1840 10011010
342 1802 423 1868 pope
439 1786 474 1840 cd
489 1788 588 1840 Patres
594 1786 697 1868 synodi
708 1787 862 1842 Tricossmt

51 1904 58 1917 ,
97 1856 132 1922 11,
152 1855 185 1909 de
201 1855 386 1910 luntbertret
400 1855 544 1911 aldelberti
560 1857 735 1928 altorumque
758 1873 860 1928 sequo-

90 1927 169 1980 cium
187 1927 494 1982 excommunicatione.

95 2012 266 2079 charissimi,
279 2013 421 2068 condoletc
437 2014 502 2067 mihi
517 2023 542 2069 et
558 2014 617 2070 sedi
636 2015 860 2087 apostolicaeque

60 2109 145 2172 caput
175 2101 345 2173 etmagistra
375 2110 415 2155 est
445 2101 566 2156 omnium
588 2103 769 2158 Ecclesiamm
798 2103 858 2173 Dei,

61 2206 123 2262 000
139 2197 165 2243 01
189 2205 238 2244 vos
254 2189 385 2260 religioso
405 2198 482 2245 utero
497 2191 601 2262 genuit,
621 2207 701 2263 reges
727 2199 808 2246 terrae
833 2199 860 2246 et

59 2292 157 2332 omnes
172 2277 275 2349 populi,
290 2277 425 2349 principes
441 2285 467 2333 et
477 2293 572 2334 omnes
590 2279 696 2348 judices
712 2287 799 2345 terrae,
816 2295 859 2334 sa-

58 2366 156 2438 crique
171 2365 321 2421 confratres
336 2375 362 2420 et
377 2367 586 2422 consacerdotes
602 2367 661 2435 Dei,
687 2367 859 2423 venerabiles

59 2455 248 2510 Ecclesiamm
263 2454 363 2509 Christi
377 2455 521 2523 antistites,
538 2464 564 2510 et
574 2456 654 2509 totius
669 2456 770 2511 sacrati
785 2456 859 2512 ordi-

59 2544 103 2598 nis
120 2542 181 2611 viri,
199 2550 225 2598 et
251 2559 358 2598 mecum
387 2551 473 2598 tantas
489 2543 601 2612 injurias
625 2543 756 2600 Ecclesiae
771 2545 859 2601 000011

58 2631 133 2686 Ρο111
147 2631 333 2702 apostolorum
349 2632 490 2703 principis,
502 2632 661 2704 caelestique
677 2633 756 2704 regni
771 2632 858 2690 clavi-

58 2720 131 2793 geri,
148 2719 192 2775 cui
206 2720 309 2793 ligandi
319 2729 345 2774 01
356 2720 481 2776 solvendi
492 2719 554 2774 data
569 2729 610 2775 est
624 2721 708 2776 aDeo
725 2729 856 2792 potestas,

56 2807 138 2862 simul
153 2808 250 2863 flentes
262 2809 404 2880 requirite,
423 2816 567 2880 tantasque
595 2809 749 2864 invasiones
777 2818 858 2881 01000

57 2896 238 2952 contumelias
253 2896 352 2952 civitati
367 2898 496 2953 Romanae
511 2897 600 2952 illatas
616 2913 677 2953 cum
687 2897 791 2971 ingenti
806 2898 857 2952 do-

56 2984 118 3040 lore
134 2984 237 3058 lugete,
254 2992 279 3040 et
294 3001 411 3051 mecum,
433 2985 478 3057 qui
494 3001 590 3040 curam
605 2992 632 3040 et
646 2985 856 3042 sollicitudinem

57 3073 181 3129 omnium
194 3081 315 3129 vestrum
325 3074 422 3141 habeo,
435 3081 462 3128 et
472 3074 621 3129 secundum
630 3074 738 3129 Domini
749 3090 853 3141 vocem,

56 3162 165 3234 quoties
189 3177 271 3218 causa
294 3162 426 3235 exegerit,
458 3178 606 3217 conversus
620 3178 670 3218 vos
692 3163 719 3218 in
733 3163 860 3218 omnibus

56 3249 140 3306 bouis
153 3250 243 3305 debeo
253 3248 416 3306 confirmare
430 3268 436 3305 :
448 3266 480 3306 ac
491 3251 651 3307 necessariae
666 3252 860 3307 consolationis

56 3355 141 3411 opem
156 3337 292 3408 conferre,
311 3338 429 3394 viriliter
445 3346 514 3394 state
542 3348 695 3411 quarentes
724 3339 803 3394 simul
833 3347 860 3395 et

52 3428 209 3498 judicantes
238 3434 320 3493 tante
349 3435 503 3499 patratores
542 3427 701 3500 iniquitatis,
724 3436 859 3501 tantaeque

57 3515 221 3573 temeritatis
235 3524 457 3587 praesumptores,
474 3524 503 3570 ut
517 3517 601 3590 digna
629 3516 730 3572 ultione
754 3525 859 3588 tempo-

56 3605 153 3661 raliter
167 3605 262 3676 puniti,
284 3605 380 3676 spiritu
396 3605 463 3660 salvi
478 3605 573 3660 sintin
590 3605 634 3660 die
650 3606 758 3661 Domini
774 3606 859 3662 nostri

57 3696 125 3750 Jesn
141 3693 251 3760 Christi,
268 3694 395 3765 quoniam
410 3710 457 3749 eos
471 3695 614 3765 praedictos
644 3695 817 3750 lantbertum
833 3704 859 3750 et

57 3782 237 3838 adalbertum
262 3799 449 3854 sequacesque
477 3799 580 3849 eorum,
596 3799 644 3854 010
664 3783 762 3854 quibus
778 3783 857 3838 tantis

58 3870 210 3927 sceleribus
231 3870 370 3943 tantisque
394 3870 520 3942 periuriis
535 3870 688 3942 patefactis,
704 3872 732 3926 in
744 3872 859 3927 ecclesia

56 3960 86 4014 D.
112 3958 186 4013 Petri
202 3959 328 4029 apostoli,
344 3975 397 4013 nna
412 3975 473 4015 cum
488 3959 660 4031 coepiscopis
673 3969 700 4014 et
715 3959 858 4015 confratri-

56 4048 108 4102 bus
124 4047 223 4102 nostris
239 4047 350 4115 Italicis,
375 4047 686 4115 excommunicavimu53
704 4057 730 4104 et
754 4050 816 4120 quia
829 4050 858 4104 in

55 4136 98 4190 his
104 4137 526 4207 perseveraveruntChristiauae
541 4138 740 4194 communionis
755 4139 856 4193 immn-

54 4241 106 4280 nes
122 4241 184 4279 esse
195 4224 376 4281 decrevimus.
392 4226 525 4297 Quodque
539 4227 679 4282 decretum
689 4228 716 4281 in
727 4228 856 4298 praedicta

55 4312 129 4367 beati
158 4312 230 4367 Petri
257 4312 374 4368 ecclesia
400 4314 539 4385 scriptum,
562 4322 591 4369 01
617 4314 802 4386 ingredientes
829 4322 856 4370 ct

54 4408 186 4455 exeuntes
202 4400 293 4473 legant
314 4409 340 4456 et
361 4401 480 4470 doleant,
499 4419 600 4474 eosque
615 4403 853 4458 anathematizatos

54 4497 176 4554 teneant,
205 4489 356 4560 posuimus.
382 4492 416 4545 Et
437 4507 486 4546 vos
517 4491 615 4546 fratres
634 4491 796 4557 charissimi,
827 4499 856 4546 ut

54 4577 238 4642 decrevimus,
255 4587 354 4633 nostre
376 4578 574 4634 communionis
597 4579 700 4633 alienos
715 4587 813 4647 tenete,
829 4587 856 4634 et

53 4665 296 4722 anathematizatos
319 4667 440 4724 fautores
465 4685 558 4724 eorum
591 4684 696 4723 mecum
725 4667 855 4724 facientes

53 4754 231 4809 consternite.

349 4855 562 4911 CCCLXXVlll.

266 4944 416 5016 Responsio
442 4945 644 5016 episcoporum.

87 5038 206 5095 Domine
220 5041 391 5096 sanctissime
415 5049 441 5096 et
457 5040 680 5096 reverendissime
697 5041 776 5096 Pater
801 5043 853 5096 Pa-

50 5136 133 5194 trum,
150 5130 280 5194 loannes,
298 5130 439 5185 catholicae
453 5139 534 5201 atque
549 5130 706 5201 apostolica
723 5130 853 5186 Ecclesiae

50 5215 181 5273 videlicet
196 5218 328 5273 Romanae
341 5218 437 5290 primae
453 5218 526 5272 sedis
542 5234 622 5289 papa,
638 5234 688 5273 nos
710 5218 802 5273 famuli
821 5235 852 5275 ac

51 5306 179 5376 dischnli
204 5315 302 5362 vestrae
326 5307 506 5372 auctoritatis,
524 5307 675 5362 Galliarum
686 5315 712 5362 et
726 5306 851 5380 Belgica-

50 5409 109 5448 1010
125 5395 259 5465 episcopi,
268 5395 311 5450 1110
327 5412 386 5467 0010
400 5412 482 5466 00001
492 5394 737 5451 vulneradolorum
748 5411 851 5451 vestro·

50 5499 111 5537 rum
136 5483 253 5556 maligni
275 5484 399 5541 homines
414 5499 447 5541 ac
462 5484 577 5539 ministri
590 5485 692 5541 diaboli
707 5485 848 5555 addentes,

1654 209 1709 267 962

873 339 901 397 Α
919 329 1083 385 1000001010
1100 337 1212 386 matrem
1234 337 1355 385 nostram
1374 344 1406 386 ac
1420 329 1578 403 magistram
1588 331 1709 387 omniurn

911 419 1097 474 Ecclesiarum
1133 419 1338 488 commiserunt,
1362 419 1552 490 compatimur,
1569 426 1595 474 et
1620 418 1709 475 dolori
1750 486 1755 493 ¹

910 515 1002 562 vestro
1013 507 1162 562 conflentes
1178 508 1365 573 condolemus,
1376 515 1457 580 atque
1462 507 1595 577 judicium
1612 516 1707 564 vestrae

911 595 1087 662 auctoritatis,
1105 597 1178 667 quod
1187 595 1329 667 privilegio
1345 596 1416 651 beati
1432 596 1502 651 Petri
1517 603 1544 650 et
1557 596 1631 651 sedis
1639 612 1709 668 apo·

911 683 1049 738 stolieaein
1064 700 1112 739 eos
1126 693 1153 739 et
1168 685 1315 756 complices
1330 700 1435 750 eorum,
1450 684 1525 753 juxta
1547 700 1641 741 sacros
1663 700 1710 741 00-

911 770 1103 842 nonesSpiritu
1114 772 1164 828 Dei
1178 773 1311 839 conditos,
1328 771 1544 828 ettotiusmundi
1555 773 1709 831 reverentia

910 869 1095 929 consecratos,
1112 870 1138 916 01
1155 861 1304 918 seeundum
1333 861 1455 931 eiusdem
1480 862 1609 919 Romane
1633 860 1709 918 sedis

910 947 1067 1019 pontificum
1090 949 1266 1006 decessorum
1290 959 1444 1006 vestrorum
1466 950 1576 1007 decreta
1600 949 1711 1022 pretuli·

911 1037 969 1105 stis,
986 1045 1058 1104 voto,
1079 1053 1146 1093 voco
1157 1047 1182 1092 01
1196 1038 1370 1094 unanimitate
1385 1048 1486 1105 nostra,
1503 1047 1583 1111 atque
1611 1047 1708 1096 aucto-

911 1125 988 1180 ritate
1017 1125 1104 1181 sancti
1132 1125 1257 1197 Spiritus,
1288 1127 1363 1197 cujus
1395 1127 1481 1201 gratia
1506 1128 1532 1182 in
1559 1127 1710 1200 episcopali

910 1213 1006 1267 ordine
1027 1230 1121 1268 sumus
1136 1215 1298 1281 consecrati,
1327 1214 1418 1289 gladio
1442 1215 1562 1288 spiritus,
1579 1217 1652 1288 quod
1667 1224 1709 1272 est

910 1301 1025 1355 verbum
1041 1302 1101 1368 Dei,
1119 1319 1166 1357 eos
1182 1303 1366 1358 interimentes
1381 1304 1582 1377 persequimur.
1600 1304 1710 1362 Scilicet

910 1389 982 1461 quod
999 1391 1254 1447 excommunicastis
1276 1394 1552 1448 excommmunicatos
1573 1402 1707 1462 tenemus,

909 1493 977 1548 quos
991 1477 1025 1531 ab
1040 1479 1163 1534 Ecclesia
1188 1480 1326 1550 abjecistis
1348 1482 1490 1550 abjcimus,
1508 1498 1576 1554 quos
1592 1485 1707 1539 0001110-
1752 1482 1755 1487 ’

909 1565 1056 1620 1001110οῑ10
1070 1568 1310 1625 anathematizatos
1326 1586 1387 1625 esse
1406 1571 1570 1640 judicamus,
1598 1578 1709 1643 010000

875 1652 1073 1750 Bregulariter
1089 1654 1285 1712 satisfacientes
1315 1667 1405 1713 vestra
1420 1658 1567 1715 auctoritas
1591 1667 1616 1714 et
1631 1675 1711 1730 apos·

911 1741 962 1796 lica
977 1742 1057 1797 sedes
1086 1745 1227 1815 receperit,
1258 1746 1432 1817 recipiemus.
1455 1747 1508 1803 Sed
1529 1756 1556 1802 ut
1583 1747 1610 1802 iu
1634 1764 1712 1804 sacra

910 1829 1024 1884 historie
1039 1831 1072 1885 de
1086 1831 1167 1905 plaga
1182 1833 1341 1906 AEgyptiaca
1355 1835 1438 1906 digne
1453 1851 1469 1889 0
1485 1835 1542 1891 Deo
1553 1835 1626 1891 illata
1641 1835 1710 1908 legi-

911 1919 1084 1989 1000110011.
1100 1923 1163 1990 xrs),
1181 1922 1243 1992 quia
1266 1938 1320 1976 non
1340 1930 1397 1977 0101
1411 1922 1509 1978 domus
1524 1923 1552 1978 in
1581 1939 1635 1996 000
1655 1939 1709 1979 000

906 2015 1009 2074 jaceret
1025 2016 1156 2077 mortuus,
1174 2017 1200 2064 et
1216 2026 1269 2066 non
1298 2019 1352 2065 0101
1373 2011 1419 2082 001
1447 2011 1529 2066 alium
1548 2012 1708 2068 consolare·
1800 2076 1807 2089 .

910 2103 962 2164 101,
975 2095 1102 2167 00001010
1117 2097 1143 2150 10
1154 2098 1236 2153 domo
1249 2115 1298 2154 000
1313 2099 1498 2171 00000010000
1514 2099 1587 2172 qnod
1601 2099 1709 2174 lugeret

909 2183 1036 2251 habebat,
1049 2201 1099 2240 nos
1110 2202 1217 2258 000000
1233 2186 1259 2241 10
1274 2187 1375 2242 0001110
1390 2187 1521 2244 Ecclesiis
1532 2188 1652 2260 lugenda
1662 2187 1707 2244 lu·

909 2287 1016 2343 gemus.
1027 2274 1061 2327 Et
1072 2273 1133 2330 ideo
1141 2284 1230 2330 vestra
1240 2277 1398 2331 auctoritate
1408 2277 1630 2332 nohissubveniri
1645 2293 1707 2334 cum

909 2360 982 2414 omni
1008 2363 1107 2416 1000110
1135 2363 1283 2420 humilitate
1323 2366 1507 2436 deposcimus,
1538 2373 1663 2436 petentes
1678 2373 1707 2421 nt

909 2449 1089 2522 promulgetis
1113 2452 1259 2521 capitulum
1279 2463 1377 2510 vestras
1401 2454 1576 2521 auctoritatis,
1593 2454 1709 2526 qualiter

908 2552 1041 2610 neserga
1056 2540 1240 2595 Ecclesiamm
1264 2551 1417 2597 nostrarum
1436 2558 1599 2615 pervasores
1622 2559 1723 2616 agere,

907 2625 1066 2698 debeamus,
1083 2639 1120 2695 01,
1144 2646 1261 2686 censura
1281 2632 1437 2701 apostolicae
1452 2632 1525 2687 sedis
1539 2632 1644 2699 muniti,
1661 2649 1708 2690 ro·

908 2713 1043 2770 11001101εο
1058 2725 1085 2772 01
1113 2719 1295 2790 promptiores
1310 2719 1449 2790 deinceps,
1481 2720 1596 2777 Domino
1625 2737 1706 2793 opem

907 2801 1021 2870 ferente,
1038 2812 1132 2860 contra
1149 2823 1296 2878 perversos
1311 2807 1558 2865 ecclesiasticarum
1573 2826 1664 2866 rerum
1675 2826 1707 2868 ac

907 2888 1064 2947 facultatum
1086 2903 1208 2966 raptores
1235 2913 1267 2953 ac
1285 2905 1437 2953 vastatores
1467 2897 1593 2970 sacrique
1620 2899 1704 2955 mini-

908 2979 1378 3056 010111001000001100001010010100
1402 3001 1452 3041 nos
1474 3002 1706 3062 successoresque

871 3046 993 3124 Cnostri
1020 3072 1166 3141 persistere
1187 3075 1314 3130 concordi
1339 3074 1472 3131 sententia
1490 3076 1630 3132 valeamus
1649 3094 1656 3132 :
1676 3085 1706 3133 ut

906 3156 980 3226 juxta
996 3160 1101 3233 egregii
1116 3162 1302 3232 praedicatoris
1317 3179 1422 3231 vocem,
1438 3172 1464 3218 et
1480 3173 1576 3220 vestrae
1590 3165 1706 3221 auctori·

910 3247 971 3300 tatis
990 3250 1247 3321 promulgationem,
1270 3251 1360 3305 traditi
1390 3252 1496 3308 Satanae
1515 3252 1612 3324 spiritu
1639 3252 1706 3310 salvi

910 3333 975 3390 fiant
988 3336 1017 3390 in
1031 3337 1075 3394 die
1089 3338 1197 3394 Domini
1207 3339 1292 3394 000111
1301 3340 1366 3395 1000
1377 3339 1487 3395 Christi.

1210 3497 1401 3553 CCCLXXIX.

909 3594 1312 3651 lixcommunicetiocducrsus
1342 3610 1485 3651 crucsorcs
1506 3599 1703 3655 1010000010-

1032 3666 1214 3721 siusticerum
1236 3668 1293 3721 inc
1332 3682 1376 3721 em
1390 3667 1575 3739 synodalem.

943 3783 983 3838 Dc
1004 3784 1193 3854 pervasoribus
1209 3783 1308 3855 quippe
1335 3801 1425 3840 rerum
1441 3784 1698 3856 ecclesiasticarum,

909 3887 977 3942 quos
993 3872 1062 3927 sacri
1082 3887 1211 3938 canones,
1235 3873 1336 3943 Spiritu
1360 3873 1410 3929 Dei
1431 3874 1542 3941 conditi,
1568 3885 1594 3931 01
1621 3875 1702 3931 101100

907 3960 1000 4015 mnndi
1016 3962 1166 4018 reverentia
1189 3963 1350 4029 consecrati,
1377 3971 1403 4019 et
1418 3964 1525 4020 decreta
1545 3963 1703 4036 pontificum

908 4050 1157 4122 sedisapostolicae,
1174 4052 1225 4105 sub
1237 4053 1406 4107 anathemate
1421 4070 1508 4125 00000
1529 4053 1563 4108 ad
1592 4053 1702 4129 regula-

908 4155 966 4196 rem
980 4141 1188 4196 satisfactionem
1212 4157 1273 4196 esse
1297 4142 1398 4197 debere
1421 4144 1628 4209 constituerunt,
1654 4144 1704 4200 sed
1799 4192 1803 4205 ,

907 4230 993 4284 etde
1026 4229 1188 4299 raptoribus,
1232 4245 1301 4301 quos
1337 4231 1492 4300 Apostolus,
1537 4232 1642 4286 Christo
1674 4233 1702 4288 in

907 4334 937 4372 se
955 4317 1091 4388 loquente,
1116 4334 1233 4390 regnum
1261 4318 1311 4372 Dei
1335 4335 1389 4371 non
1419 4318 1562 4388 possidere
1590 4327 1703 4374 testatur

868 4407 933 4470 Dtl
959 4407 1019 4462 Cor.
1045 4408 1095 4476 vr),
1125 4414 1152 4460 et
1177 4420 1238 4460 eum
1266 4406 1422 4475 hujusmodi
1460 4408 1534 4461 omni
1569 4408 1703 4465 veraciter

906 4494 1057 4550 Christiano
1072 4510 1122 4549 nec
1137 4494 1227 4550 cibum
1249 4510 1356 4549 sumere
1372 4495 1504 4566 praecipit,
1525 4496 1645 4567 quandiu
1674 4497 1702 4551 in

906 4582 965 4655 ipso
994 4584 1106 4639 crimine
1132 4592 1293 4653 permanent
1320 4583 1345 4653 (1
1355 4584 1415 4639 Cor.
1433 4587 1471 4653 r),
1495 4600 1545 4654 per
1572 4584 1700 4640 virtutem

905 4672 1005 4727 Christi
1021 4680 1047 4727 et
1069 4670 1172 4740 judicio
1194 4671 1308 4742 Spiritus
1324 4671 1410 4728 saneti
1437 4671 1609 4728 decemimus
1636 4681 1664 4728 ut
1679 4674 1703 4730 si

904 4769 966 4816 ante
992 4761 1129 4832 proximas
1157 4760 1294 4816 Kalendas
1313 4760 1476 4816 Novembris
1507 4761 1619 4817 easdem
1655 4777 1701 4818 res

905 4866 972 4922 quas
992 4850 1091 4922 quique
1123 4857 1299 4919 usurpatores
1326 4848 1423 4917 injuste
1447 4859 1700 4919 0000001001,οο-

904 4939 995 4994 elesiis
1010 4939 1066 4993 suis
1077 4938 1239 5010 regulariter
1250 4937 1447 5014 satisfacientes
1458 4952 1512 4993 non
1521 4939 1698 5008 restituerint,

904 5028 1123 5084 acommunione
1138 5025 1259 5097 corporis
1278 5032 1304 5081 ot
1328 5025 1470 5098 sauguinis
1489 5027 1588 5082 Christi
1613 5043 1699 5101 usque

903 5117 938 5171 ad
954 5117 1148 5171 restitutionem
1174 5131 1264 5170 rerum
1286 5115 1534 5172 ecclesiasticarum
1548 5125 1574 5172 et
1590 5117 1699 5173 satisfa-

902 5206 1029 5269 ctionem,
1041 5204 1121 5258 alieni
1136 5205 1295 5270 habeantur,
1318 5212 1344 5259 et
1358 5204 1445 5261 sacris
1468 5205 1632 5276 episcopalis
1648 5207 1699 5261 rni-

901 5292 1004 5348 nisterii
1019 5292 1306 5349 excommunicationis
1317 5293 1508 5350 ecclesiasticae
1522 5301 1693 5368 contempto·

902 5398 954 5448 res,
972 5382 1120 5437 seeundum
1136 5381 1320 5453 evangelicam
1336 5389 1362 5436 et
1385 5382 1563 5453 apostolicam
1582 5385 1700 5440 auctori·

901 5489 983 5536 tatem
997 5478 1107 5550 (fdetth.
1125 5478 1217 5551 svm),
1233 5478 1268 5534 ab
1278 5465 1419 5551 ¹episcopis
1445 5495 1562 5552 quorum
1585 5481 1697 5542 interest
