3794 6104
123 215 174 267 827
764 209 911 263 JOANNIS
941 210 1035 262 PAPAE
1068 210 1136 267 llll.
1726 218 1775 267 sla

120 335 190 390 inire
205 343 348 405 procurant
367 353 373 388 :
390 333 567 406 quomobrem
580 341 699 387 nostruin
720 333 762 384 bis
778 331 877 386 vestris
891 333 918 387 in
936 331 1073 399 Adevoti,
1098 341 1124 386 et
1146 348 1178 387 ea
1200 349 1259 404 quaa
1286 334 1364 388 vobis
1388 333 1464 388 utilia
1495 333 1539 389 vel
1563 333 1691 404 proficua
1718 352 1776 392 esse

119 422 244 494 partibus
258 423 416 478 necessario
436 421 609 492 praesentiam
624 418 819 491 prestolamini
845 418 926 474 adlu·
980 419 1116 486 videntur,
1132 421 1217 476 alacri
1229 420 1355 476 duntaxat
1383 431 1474 477 mente
1497 419 1645 493 perficere,
1668 438 1719 478 nea
1731 439 1779 494 pro

121 518 219 565 turam.
238 511 295 566 Nos
323 526 399 572 vero,
430 509 500 565 sicut
527 508 692 580 jampridem
722 507 924 575 mandavimus,
975 508 1065 580 aliquo
1088 509 1197 564 bomine
1219 519 1339 566 vestram
1366 509 1445 565 nobis
1468 509 1597 566 dilectam
1634 512 1776 568 amicitiam

118 614 169 668 pro
186 598 324 653 communi
345 599 474 652 duntaxat
494 597 608 651 utilitate
638 603 722 668 atque
745 596 831 650 sainte
852 593 926 650 omui
976 596 1173 668 relinquamus.
1192 599 1240 653 sed
1255 598 1300 669 pio
1314 599 1406 670 potius
1420 598 1516 652 intuitu
1531 599 1559 652 in
1576 598 1707 655 omnibus
1720 615 1776 656 aon·
1805 673 1808 676 .

120 685 221 740 annixu
236 686 329 740 venire
344 701 514 759 magnopere
536 684 669 755 cupimus,
700 683 825 755 quamvis
850 692 876 737 et
891 683 926 739 de
976 699 1087 739 servare
1110 684 1232 740 illaesam.
1260 686 1300 741 De
1319 693 1396 756 parte
1422 692 1511 741 autem
1539 686 1696 756 spiritualis
1719 687 1775 746 filia

120 772 230 829 assidua
245 773 370 843 corporis
385 772 605 832 incommoditate
630 780 657 826 et
672 772 706 826 de
730 778 842 842 peracto
868 771 925 840 jam
975 781 1074 827 nostra
1089 773 1273 845 Angelbergae
1282 773 1476 842 imperatricis,
1488 774 1666 830 charissima
1687 778 1774 833 matria

118 861 241 916 Francia
256 861 352 916 itinere
367 850 455 916 adhuc
471 856 926 930 maneamusdelessi.lluncigitur
976 868 1082 925 vestrae,
1107 876 1156 930 pro
1194 869 1268 916 certo
1292 861 1373 917 citote
1405 861 1533 933 quoniam
1562 871 1685 933 paterno
1719 880 1774 921 earn

119 948 387 1019 antepraedictorum
403 947 584 1020 imperialium
601 946 747 1001 missorum
775 947 923 1001 adventum
974 945 1074 1003 affectu
1094 964 1202 1018 semper
1230 947 1384 1014 dileximus,
1411 957 1438 1004 et
1464 949 1597 1021 quandiu,
1630 951 1770 1012 anuliante

119 1035 183 1091 illua
199 1051 348 1107 properare
363 1036 506 1108 nequimus
522 1054 529 1100 3
543 1051 605 1090 cum
620 1050 686 1089 vero
697 1049 789 1088 eornm
804 1034 922 1107 legatio·
975 1035 1101 1103 Domina,
1127 1036 1285 1104 vixerimus,
1316 1037 1432 1110 diligere
1452 1045 1604 1108 nostroque
1627 1041 1773 1109 apostolico

118 1141 182 1180 nem
196 1125 276 1180 uobis
291 1125 409 1181 delatam
424 1125 564 1196 congruis,
586 1125 643 1177 Deo
657 1121 774 1193 propitio
791 1137 923 1191 ,respon
975 1124 1237 1192 subsidioadjuvare
1253 1124 1376 1196 tuerique
1395 1122 1773 1196 magnopere'desideramus,

120 1213 241 1269 sionibus
255 1221 362 1268 utentes
376 1212 551 1275 audierimus,
569 1219 633 1265 tunc
650 1209 714 1281 quid
729 1210 821 1264 utilius
839 1226 924 1282 agen·
975 1228 1081 1268 necnon
1099 1220 1126 1268 et
1141 1213 1219 1284 quasi
1248 1213 1438 1269 charissimam
1462 1221 1488 1268 et
1516 1213 1674 1284 spiritalem
1697 1213 1772 1273 fitian

119 1301 183 1356 dum
199 1302 233 1354 sit
248 1317 297 1371 pro
312 1300 414 1355 viribus
429 1315 512 1371 agere
540 1298 650 1354 omnino
678 1296 845 1353 curabimus.
868 1300 923 1354 l'cs
973 1299 1122 1371 gloriosius
1137 1301 1266 1356 retinere.
1284 1302 1367 1355 Porro
1386 1300 1420 1356 de
1434 1309 1533 1356 vestrae
1556 1300 1708 1358 voluntatis
1730 1320 1770 1362 ac·

119 1395 213 1444 tamen
233 1389 260 1443 in
272 1388 387 1443 Domino
402 1386 670 1443 confidentesanimo
679 1393 765 1441 estote
775 1387 920 1456 constanti,
973 1389 1058 1454 tione,
1080 1403 1162 1460 quam
1190 1389 1281 1444 dicitis
1309 1388 1448 1453 exhibere,
1478 1404 1529 1444 uos
1555 1389 1617 1444 sine
1642 1390 1724 1448 dubio
1749 1393 1772 1448 in

119 1477 165 1547 qui
181 1492 234 1531 non
250 1476 354 1530 deserit
382 1474 551 1531 confidentes
565 1474 592 1528 in
607 1490 647 1538 se,
663 1482 692 1527 nt
706 1473 777 1528 inter
808 1484 922 1529 caeteros
974 1483 1067 1530 vestra
1078 1476 1195 1531 amicitia
1214 1484 1368 1532 constantes
1391 1475 1535 1531 habebitis.
1553 1477 1594 1531 De
1604 1487 1686 1548 parte
1708 1497 1770 1551 quo·

121 1572 228 1619 vestros
241 1564 381 1632 proximos
404 1572 484 1635 atque
503 1563 606 1618 vicinos
628 1559 792 1617 efficaciores
814 1577 847 1617 ac
871 1579 923 1634 po·
975 1579 1028 1634 que
1056 1562 1197 1619 adelberti
1226 1563 1340 1635 gloriosi
1375 1563 1552 1629 marchionis,
1589 1580 1642 1619 seu
1664 1566 1771 1623 Rutilde

21 1647 24 1651 ’
120 1651 204 1706 tiores
237 1651 265 1703 in
306 1651 432 1706 omnibus
464 1650 626 1722 appareatis,
664 1648 790 1720 quoniam
828 1659 958 1740 nostroB
973 1647 1120 1702 comitissae
1138 1647 1264 1719 conjugis
1279 1648 1347 1717 ejus,
1375 1655 1524 1718 cognoscat
1539 1646 1672 1703 nobilitas
1691 1658 1772 1707 vestra

119 1737 270 1810 apostolico
282 1755 331 1794 vos
353 1739 490 1810 prasidio,
513 1746 590 1809 prout
615 1743 797 1807 opportunum
825 1736 914 1804 fuerit,
973 1733 1046 1805 quod
1057 1734 1174 1789 vobisin
1191 1735 1317 1790 omnibus
1332 1733 1429 1789 fideles
1437 1742 1463 1788 et
1478 1733 1595 1789 devotos
1615 1736 1770 1794 amicoseos

122 1826 198 1901 quasi
209 1827 384 1884 charissimas
399 1827 468 1884 tilios
481 1825 677 1897 adjuvabimus.
696 1824 762 1878 Data
779 1830 916 1898 utsupra.
968 1837 1030 1878 esse
1046 1823 1238 1894 cognoscimus
1255 1823 1337 1887 ;ideo
1351 1837 1481 1894 rogamus
1496 1828 1526 1875 ut
1541 1836 1640 1877 eorum
1650 1825 1768 1882 comitata

969 1904 996 1965 in
1011 1911 1151 1981 provincia
1166 1912 1265 1982 posita,
1281 1910 1414 1978 sicariam
1427 1918 1553 1980 tempore
1568 1909 1657 1983 longo
1678 1920 1766 1970 muue-

968 2007 1038 2067 ruut,
1053 1999 1088 2055 ita
1103 1999 1234 2070 deinceps
1256 2005 1418 2070 pronastro
1446 2012 1543 2053 amore
1568 1999 1705 2057 securiter
1727 2003 1768 2058 ba·

173 2059 208 2096 xu
223 2058 464 2109 xucnrnrtseoros,
481 2060 631 2107 nonuuoun
644 2059 869 2101 surraxnxueos.
967 2087 1049 2142 beant
1076 2087 1208 2158 Optamus
1227 2087 1342 2158 gloriam
1354 2094 1471 2141 vestm
1486 2101 1560 2140 nune
1570 2095 1600 2143 et
1620 2091 1765 2161 wulpem

200 2221 205 2232 .
289 2222 294 2234 .
427 2135 517 2202 (ΑΒΜ
533 2135 608 2234 8⁷9⁰
689 2225 694 2236 .
966 2174 1074 2230 Christo
1087 2190 1199 2230 manere
1214 2173 1466 2247 perpetuam.Data
1481 2177 1626 2248 utsupra.

120 2219 158 2274 lle
174 2221 366 2274 Baebertmam
382 2225 450 2276 ante
470 2222 778 2278 coaaoedtscaaaaoaem
809 2235 918 2275 aarum·
1329 2262 1408 2317 CCX·

439 2292 597 2347 niunieeat.

450 1956 564 2012 ccvltt.

1013 2366 1048 2404 xo
1063 2366 1266 2406 arunrarmoux
1283 2365 1416 2416 contrait,
1432 2363 1555 2404 musaeu
1570 2366 1727 2407 cosrucaa.

1271 2442 1361 2509 (rinno
1376 2442 1450 2511 879.)

999 2528 1235 2582 Eaeomruarricat
1250 2543 1304 2593 eoa,
1324 2530 1388 2600 quia
1400 2533 1554 2588 monialem
1562 2532 1737 2587 manastm‘o

1296 2624 1462 2688 rapuerant.

1005 2703 1193 2757 Lauare-:ramo
1208 2703 1299 2759 comiti
1316 2712 1343 2759 et
1357 2707 1467 2779 conjugi
1482 2723 1549 2763 suae.

1004 2789 1179 2857 Quiacontra
1200 2790 1291 2845 divina
1311 2800 1338 2847 et
1356 2792 1448 2865 legum
1463 2804 1602 2867 praecepta
1632 2796 1766 2851 temerarie

968 2893 1120 2948 agereuon
1142 2878 1297 2943 erubuistis,
1315 2879 1352 2935 ita
1380 2890 1419 2946 ut,
1450 2882 1555 2938 calcato
1586 2883 1639 2938 Dei
1666 2884 1766 2947 timore,

969 2964 1152 3020 Garelendam
1164 2981 1244 3021 sacro
1261 2966 1394 3023 velamine
1403 2978 1513 3039 tectam,
1530 2978 1558 3026 et
1571 2971 1767 3026 inmonasterio

969 3053 1766 3132 Angelbergaedilectaefilianostraeimperatricishuguste

969 3141 1019 3195 sub
1043 3139 1213 3211 professione
1237 3143 1356 3215 regulari
1383 3145 1537 3218 diutissime
1570 3156 1764 3214 conversatam,

969 3229 1042 3300 quod
1057 3228 1201 3285 Placentia
1215 3230 1296 3285 situm
1311 3239 1362 3296 est,
1386 3234 1547 3289 abstrahere
1576 3233 1765 3291 fraudulentis·

155 2394 400 2450 Reverendissimis
415 2402 442 2450 et
455 2396 634 2451 sanctissimis
662 2395 844 2452 confratribus
865 2408 917 2448 no-

119 2481 192 2549 stris,
208 2483 372 2537 huaaanuvo
387 2491 413 2537 et
430 2481 615 2546 Ornanxrruo.
631 2500 738 2540 necnon
749 2491 774 2539 et
788 2484 916 2537 Trinoua-

119 2583 192 2636 nrco‚
210 2577 237 2624 et
252 2569 387 2626 universis
402 2571 574 2643 coepiscopis
590 2573 698 2628 vestris.

153 2655 283 2713 Omnium
297 2665 418 2715 vestrum
433 2659 569 2715 sanctitati
588 2669 681 2714 notum
705 2675 766 2715 esse
795 2659 919 2714 volumus

117 2744 225 2800 venisse
240 2745 432 2812 Bicbertinum,
453 2745 622 2802 deferentem
653 2747 824 2819 imperatoris
848 2761 918 2816 prae-

118 2839 226 2902 ceptum
238 2841 264 2886 et
279 2833 498 2889 commutationis
512 2835 662 2889 chartulam
679 2835 714 2889 de
741 2833 824 2890 rebus
852 2848 919 2903 quas

118 2919 225 2972 charius
236 2934 297 2974 cum
313 2920 409 2975 Amulo
423 2921 631 2992 archiepiscopo
643 2921 744 2976 dudum
763 2921 919 2976 celebrave-

119 3013 191 3059 runt.
210 3006 324 3076 lnsuper
347 3015 440 3062 nostro
466 3006 625 3078 apostolatui
649 3009 783 3064 intimavit
807 3016 836 3062 ut
855 3023 958 3090 cumC

120 3093 178 3148 sine
194 3094 298 3148 ratione
312 3095 436 3150 discussa
459 3096 697 3151 excommunicare
728 3096 818 3151 vultis.
847 3093 919 3164 Qua-

117 3190 231 3252 propter
249 3182 397 3253 apostolica
411 3184 571 3240 auctoritate
582 3184 710 3252 jubemus
724 3193 753 3240 ut
776 3200 856 3239 nemo
869 3200 918 3238 ve-

118 3279 204 3324 strum
213 3285 275 3326 eum
290 3271 515 3338 excommunicet,
525 3281 670 3344 antequam
681 3271 794 3345 adlegis
804 3287 917 3327 examen

116 3359 268 3428 proveniat.
286 3358 397 3428 Scitote,
414 3360 644 3432 quemadmodum
659 3360 687 3414 in
700 3360 848 3416 centesimo
872 3375 918 3415 ca·

117 3445 201 3516 pitulo
216 3445 337 3502 Africani
352 3447 461 3503 concilii
477 3447 587 3520 legitur,
599 3447 724 3504 similiter
738 3449 766 3503 in
796 3449 918 3504 secundo

118 3533 287 3588 novellarum
302 3534 446 3590 lastiniani
461 3536 549 3602 libro,
565 3544 594 3589 ut
609 3552 689 3592 nemo
710 3536 856 3607 episcopus
873 3544 918 3591 aut

117 3622 262 3693 presbyter
274 3622 393 3694 aliquem
408 3625 625 3680 excommunicet
653 3632 798 3695 antequam
833 3638 919 3680 causa

116 3710 257 3780 probetur.
274 3709 325 3780 Qui
342 3713 592 3768 excommunicatus
606 3713 739 3781 majorem
748 3713 918 3769 sacerdotem

116 3797 206 3861 adeat.
218 3807 245 3854 et
260 3798 314 3854 illae
329 3800 374 3869 qui
396 3800 495 3868 inJustc
514 3800 770 3865 excommunicavit,
798 3800 833 3855 ab
857 3801 918 3871 ipso

114 3885 187 3953 juste
200 3886 326 3956 patiatur.
345 3888 379 3940 Et
393 3902 473 3943 nemo
494 3896 624 3954 vestrum,
641 3896 686 3942 aut
705 3887 817 3959 quilibet
831 3888 917 3943 laieo-

119 3988 178 4027 rum
192 3973 308 4043 prarlati,
324 3989 370 4027 res
388 3982 451 4029 ante
492 3975 563 4046 legis
588 3976 757 4031 sanctionem
787 3976 917 4031 invadere

117 4059 309 4125 audeat.Nam,
326 4061 399 4131 quod
410 4076 465 4117 non
484 4061 630 4126 credimus,
640 4063 661 4117 si
677 4063 918 4133 quiscontrahanc

119 4155 241 4202 nostram
269 4148 447 4218 apostolicam
476 4150 663 4205 auctoritatem
693 4150 732 4206 ire
762 4152 916 4213 tentaverit,

118 4235 187 4291 sciat
205 4252 235 4291 se
258 4237 439 4292 anathematis
470 4238 577 4294 vinculo
601 4238 767 4293 innodatum.
794 4241 862 4294 Data
886 4244 919 4295 at

969 3317 1038 3370 sima
1062 3316 1192 3372 suasione
1220 3318 1281 3372 ausi
1310 3317 1416 3375 fueritis
1432 3340 1438 3386 ;
1454 3321 1550 3377 tandiu
1579 3331 1607 3377 te
1645 3332 1764 3395 tuamque

968 3405 1115 3476 conjugem
1131 3405 1292 3460 auctoritate
1303 3408 1390 3463 sancti
1406 3408 1523 3478 Spiritus
1549 3410 1662 3466 Domini
1683 3410 1761 3466 nostri

968 3505 1112 3560 aeorpore
1141 3501 1167 3546 et
1188 3493 1319 3565 sanguine
1348 3495 1457 3550 bomini
1471 3497 1559 3551 nostri
1575 3497 1643 3553 lesu
1670 3497 1760 3553 Christi

969 3594 1140 3649 separamus,
1171 3588 1197 3634 et
1226 3597 1241 3634 a
1268 3584 1406 3638 consortio
1426 3583 1650 3655 Christianitatis,
1680 3587 1758 3641 donec

967 3667 1126 3737 praedictam
1142 3667 1269 3723 laminam
1296 3669 1481 3736 Garelindam,
1497 3671 1562 3728 loco
1575 3674 1649 3729 unde
1663 3674 1757 3746 degu-

968 3755 1063 3822 aastis,
1076 3756 1325 3825 restituatis.Quod
1341 3758 1364 3813 si
1379 3759 1431 3815 boc
1451 3759 1640 3833 neglexeritis,
1659 3762 1758 3817 anathe-

968 3843 1047 3897 matis
1059 3859 1107 3897 vos
1122 3845 1237 3900 vinculis
1251 3846 1422 3901 innodamus.
1440 3848 1509 3903 Data
1520 3853 1661 3921 utsupra.

1315 3934 1407 3990 CCXI.

1154 4035 1190 4073 au
1205 4035 1366 4077 consumme
1382 4037 1576 4080 rarurcanrurr.

1101 4093 1107 4106 ’
1274 4112 1363 4177 (huno
1379 4111 1453 4179 879.)

970 4195 1216 4267 caramendatejaa
1231 4197 1593 4269 stadiumerqadcateaiom
1608 4204 1687 4258 etim
1706 4217 1755 4257 era·

1003 4266 1314 4337 toresmipaifieatsead
1330 4269 1659 4341 Constantinopolitanae
1675 4219 1754 4328 aicta·

932 4376 957 4435 D
1001 4337 1754 4423 simpertnbutioaearedandasparatameesetorteadit

470 4433 563 4488 CCIX⁸
1002 4411 1182 4489 imperatoris
1191 4408 1294 4491 t'epctos
1305 4408 1753 4494 boanraficeseeacepturnmqaat

957 4544 964 4557 .
1002 4480 1090 4602 {m
1103 4479 1381 4603 qanqqquqtremdapanao
1391 4485 1514 4552 receptet
1529 4483 1567 4537 ad
1575 4498 1605 4538 ae
1619 4484 1699 4539 mitti
1704 4497 1753 4555 jam

348 4535 384 4573 ao
399 4535 528 4575 nosorrarx
543 4536 675 4576 contrua.

425 4609 515 4679 (duno
529 4611 604 4679 879.)

119 4709 156 4763 De
177 4710 314 4763 incolumi
331 4709 392 4779 ejus
406 4706 593 4777 prosperitate
610 4706 775 4776 qratatotar
783 4675 792 4759 v1
805 4722 834 4760 se
854 4710 916 4760 tam
1001 4653 1106 4795 ⁰⁰5⁰?
1115 4670 1132 4708 v
1134 4669 1174 4794 ¹1⁰⁰
1186 4653 1332 4710 G⁰⁸G⁰⁰¹⁰
1352 4655 1474 4728 ⁰¹⁰n⁰⁵⁰
1484 4672 1655 4727 mmmm
1678 4668 1704 4714 ἃ
1714 4672 1752 4713 ¹¹⁰⁸

153 4795 227 4842 eam,
251 4782 312 4833 tum
335 4776 536 4847 Anqetberqom
564 4776 776 4846 imperatricem
815 4776 915 4831 charos
966 4756 1062 4839 ⁰⁰⁰¹⁰¹
1087 4757 1138 4838 ‚³¹⁰
1150 4757 1175 4796 ⁰
1210 4848 1212 4850 Ι
1351 4831 1356 4842 ,
1734 4832 1738 4842 1

153 4849 252 4903 tabere
263 4847 407 4913 ostendit5
422 4850 502 4917 rapat
518 4850 550 4901 ut
561 4846 707 4902 Adelberto
723 4851 750 4900 et
764 4847 915 4902 t'llt'aaena-
1002 4829 1109 4883 Lmffis
1124 4838 1186 4897 ²⁰¹⁸·
1203 4846 1272 4901 <luas
1294 4831 1373 4885 n⁰b¹⁵
1400 4847 1450 4902 l’er
1474 4832 1645 4904 5¹0Ph2¹1¹¹¹¹¹
1671 4832 1750 4891 fflssffl·

149 4919 213 4990 jnpi
228 4920 346 4974 liott'idre
369 4919 508 4988 bonaquoe
520 4919 552 4972 ia
561 4917 706 4988 prouincia
721 4916 913 4987 possederant,
966 4916 1058 4970 datum
1068 4915 1175 4971 fidelem
1185 4924 1259 4972 tuum
1267 4918 1398 4981 direxisti,
1415 4919 1534 4983 relectis,
1546 4922 1701 4978 devotionis
1708 4931 1749 4975 tua

152 4990 277 5045 retium
286 4990 448 5060 Permutat·
967 5004 1150 5059 sinceritatem
1165 5013 1192 5059 et
1204 5003 1295 5071 fidem,
1310 5022 1393 5077 quam
1402 5007 1475 5062 circa
1485 5008 1643 5063 Ecclesiam
1672 5009 1718 5065 Dei
1729 5013 1749 5061 et

156 5094 260 5149 Dilecto
275 5091 330 5146 filio
343 5093 448 5147 Bosora
463 5092 585 5163 glorioso
592 5091 719 5162 principi.
966 5092 1178 5164 gloriosissimos
1191 5094 1370 5165 imperatores
1381 5095 1465 5149 habes
1480 5098 1752 5168 Augustosenuclea·

153 5181 222 5250 Quia
237 5180 493 5235 litterisaobilitatis
508 5188 606 5234 vestrm
630 5179 747 5246 relectis,
766 5195 816 5234 vos
840 5179 915 5234 inco·
966 5181 1018 5235 tius
1032 5189 1223 5252 agnoscentes,
1239 5182 1386 5252 plurimum
1416 5182 1612 5240 collaudamus.
1644 5187 1677 5242 Et
1704 5185 1753 5239 ideo

119 5271 205 5324 lamas
225 5286 287 5324 cum
307 5277 398 5336 optata
428 5268 608 5346 prosperitate
635 5267 728 5340 vigere
757 5268 912 5333 didicimus,
965 5269 1051 5324 sacris
1065 5269 1231 5323 orationibus
1245 5270 1357 5338 nostris,
1371 5270 1440 5325 sicut
1458 5271 1579 5342 supplici
1593 5282 1659 5330 voto
1673 5282 1753 5344 postu·

118 5356 262 5426 plurimum
279 5373 372 5411 sumus
387 5354 536 5411 laetieffecti
553 5374 560 5419 ·,
577 5370 640 5409 nam
655 5355 914 5411 vestraedileotionis
965 5356 1035 5421 lasti,
1061 5357 1177 5411 Domino
1210 5359 1401 5413 commendare
1421 5367 1450 5413 ut
1465 5368 1491 5413 et
1520 5374 1537 5414 a
1567 5361 1717 5416 visibilibus
1733 5365 1755 5412 et

119 5444 366 5516 amoreapostoliea
377 5460 485 5522 semper
496 5443 621 5520 cupimus
632 5443 914 5521 benignitatemanere
965 5444 1145 5509 invisibilibus
1175 5460 1302 5505 sec-urus,
1333 5461 1365 5502 ac
1393 5446 1480 5501 victor
1510 5447 1624 5508 existas,
1655 5448 1755 5516 omnino
