3794 6104
188 213 240 268 att
651 199 822 258 mcum
847 196 1048 255 tnnmsls
1063 197 1353 258 ,tacnmrtacort
1789 198 1843 256 did

190 333 316 392 staterae
343 329 496 386 dilectionis
524 325 737 390 unanimitatem,
761 339 832 394 quae,
855 329 883 377 ut
904 321 1025 392 suprcA
1039 321 1119 376 nibus
1147 321 1289 377 Nicolaum
1317 319 1513 386 ordinaverint,
1536 334 1588 378 nac
1608 320 1846 379 mendicaret

190 423 259 490 dixi,
275 429 301 476 te
315 420 382 474 mihi
399 426 542 488 reputasse
564 415 665 483 audiri,
691 413 781 485 egisse
806 423 991 482 recognosce·
1040 408 1118 465 lactis
1146 411 1237 475 illius,
1272 411 1497 482 improbabilibus
1524 417 1618 481 postea
1647 410 1845 479 comprobatis,

191 527 261 579 rem,
279 508 341 581 quia
356 508 463 562 dicente
479 507 556 559 beato
571 506 675 558 Joanne
695 500 841 570 apostolo:
861 501 890 555 Si
905 498 991 567 confi·
1041 515 1089 568 per
1103 515 1230 552 manuum
1260 516 1368 553 suarum
1393 499 1594 568 impositionem
1618 497 1845 554 communicare-

194 598 546 669 tcomurpcccatarrostru,
555 588 990 660 fideliartjustnaestllominus,
1041 595 1114 651 runt,
1131 604 1211 657 quem
1226 588 1381 642 ordinantes
1396 587 1495 641 bouum
1510 586 1700 654 crediderunt,
1723 594 1750 640 et
1765 603 1846 641 man-

194 683 455 742 astrerna'ttutnotis
465 683 580 750 peccata
592 682 689 733 nostro
700 678 812 745 (ttonn.
825 676 855 744 ι),
867 684 893 729 et
903 673 992 744 prima
1041 689 1133 727 surum
1150 682 1283 745 perpetuo
1302 674 1329 727 in
1354 674 1473 729 bonitate
1496 682 1659 744 optaverunt
1677 691 1684 726 ε
1703 673 1774 728 sicut
1795 690 1847 730 nec

194 773 288 829 salutis
311 786 374 840 spes
398 778 440 823 est
464 767 610 829 confessio,
640 765 738 819 deinde
762 763 888 828 dilectio,
922 764 992 830 Quia
1041 761 1148 816 Samuel
1164 763 1271 832 culpam
1286 762 1418 817 contraxit
1434 762 1461 815 in
1476 762 1648 817 ordinatione
1663 761 1740 829 Saul,
1765 779 1843 832 quem

193 862 320 918 ebaritas
336 860 425 930 operit
437 855 653 911 multitudinem
676 855 856 924 pcccatorum
876 852 902 916 tt
913 853 990 905 Pctr.
1041 849 1133 905 divina
1145 851 1267 918 jussione
1284 866 1300 904 a
1316 867 1345 904 se
1359 851 1522 914 ordinatum,
1539 859 1565 903 et
1579 865 1596 903 a
1610 850 1732 905 Domino
1753 858 1842 921 postea

193 950 243 1018 tv),
260 962 315 1002 non
329 945 493 1000 dimitterem
509 943 575 1013 quin
589 942 653 995 inde
670 941 806 994 salubrem
816 938 992 1010 indulgentiae
1041 939 1180 1006 rejectum,
1198 939 1267 995 sicut
1279 939 1314 992 de
1329 947 1353 993 te
1369 939 1458 1002 dole0,
1482 938 1633 993 diutissime
1661 939 1750 1003 licvit,
1772 939 1841 993 velut

191 1036 355 1093 medicinam
377 1040 543 1103 expeterem,
567 1046 622 1084 non
645 1044 695 1098 pro
718 1030 847 1093 humano,
870 1027 919 1081 sed
943 1041 992 1096 pro
1041 1041 1119 1080 sacra
1134 1035 1226 1080 narrat
1241 1027 1362 1081 historia.
1389 1027 1535 1096 lleputatur
1558 1026 1641 1081 etiam
1666 1026 1745 1091 mibi,
1772 1028 1840 1098 quod

192 1125 284 1180 divino
299 1123 407 1187 timore,
424 1128 450 1175 et
472 1119 593 1173 fraterno
615 1132 720 1183 amore,
747 1130 779 1171 ac
802 1116 911 1186 propria
935 1113 991 1168 sal-
1041 1121 1067 1168 te
1083 1122 1209 1183 nepotem
1224 1130 1314 1168 meum
1336 1114 1425 1187 gratia
1448 1113 1659 1186 propinquitatis
1684 1114 1841 1185 episcopum

192 1212 311 1267 ratione.
327 1212 389 1264 Non
403 1208 476 1263 enim
494 1205 679 1275 perlunctorie
703 1203 782 1257 nobis
807 1202 992 1257 sacerdotibus
1041 1203 1234 1257 ordinaverim.
1255 1201 1338 1270 Quasi
1352 1217 1406 1256 non
1421 1202 1509 1256 etalii
1523 1217 1572 1272 per
1585 1218 1631 1256 me
1647 1201 1704 1256 sint
1728 1200 1840 1259 ordinati

193 1298 341 1372 legendum
357 1304 383 1350 et
398 1294 545 1350 tenendum
561 1300 611 1356 est,
629 1292 797 1363 quodetiam
818 1291 894 1371 laicis
909 1298 935 1344 et
949 1288 991 1343 le·
1042 1290 1171 1360 episcopi,
1188 1291 1301 1361 quinon
1317 1298 1379 1344 sunt
1393 1290 1459 1344 mibi
1473 1305 1557 1345 carne
1570 1288 1729 1362 propinqui,
1754 1299 1781 1345 et
1793 1307 1841 1345 no·

192 1387 273 1441 minis
289 1385 405 1455 Spiritus
421 1389 531 1436 sanctus
546 1396 596 1450 per
611 1381 720 1434 beatum
740 1378 805 1432 dicit
828 1377 991 1449 Gregorium
1041 1377 1099 1431 lunt
1114 1379 1255 1433 attendere
1271 1377 1337 1432 mibi
1352 1379 1404 1433 boc
1420 1385 1584 1448 reputantes,
1608 1377 1671 1449 quia
1686 1392 1743 1433 non
1757 1378 1840 1450 impe·

192 1474 303 1544 (bomil.
320 1474 353 1526 32
369 1473 400 1524 in
416 1469 532 1538 Euonp.)
549 1484 555 1520 :
573 1491 585 1513 ιι
603 1467 653 1551 Est
667 1467 714 1520 ubi
729 1482 759 1520 se
774 1465 888 1535 quisque
909 1465 992 1519 inter·
1041 1465 1080 1519 dit
1095 1466 1131 1519 ad
1145 1482 1309 1537 quemquam
1329 1465 1510 1521 ordinandum
1528 1465 1618 1521 carnis
1640 1467 1840 1538 propinquitas,

192 1567 282 1632 roget,
297 1558 366 1613 etin
381 1556 554 1612 confessione
569 1554 667 1610 Christi
684 1570 713 1609 se
729 1553 861 1608 veraciter
883 1553 991 1622 probet.
1042 1553 1064 1606 si
1093 1554 1260 1608 ordinandus
1289 1553 1368 1609 suerit
1391 1554 1494 1610 electus
1517 1562 1543 1610 et
1565 1554 1666 1625 petitus
1692 1555 1840 1612 seeundum

191 1648 325 1703 veremur
339 1660 411 1714 sape
426 1660 443 1698 a
457 1643 589 1715 proximis
602 1642 714 1713 despici,
743 1642 925 1713 dedignamur
946 1641 990 1695 in·
1004 1671 1031 1730 B
1043 1641 1243 1697 ecclesiasticas
1259 1641 1380 1714 regulas.
1396 1643 1456 1697 Non
1471 1651 1498 1696 et
1511 1642 1670 1707 Dominum,
1694 1658 1712 1696 a
1737 1659 1794 1715 quo
1817 1652 1841 1700 et

189 1735 277 1804 iurias
291 1733 368 1790 rcrbi
383 1732 508 1787 tolerare,
529 1731 557 1785 Si
571 1731 710 1801 contingat
731 1729 851 1799 jurgium
875 1727 991 1782 tortasse
1041 1745 1186 1800 perquem
1202 1731 1284 1800 coepit
1298 1730 1482 1801 episcopatus,
1498 1746 1580 1786 carne
1603 1730 1655 1785 sibi
1670 1731 1841 1804 propinquos

192 1837 256 1879 cum
270 1821 403 1893 proximo,
420 1819 606 1874 erubescimus
621 1819 726 1888 priores
747 1815 913 1871 satisfacere.
939 1815 992 1871 Cor
1041 1816 1157 1887 legimus
1172 1818 1315 1872 ordinasse
1330 1819 1478 1888 apostolos.
1504 1819 1559 1874 Sed
1581 1817 1646 1874 licet
1659 1818 1688 1874 in
1702 1828 1731 1875 te
1745 1828 1841 1891 nepote

193 1909 292 1982 quippe
307 1907 428 1972 carnale,
445 1907 509 1960 dum
524 1907 602 1974 hrrjus
617 1905 678 1960 vitae
693 1904 807 1976 gloriam
823 1903 928 1974 quaerit,
946 1904 993 1957 bn·
1041 1921 1104 1960 meo
1119 1905 1222 1977 egerim
1237 1907 1309 1960 unde
1324 1921 1415 1977 gemo,
1428 1907 1492 1978 quia
1502 1906 1597 1962 nescio
1607 1907 1729 1978 qualiter
1742 1908 1777 1964 de
1791 1908 1841 1966 boe

192 1997 335 2051 militatem
349 1994 453 2065 respuit
470 2012 477 2048 ε
494 2002 520 2047 at
534 1995 695 2063 plerumque
706 1993 764 2062 ipse
776 1993 857 2046 homo
872 1991 919 2061 qui
934 1992 991 2045 ira·
1041 2003 1068 2048 et
1083 1995 1118 2048 dc
1133 1994 1193 2048 aliis
1207 1995 1275 2049 meis
1298 1995 1386 2058 lactis,
1409 1995 1539 2050 terribilia
1561 1994 1589 2049 in
1612 1995 1738 2051 caballis
1762 2012 1842 2067 super

192 2084 287 2151 scitur,
311 2082 513 2139 discordantem
538 2081 588 2136 sibi
614 2080 782 2135 reconciliari
806 2079 917 2149 appetit,
943 2079 992 2133 sed
1041 2080 1111 2136 tilios
1125 2083 1265 2137 bominum
1280 2082 1308 2136 in
1322 2083 1429 2138 occulto
1444 2098 1494 2138 suo
1506 2082 1617 2150 jndicio,
1633 2083 1682 2155 qui
1696 2084 1789 2154 posuit
1803 2093 1842 2140 te·

192 2173 233 2229 ira
259 2170 294 2226 ad
316 2169 539 2226 satisfaciendum
567 2169 642 2238 prior
668 2168 814 2223 erubescit.
843 2168 992 2221 Pensemus
1040 2170 1140 2225 nebras
1155 2168 1294 2224 latibulum
1310 2186 1389 2224 suum
1403 2170 1531 2242 disponat
1547 2188 1555 2224 ι
1569 2170 1733 2227 sciotamea
1756 2173 1842 2228 omni·

190 2262 262 2316 tacta
275 2259 407 2326 veritatis,
422 2266 451 2312 ut
466 2256 607 2311 rideamus
622 2271 676 2326 quo
689 2257 796 2324 iaceant
810 2263 910 2309 nostrae
928 2269 991 2324 pra·
1041 2264 1179 2329 potentem
1207 2257 1394 2324 advocatum,
1431 2266 1458 2312 et
1487 2257 1695 2315 misericordem
1721 2258 1840 2328 jndicem

190 2346 280 2403 vitatis
308 2346 440 2401 actiones.
471 2343 499 2398 Si
527 2343 600 2398 enim
626 2342 751 2398 membra
775 2343 873 2396 summi
896 2342 991 2413 capitis
1041 2362 1141 2414 meum,
1159 2353 1221 2400 ante
1237 2361 1318 2418 quem
1334 2355 1375 2400 est
1400 2362 1481 2402 omne
1504 2346 1670 2403 desideriam
1685 2363 1793 2416 metm,
1816 2358 1842 2404 et

190 2449 294 2498 sumus,
311 2431 409 2489 imitari
424 2447 485 2486 eum
500 2431 545 2486 cui
561 2431 748 2486 connectimur
763 2431 903 2485 debemus.
920 2429 992 2498 Quid
1041 2434 1083 2490 cui
1111 2434 1228 2506 gemitus
1255 2451 1336 2489 meus
1363 2451 1419 2490 non
1440 2445 1481 2490 est
1504 2435 1692 2492 absoooditua.
1719 2435 1748 2492 Si
1770 2437 1841 2493 enim

190 2537 309 2594 namque
332 2521 367 2576 ad
394 2528 495 2576 nostrae
523 2519 684 2573 eruditionis
713 2519 866 2589 exemplum
891 2518 991 2573 Paulus
1040 2522 1197 2577 obaudieris
1210 2523 1312 2577 monita
1326 2522 1398 2578 beati
1414 2523 1488 2578 Pauli
1511 2523 1654 2581 Timotheo
1667 2540 1684 2579 a
1698 2541 1731 2580 re
1742 2526 1856 2596 iuvene·

191 2610 323 2684 egregius
341 2609 506 2680 predicator
529 2607 618 2662 dicit?
640 2609 693 2662 Pro
720 2608 829 2662 Christo
854 2608 991 2678 teqctionc
1040 2610 1164 2664 ordinato
1179 2611 1308 2681 episcopo
1322 2610 1437 2677 directa,
1462 2620 1489 2666 et
1503 2627 1520 2666 a
1533 2628 1578 2668 me
1600 2620 1626 2667 et
1649 2627 1666 2667 a
1688 2621 1716 2669 te
1737 2629 1841 2686 oppro-

188 2699 348 2771 [κηρίνων.
359 2702 495 2770 tanquam
507 2698 561 2752 Deo
570 2696 740 2752 exhortante
746 2711 798 2767 per
808 2712 858 2751 nor
866 2695 991 2750 obsecro·
1040 2698 1128 2752 brium
1144 2707 1196 2753 tuae
1210 2699 1390 2755 ordinationis
1405 2698 1493 2765 tolles,
1516 2700 1543 2754 in
1567 2700 1667 2772 quibus
1691 2701 1765 2759 inter
1786 2719 1841 2759 cae-

188 2802 310 2859 marpro
323 2785 443 2852 Ctrristo,
454 2784 744 2839 reconciliaminiltro
754 2785 791 2852 (tt
802 2783 990 2853 carnaeae
1040 2794 1095 2840 tera
1111 2785 1198 2840 dicit:
1214 2787 1298 2843 ll'cmo
1321 2788 1543 2843 cdotecceratinm
1569 2793 1649 2845 tucri
1672 2794 1842 2848 contemnat

189 2874 261 2928 inter
280 2888 332 2928 nos
351 2881 378 2928 et
402 2872 489 2926 Deum
514 2871 678 2925 discordiam
700 2871 841 2940 peccando
864 2870 988 2936 lecimus,
1040 2874 1078 2943 (lt
1094 2876 1163 2929 lim.
1180 2879 1235 2941 rr);
1258 2874 1285 2928 id
1311 2884 1361 2941 eat,
1386 2876 1467 2930 talem
1493 2885 1519 2931 te
1542 2877 1649 2946 exhibe,
1674 2886 1706 2933 ut
1730 2889 1843 2951 propter

191 2968 219 3016 at
232 2969 325 3015 umen
340 2959 439 3013 adnos
454 2960 528 3012 [teus
543 2973 607 3012 suos
627 2959 732 3030 legatos
757 2959 831 3027 prior
853 2958 934 3021 misit.
961 2965 989 3011 ut
1039 2962 1125 3016 etatis
1144 2962 1358 3018 adolescentiam
1383 2979 1463 3020 nemo
1487 2972 1513 3018 te
1537 2966 1772 3037 contemptibilem
1795 2969 1842 3023 ba-

189 3062 241 3104 Μ·
254 3047 307 3117 ἰΡΙὶ
322 3046 369 3118 qui
383 3046 566 3116 peccavimus,
592 3045 626 3099 ad
648 3060 743 3114 pacem
768 3045 818 3100 Dei
834 3045 923 3116 rogati
938 3062 986 3101 re·
1003 3016 1108 3117 Cbeat,
1126 3051 1189 3121 quia
1203 3052 1281 3118 cujus
1295 3052 1350 3106 vita
1374 3053 1533 3124 despicitur,
1560 3061 1642 3109 restat
1664 3063 1694 3109 ut
1717 3064 1745 3111 et
1767 3072 1840 3127 prar-

190 3135 308 3191 niamus.
325 3134 479 3190 Erubescat
493 3148 561 3204 ergo
575 3134 692 3186 humana
711 3134 848 3203 superbia,
871 3133 987 3188 conlun-
1038 3138 1137 3193 dicatio
1152 3147 1349 3195 contemnatur.
1366 3141 1393 3195 Si
1410 3143 1477 3208 baec,
1506 3141 1598 3207 trater,
1620 3143 1670 3196 tibi
1695 3144 1725 3198 in
1748 3144 1840 3216 aliquo

190 3223 271 3281 datur
297 3223 413 3294 quisque
440 3221 539 3276 sinon
570 3220 718 3276 satisfaciat
748 3237 824 3291 prror
851 3222 985 3292 proximo,
1038 3227 1104 3280 dura
1127 3234 1198 3291 sunt,
1223 3244 1285 3298 quae
1305 3244 1359 3282 non
1386 3238 1448 3283 sunt
1472 3230 1544 3285 dicta
1568 3245 1601 3286 ea
1625 3229 1788 3300 intentione,
1812 3241 1840 3289 ut

188 3310 298 3384 quando
310 3319 372 3381 post
386 3308 494 3380 culpam
510 3317 641 3374 nostram,
658 3318 686 3362 ut
701 3310 726 3365 ei
741 3309 913 3365 reconciliari
936 3310 987 3366 de·
1037 3314 1118 3368 velim
1134 3315 1207 3385 quod
1222 3315 1295 3369 absit
1309 3316 1336 3370 in
1350 3317 1442 3389 aliquo
1461 3326 1535 3373 tuam
1558 3319 1773 3390 damnationem,
1798 3323 1839 3378 rel

189 3399 311 3462 beamus,
328 3398 427 3469 etipse
442 3412 550 3469 quoque
566 3396 746 3468 quioliensus
767 3405 808 3452 est
829 3396 926 3470 legatis
946 3397 987 3452 in·
1037 3402 1289 3472 dehonorationem,
1314 3405 1363 3460 sed
1385 3405 1476 3476 potius
1498 3407 1614 3462 salutern
1637 3416 1666 3464 et
1690 3410 1839 3466 correctio·

188 3484 402 3542 temaaientibus
412 3485 539 3541 obsecrat
554 3486 640 3540 Deus.
664 3509 674 3531 ιι
1036 3506 1109 3555 nem,
1126 3493 1234 3547 attende
1250 3494 1324 3563 quia,
1346 3502 1374 3549 ut
1397 3494 1492 3548 beatus
1513 3495 1577 3551 dicit
1600 3495 1766 3568 Gregorius,
1791 3514 1840 3570 per

479 3599 593 3655 CApUT
611 3600 693 3654 xm
1036 3594 1158 3634 amarum
1186 3581 1314 3651 poculum
1343 3581 1521 3638 confectionis
1549 3584 1711 3654 pervenitur
1733 3587 1770 3641 ad
1800 3585 1838 3642 el·

187 3691 225 3746 po
240 3689 395 3760 mmm„
410 3706 427 3743 a
442 3688 520 3744 nobi,
537 3689 667 3743 ampobm
688 3687 830 3760 opproprio
853 3689 986 3744 09„quss
1036 3666 1137 3722 fectum
1160 3676 1258 3739 oplatae
1283 3668 1387 3724 salutis.
1412 3671 1446 3725 Et
1466 3670 1597 3726 Salomon
1619 3672 1686 3728 dicit
1702 3691 1710 3727 ε
1726 3674 1838 3731 Ketion

186 3812 191 3818 ,
536 3760 632 3813 illoto.
1035 3759 1104 3810 runt
1120 3757 1239 3812 vulnero
1260 3758 1357 3823 amici,
1374 3775 1459 3831 quom
1474 3759 1595 3815 odietis
1613 3761 1729 3816 inimici
1741 3763 1837 3818 orecte

221 3845 307 3901 auter
322 3860 400 3916 ergo,
417 3844 543 3900 iaciendo
558 3861 620 3915 quae
635 3845 729 3910 debes,
755 3853 782 3899 et
802 3861 862 3917 quae
876 3853 939 3916 opto
953 3860 986 3902 ac
1035 3843 1128 3915 (Pron.
1150 3845 1254 3913 xxvn).
1277 3845 1311 3900 Et
1334 3845 1465 3901 Dominus
1488 3847 1553 3916 dipit
1570 3865 1576 3901 :
1593 3849 1648 3920 Epo
1671 3866 1740 3922 quor
1762 3866 1835 3919 cmc,

186 3947 247 3997 oro,
264 3941 289 3987 et
303 3933 408 3987 utinam
431 3931 532 4004 dignus
555 3932 678 3986 exaudiri
703 3932 824 3999 inissem,
843 3950 858 3987 a
874 3949 917 3988 me
930 3941 985 3989 eta
1035 3948 1123 4003 arpeo
1138 3936 1166 3988 ct
1180 3934 1284 4004 obstipo
1295 3933 1389 4005 (lpoc.
1400 3940 1456 4004 rn);
1471 3943 1497 3988 et
1514 3950 1520 3988 :
1541 3936 1626 4004 Quem
1634 3936 1732 4008 ditipit
1741 3939 1835 3995 Demi-

186 4020 403 4089 taopprobrium
417 4020 490 4090 quod
514 4020 580 4073 mibi
604 4036 618 4073 a
643 4021 733 4075 multis
752 4028 898 4091 reputatur,
923 4022 985 4092 quia
1035 4035 1100 4081 naa,
1116 4021 1235 4092 corripit
1251 4040 1260 4074 :
1274 4021 1402 4093 rtupcttct
1416 4026 1512 4078 auum
1522 4024 1740 4093 omnemfitiarm
1756 4041 1836 4099 qoem
1880 4062 1887 4072 -

186 4107 278 4173 talem,
295 4107 364 4162 sicin
377 4114 404 4161 et
418 4115 513 4162 contra
541 4107 640 4162 divinar
662 4109 841 4163 ordinationis
865 4109 985 4181 disposi-
1035 4110 1138 4180 recipit
1152 4109 1226 4176 (lteb.
1244 4109 1306 4178 ιιι).

185 4194 299 4263 thaam,
316 4202 342 4249 et
356 4204 451 4250 contra
467 4210 570 4266 regem,
582 4204 609 4250 et
623 4211 691 4268 erga
711 4212 764 4260 me,
789 4205 816 4250 et
837 4212 905 4270 erga
930 4197 985 4254 Ec·
1319 4234 1431 4289 CAPUT
1452 4234 1538 4290 mu

185 4282 299 4340 ΜΨ
312 4282 361 4338 ‘ibi
376 4283 560 4382 ⁰⁰,mmsssam'
578 4292 683 4383 mma
696 4284 830 4388 ,pluri'fws
852 4286 921 4385 ⁸59⁸
941 4285 984 4386 ΫῙΪ
1035 4331 1073 4384 Dc
1088 4345 1235 4384 sacrarum
1252 4330 1631 4402 Scriptarcrumsctrctiorte
1660 4338 1692 4390 ct
1705 4349 1887 4408 responso<

186 4372 273 4427 [0⁰²¹ss
299 4387 339 4438 θῦν
366 4387 525 4443 09¹⁸⁶⁰Pl¹¹¹¹
549 4373 741 4427 ⁰ld¹¹¹⁸les¹ffi
771 4373 825 4428 bed
849 4392 896 4446 (1¹¹¹
919 4366 1025 4429 ¹¹¹¹h¹D
1071 4402 1132 4470 ejice
1147 4400 1469 4456 adlitterusdeltcoino.
1494 4402 1547 4469 Qut
1561 4376 1684 4461 caumes
1694 4409 1887 4464 ciatrem-

184 4460 243 4515 bec
259 4468 393 4531 reputant,
418 4475 473 4515 non
498 4461 646 4524 attendunt,
673 4462 736 4531 quia
759 4477 815 4516 non
838 4470 865 4517 ut
888 4463 985 4517 tudam
1069 4469 1177 4541 piendi,
1194 4474 1222 4524 et
1236 4470 1271 4525 dc
1284 4472 1430 4543 imperitia
1444 4476 1473 4528 et
1483 4475 1630 4543 jactantia
1648 4477 1789 4547 ejusdem.
1801 4479 1887 4534 Dee

184 4547 302 4604 electum
330 4548 459 4618 proesenti
485 4548 605 4615 justitia,
635 4557 661 4603 et
683 4558 712 4603 ut
736 4566 786 4619 per
808 4567 869 4605 eum
894 4550 986 4604 divina
1070 4541 1666 4616 Bertricoitcm,etdecoquodacepeittam
1675 4547 1880 4604 admonuit..-

184 4635 326 4706 diapositio
340 4635 507 4706 impleretur,
533 4636 702 4706 Apostolum,
732 4639 800 4691 sicut
819 4647 845 4692 et
860 4637 925 4692 Saul
938 4652 984 4692 re·
1071 4637 1121 4691 Per
1134 4637 1228 4706 plures
1242 4637 1360 4710 denique
1375 4640 1457 4694 audio
1472 4649 1497 4695 te
1512 4641 1586 4712 apud
1598 4641 1699 4698 multos
1714 4661 1761 4700 me
1774 4644 1887 4699 inta-a

184 4728 250 4795 qeto
263 4732 357 4793 postea
373 4724 556 4793 reprobatum,
568 4723 602 4777 de
618 4740 673 4794 quo
687 4725 817 4794 scriptum
834 4733 875 4778 est
892 4743 898 4778 :
915 4727 985 4780 Erat
1034 4738 1120 4792 mare,
1151 4725 1279 4794 quoniam
1304 4742 1396 4782 sacras
1420 4728 1574 4799 Scripturas
1596 4729 1700 4785 soleam
1723 4733 1887 4788 detrun-

186 4810 348 4866 circitatur
362 4815 390 4866 et
405 4812 501 4876 bonus,
519 4816 546 4867 ct
560 4829 619 4866 ron
634 4816 695 4866 erut
713 4813 755 4867 vir
769 4813 802 4867 dc
816 4813 884 4881 filiis
897 4814 984 4868 lsrnet
1034 4827 1110 4880 care,
1127 4821 1153 4868 et
1169 4814 1203 4867 ad
1219 4830 1311 4868 meum
1325 4831 1435 4870 sensum
1461 4817 1607 4873 inflectere.
1631 4816 1713 4886 Quod
1736 4829 1767 4876 ut
1789 4828 1887 4892 pm

185 4898 279 4952 artior
291 4899 342 4954 illo
357 4899 381 4966 {l
396 4902 459 4969 ch.
476 4899 529 4969 rx).
546 4901 620 4953 Deus
635 4900 724 4954 omnia
741 4900 830 4954 sciens
854 4917 904 4971 per
921 4917 984 4970 pro·
1034 4909 1108 4955 certo
1122 4901 1212 4956 adbuc
1226 4904 1309 4958 credo
1324 4905 1416 4959 necin
1432 4921 1486 4961 uno
1501 4905 1562 4961 loco
1575 4922 1620 4961 me
1634 4908 1739 4980 agisse,
1757 4911 1781 4964 si
1795 4918 1887 4966 ta-·

186 4984 333 5041 ridentiano
349 4986 493 5050 ordinauit,
511 4995 537 5042 et
551 4986 589 5040 nil
604 4987 691 5057 culpae
704 4989 848 5052 contraxit,
864 4989 909 5059 qui
922 5006 985 5059 pec-
1033 5003 1095 5042 meu
1112 4990 1164 5044 hoc
1180 4991 1252 5060 quod
1268 4992 1335 5045 dicis
1350 4993 1454 5062 poteris
1468 4993 1630 5064 approbare.
1654 5004 1683 5049 et
1697 4997 1721 5051 si
1736 4999 1791 5054 boc
1805 4994 1887 5054 a&

183 5087 247 5129 care
262 5087 316 5127 non
332 5073 435 5142 potuit;
452 5074 500 5127 sed
513 5083 541 5127 ut
556 5076 637 5129 bomo
647 5076 774 5129 nesciens
784 5076 857 5145 quod
868 5077 983 5131 l'uturum
1033 5078 1255 5147 approbationem
1283 5080 1403 5136 volueris
1438 5082 1562 5147 ducere,
1597 5085 1714 5140 ostende
1744 5092 1887 5143 corarrr-

184 5169 253 5227 erat,
266 5169 292 5216 te
306 5177 357 5233 per
372 5161 608 5231 improvidentiam
624 5164 748 5217 ordinari
758 5172 783 5217 et
798 5164 881 5217 divini
891 5165 984 5232 judieii
1032 5167 1141 5236 quantis
1156 5176 1181 5221 et
1195 5168 1293 5238 quibus
1309 5169 1355 5222 tibi
1370 5169 1487 5234 libuerit,
1512 5178 1538 5224 et
1565 5178 1611 5225 aut
1635 5180 1768 5243 patenter
1790 5191 1887 5231 ον

181 5263 236 5303 non
251 5250 343 5318 injusti
366 5250 490 5305 minister
514 5251 613 5316 exstiti,
639 5251 702 5322 quia
723 5253 792 5307 sicut
815 5253 898 5308 timeo
923 5252 983 5307 aliis
1032 5254 1143 5308 tendam
1158 5263 1183 5310 te
1199 5272 1258 5311 mea
1272 5257 1356 5311 rerba
1373 5257 1442 5312 bene
1464 5273 1518 5312 non
1542 5258 1711 5332 intelligere,
1734 5272 1784 5318 aut
1804 5263 1887 5321 ab

182 5336 302 5404 peccatis
328 5337 398 5392 meis
427 5338 479 5393 hoc
506 5353 568 5394 esse
599 5341 747 5408 promerui.
772 5340 934 5412 Quanquam
957 5348 983 5397 et
1032 5341 1124 5413 aliquo
1137 5342 1184 5398 illa
1200 5342 1295 5398 falsata
1310 5344 1394 5400 tuisse
1411 5361 1417 5400 :
1434 5355 1460 5400 et
1475 5347 1498 5400 si
1511 5345 1579 5402 torte
1592 5363 1647 5412 me,
1665 5349 1740 5421 quod
1757 5350 1861 5416 dicis,

182 5422 270 5476 uncti
284 5424 403 5493 apostoli
417 5441 479 5481 cum
494 5425 575 5482 beato
595 5427 733 5496 Stephano
757 5437 784 5484 et
806 5429 867 5483 aliia
888 5428 982 5485 diaco-
1032 5428 1055 5482 si
1069 5438 1159 5484 nmen
1176 5431 1255 5497 dieis,
1272 5432 1363 5502 egisse
1378 5448 1545 5504 cognovero,
1564 5437 1728 5506 quantocius
1749 5439 1855 5495 σοιτί·
