3794 6104
182 238 234 293 loa

685 225 856 284 Htrtcttnttt
869 224 1069 284 adanensis
1097 221 1372 280 nncuturtscoot.

1788 226 1841 278 160

183 360 255 417 istud
271 359 398 416 timemus
413 355 537 429 pati,ipsi
552 371 660 429 quoque
675 354 730 410 tale
745 353 883 426 quidpiam
898 354 1019 415 cave-A
1034 350 1079 406 tali
1095 351 1163 405 sieut
1174 349 1270 404 isteest
1280 348 1415 405 sacerdoti
1431 367 1438 403 ε
1457 323 1555 417 Quare,
1568 346 1667 419 iuquit,
1680 352 1838 405 inenerras

172 462 275 506 'remus
293 448 444 514 admittere,
473 454 502 501 ιιι
529 454 556 501 et
582 445 628 517 qui
655 445 714 515 ipso
742 443 887 500 voluntatis
911 443 984 498 bono

182 538 286 594 nollent
307 554 323 592 a
346 536 504 592 crudelitate
527 535 663 602 desinere,
686 531 782 589 saltem
806 540 879 588 melu
902 547 985 604 coge-

183 634 277 682 rentur
303 625 390 682 oculis
412 640 524 697 parcere
553 623 768 695 proximorum:
785 621 808 675 si
831 635 895 674 vero
919 619 985 676 illud

184 714 295 772 crudele
311 715 418 784 dicitur,
440 723 466 769 et
480 712 642 770 homicidam
658 719 684 767 et
698 710 848 765 adulterum
863 709 984 765 coerceri

183 804 293 861 crudele
308 803 423 859 dicatur.
441 801 496 858 Sed
513 800 697 872 insipientium
708 797 820 854 omnino
835 797 887 853 ista
903 797 984 852 rerba

182 902 253 958 sunt,
264 901 291 949 et
305 900 425 949 extremo
439 890 529 946 furore
551 889 728 945 dementium.
741 889 801 959 Ego
829 886 902 941 enim
916 886 984 942 adeo

182 991 275 1039 metuo
299 983 392 1037 dicere
413 982 471 1037 hec
497 995 559 1036 esse
580 977 718 1044 crudelia,
736 976 822 1031 uthis
847 977 985 1033 contraria

163 1071 166 1076 ’
183 1072 264 1129 etiarn
280 1072 373 1143 iniqua
393 1072 567 1141 perdoceam,
584 1068 656 1139 quod
671 1074 744 1123 certe
759 1066 911 1120 communis
921 1082 986 1138 quo-

183 1177 235 1233 que
260 1161 327 1216 ratio
347 1158 535 1231 deprehendit.
553 1157 593 1213 Tu
609 1156 681 1211 enirn
705 1155 774 1210 dicis
798 1154 861 1225 quia
876 1155 986 1210 oculum

183 1264 233 1321 pro
248 1249 327 1305 oculo
335 1248 415 1318 jussit
429 1245 538 1314 auferri,
551 1246 654 1302 idcirco
674 1244 810 1314 crudelis3
827 1257 880 1316 ego
895 1251 986 1300 autem

182 1337 280 1405 refero,
298 1337 362 1408 quia
384 1336 437 1390 uisi
461 1334 637 1407 precepisset
652 1334 735 1402 istud,
752 1343 817 1392 tunc
831 1349 896 1391 vere
912 1332 985 1403 apud

183 1425 316 1498 plurimos
340 1424 401 1479 talis
424 1422 538 1494 fuisset,
560 1422 669 1495 qualem
688 1431 717 1478 tu
745 1439 808 1479 eum
830 1423 898 1479 falso
924 1437 985 1478 esse

184 1513 371 1585 conquereris.
404 1512 528 1583 Denique
554 1527 683 1566 sermone
714 1510 849 1584 fingamus
877 1525 986 1567 omnem

183 1601 274 1675 legem
290 1617 351 1657 esse
366 1601 534 1668 dissolutam,
550 1616 601 1656 nec
617 1616 781 1672 quemquam
795 1615 846 1673 pro
861 1600 986 1670 hujusce-

1031 441 1255 513 jasliiiasmros,
1263 443 1291 494 ct
1300 440 1421 494 assumis
1433 441 1638 493 testamentum
1647 453 1744 492 meam
1752 453 1837 510 perot

1037 532 1134 584 faura?
1147 527 1834 599 laverononodisciplinantearreoascampore,

1036 622 1134 673 etcum
1140 617 1278 672 adulteris
1283 618 1440 690 portionem
1449 620 1528 670 ianm
1538 615 1833 688 ponebasffsohxarx,

1037 708 1144 776 itt-la).
1161 705 1222 760 Non
1236 705 1309 760 enim
1319 703 1421 759 foveret
1436 703 1521 758 melos
1537 704 1672 758 sibonum
1687 702 1814 776 diligeret
1829 721 1835 756 :

1037 795 1086 849 sed
1102 795 1219 866 diligens
1234 794 1390 858 Dominum,
1407 800 1432 847 et
1447 791 1657 861 odiensvitium,
1670 791 1745 863 quod
1758 808 1834 846 suum

1036 891 1140 955 ageret,
1159 890 1185 936 et
1209 883 1280 953 quod
1308 898 1325 936 a
1344 883 1402 937 Deo
1417 897 1467 952 per
1491 880 1646 937 conditores
1661 880 1758 953 legum
1768 879 1836 950 justa

1037 981 1217 1037 decernentes
1232 980 1369 1035 decretum
1386 988 1426 1033 est
1439 994 1494 1034 non
1504 978 1728 1050 oppugnaret.Et
1740 977 1836 1050 iniquae
1873 1022 1877 1026 .

1036 1070 1163 1126 mulieres
1179 1084 1211 1124 ac
1226 1069 1350 1139 peruersi
1378 1068 1502 1122 homines
1529 1067 1673 1140 inquient:
1696 1067 1837 1124 Faciamus

1036 1159 1108 1231 quod
1126 1159 1260 1223 uolumus,
1277 1166 1303 1212 et
1318 1156 1445 1211 adeamus
1460 1155 1604 1211 ecclesiam
1618 1155 1663 1212 rel
1677 1154 1836 1226 episcopum

1036 1255 1063 1302 et
1081 1247 1184 1302 erimus
1219 1245 1352 1316 impuniti.
1378 1245 1446 1301 llinc
1484 1261 1601 1317 namque
1640 1244 1835 1315 vituperabitur

1037 1336 1218 1390 ministerium
1247 1343 1388 1400 nostrum,
1411 1343 1437 1388 et
1465 1335 1565 1389 erimus
1605 1332 1835 1404 contemptibiles,

1035 1432 1064 1478 ut
1093 1424 1218 1478 vilelicet
1245 1423 1362 1495 legalem
1380 1422 1513 1492 justitiam
1541 1421 1647 1490 injustis
1676 1437 1693 1476 a
1723 1420 1836 1476 Domino

1036 1513 1151 1585 positam
1171 1519 1395 1576 contemnentes,
1421 1510 1485 1581 quia
1499 1526 1670 1581 unaqueque
1699 1509 1744 1564 lex
1768 1510 1837 1579 justa

1037 1601 1138 1657 crimen
1161 1616 1216 1655 non
1239 1600 1328 1665 habet,
1345 1616 1379 1654 ne
1395 1599 1428 1652 sit
1449 1599 1563 1668 injusta,
1580 1606 1606 1653 et
1627 1606 1721 1654 tarneu
1748 1597 1836 1653 onmi-

183 1690 258 1746 modi
268 1689 347 1746 factis
358 1690 502 1745 formidare
513 1688 685 1760 supplicium,
699 1689 747 1744 sed
757 1689 983 1759 cunctisprorsus
997 1713 1024 1773 B
1038 1706 1134 1745 nostrin
1150 1689 1235 1760 punit,
1252 1696 1281 1742 ut
1294 1704 1359 1743 rere
1375 1687 1495 1755 sitjusta.
1509 1689 1542 1742 Et
1558 1703 1572 1742 e
1588 1687 1704 1760 regione
1728 1686 1838 1757 quidam

183 1780 310 1852 malignis
341 1778 423 1835 licere
446 1778 485 1833 uti
511 1777 633 1832 moribus
652 1778 723 1837 suis.
749 1785 776 1833 et
797 1777 940 1846 adulteris,
958 1782 984 1831 et

183 1867 335 1936 homicidis,
362 1876 388 1922 et
422 1865 546 1933 furibus,
561 1874 587 1921 et
616 1866 743 1936 perjuris,
767 1872 793 1922 et
822 1865 982 1936 parricidis,

185 1972 275 2014 nonne
289 1956 339 2011 sub
354 1956 405 2011 bac
426 1955 534 2011 licentia
550 1954 641 2010 omnia
657 1954 761 2025 pariter
784 1969 839 2009 una
861 1953 985 2009 confusio

183 2044 332 2118 iniqnitatis
362 2044 539 2100 involveret?
562 2043 660 2098 Nonne
689 2043 763 2097 mille
790 2042 940 2098 sceleribus
959 2050 985 2097 et

184 2134 304 2190 caedibus
346 2133 445 2201 urbes,
475 2133 553 2201 lora,
578 2133 685 2196 domus,
717 2132 828 2202 maria,
859 2138 985 2204 totusque

183 2223 295 2278 omnino
314 2223 432 2277 mundus
451 2221 546 2277 fuisset
568 2221 720 2292 impletus?
736 2220 806 2275 Nam
829 2219 851 2274 si
879 2219 986 2291 legibus

183 2319 258 2367 certe
273 2311 489 2376 dominantibus,
506 2317 533 2365 et
549 2309 659 2382 rigente
681 2308 889 2363 comminatione
905 2316 986 2378 atque

183 2407 298 2463 terrore,
321 2399 365 2453 vix
394 2406 486 2452 tamen
505 2397 657 2453 voluntates
674 2395 835 2451 cohibentur
849 2395 986 2467 malignae,

179 2488 207 2552 si
222 2488 304 2543 etiam
325 2488 376 2542 hoc
394 2484 553 2558 praesidium
579 2483 723 2549 defuisset,
752 2499 870 2555 quanam
894 2500 988 2555 posset

184 2572 285 2627 malitia
307 2571 413 2628 ratione
439 2569 572 2626 fraenari?
587 2577 631 2624 aut
654 2585 715 2640 quae
729 2583 783 2623 nou
797 2568 824 2622 in
841 2568 922 2624 vitam
935 2568 988 2624 ho-

177 2660 287 2715 ·miuum
299 2661 385 2731 pestis
400 2660 539 2714 irrueret‘.l
554 2658 610 2713 Nec
633 2665 723 2713 tamen
738 2657 825 2713 solum
842 2656 914 2713 istud
930 2673 990 2711 cru-

185 2749 246 2805 dele
261 2757 313 2819 est,
329 2749 487 2820 permittere
504 2747 609 2803 scilicet
623 2747 702 2801 malis
717 2760 799 2818 agere
815 2743 987 2816 quaerelint:

187 2839 236 2894 sed
250 2837 324 2892 aliud
339 2851 451 2909 quoque
465 2836 517 2890 isto
528 2844 600 2891 certe
610 2834 784 2898 nihilminus,
800 2833 828 2888 id
843 2842 883 2888 cst
894 2833 988 2888 laesum

187 2935 214 2981 et
235 2926 371 2979 immerito
401 2924 526 2980 afflictum
546 2924 688 2996 negligere
721 2930 801 2993 atque
823 2922 990 2992 despicere?

185 3014 236 3070 Dic
256 3014 330 3071 euim
353 3013 437 3077 mihi,
455 3013 477 3066 si
505 3011 564 3084 quis
579 3012 653 3066 feros
677 3011 801 3065 homiues
823 3026 855 3065 ac
877 3026 987 3080 semper

185 3103 323 3175 malignos
346 3102 372 3156 in
396 3117 478 3156 unum
500 3099 641 3172 colligens,
667 3098 766 3171 gladiis
785 3106 921 3165 armaret,
938 3107 982 3153 to-

186 3199 294 3263 tamque
319 3190 462 3247 circumire
484 3188 620 3245 civitatem
646 3187 764 3256 juberet,
787 3195 867 3260 atque
888 3186 982 3241 obuios

187 3280 239 3335 sibi
262 3295 385 3352 quosque
415 3276 577 3345 confodere,
603 3276 669 3349 quid
689 3276 800 3331 tandem
832 3276 884 3330 hoc
911 3284 985 3330 esset

187 3368 357 3425 immanius?
371 3368 405 3424 dt
419 3367 441 3421 si
450 3367 520 3423 alius
538 3381 585 3422 eos
604 3365 723 3439 quidem,
734 3364 779 3437 qui
788 3365 822 3419 ab
832 3364 880 3418 illo
888 3364 984 3419 armati

91 3496 100 3523 ·.
187 3466 288 3523 essent,
304 3457 410 3531 ligaret,
427 3455 613 3527 violenterque
629 3454 839 3526 constringeret,
857 3468 904 3509 eos
919 3469 985 3509 vero

187 3548 233 3621 qui
253 3545 427 3602 interimendi
448 3552 525 3600 erant
539 3544 574 3599 ab
591 3543 691 3616 iniquis
707 3542 761 3597 illis
774 3542 900 3598 manibus
914 3542 985 3597 libe-

186 3643 276 3704 raret,
294 3636 358 3708 quid
379 3652 393 3690 e
413 3634 526 3707 regione
547 3634 599 3688 isto
621 3632 790 3687 inveniretur
809 3631 986 3686 humanius?

186 3726 251 3780 llaec
264 3723 348 3798 igitur
371 3723 500 3778 etiamad
521 3721 612 3794 legum
635 3718 754 3775 transfer
768 3720 902 3791 exempla.
919 3717 987 3788 Quae

187 3813 260 3868 enirn
274 3812 382 3867 oculum
403 3827 455 3882 pro
473 3809 553 3865 oculo
568 3807 688 3863 effodere
702 3808 844 3878 pracepit,
862 3808 987 3862 timorem

189 3899 267 3970 quasi
303 3896 459 3954 carnificum
498 3894 690 3969 peccatoribus
721 3895 882 3964 immitens,
915 3894 988 3949 illius

189 3986 285 4042 similis
299 3985 451 4052 inuenitur,
468 3984 513 4056 qui
528 3983 588 4038 illos
604 3998 673 4055 quos
688 3981 744 4038 dixi
759 3982 880 4039 collibuit
895 3998 987 4038 arma-

189 4082 243 4131 tos.
269 4074 322 4143 Qui
340 4089 406 4129 rero
419 4073 521 4128 nullam
543 4072 653 4127 omnino
672 4087 781 4142 poenam
796 4070 919 4127 decrerit
933 4087 986 4126 no-

189 4163 271 4230 centi,
287 4162 336 4218 sed
350 4176 473 4216 armasse
492 4161 540 4215 tibi
554 4160 725 4232 iniquitatem
740 4159 855 4227 uidetur,
874 4176 989 4232 eumque

189 4252 322 4309 imitatum
336 4250 419 4306 fuisse
435 4251 481 4323 qui
491 4250 639 4306 sceleratos
654 4249 715 4304 illos
730 4248 836 4322 gladios
851 4248 987 4316 instruxit,

190 4343 308 4413 hincque
333 4340 414 4396 totius
444 4338 560 4395 civitatis
584 4338 697 4393 immisit
726 4337 855 4403 exitium,
877 4338 989 4394 videsne

1032 1779 1183 1848 jactabunt,
1197 1778 1334 1847 Scriptura
1358 1776 1445 1831 dicit:
1462 1778 1500 1832 Nc
1524 1777 1562 1831 sis
1583 1777 1710 1832 multam
1731 1778 1837 1847 justos.

1036 1869 1118 1923 Decii
1137 1883 1240 1939 qaoque
1255 1865 1449 1922 irrisericordes
1469 1865 1568 1935 (accit.
1598 1880 1655 1932 v113
1676 1865 1778 1920 llalth.
1799 1863 1836 1935 v).

1035 1957 1069 2010 Et
1078 1975 1083 2010 :
1092 1956 1233 2012 Jerrliciurn
1245 1956 1289 2009 illi
1298 1957 1359 2009 sinte
1371 1954 1572 2018 misericordia,
1582 1955 1696 2025 qainon
1707 1954 1839 2023 sanitati-

1036 2043 1298 2113 sericordtmnq'lnc.
1312 2059 1340 2108 n,
1354 2043 1396 2113 13)
1408 2063 1416 2109 ,·
1432 2050 1458 2097 ct
1472 2059 1478 2094 z
1490 2042 1840 2113 superexalletjndiciara

1036 2132 1233 2189 atiscricordia
1257 2130 1349 2202 (tom.)
1365 2151 1374 2197 ,·
1390 2138 1416 2184 et
1440 2129 1571 2185 Dominus
1594 2129 1726 2185 adulterae
1746 2148 1754 2182 ι
1784 2131 1837 2186 Nec

1038 2239 1086 2294 eqo
1103 2226 1129 2276 fe
1144 2220 1352 2276 condemnabo:
1365 2219 1440 2283 uado,
1453 2224 1483 2274 cl
1499 2219 1622 2290 amplias
1643 2219 1704 2274 noli
1721 2235 1840 2290 peccare

1040 2310 1129 2380 [loon.
1157 2323 1217 2374 rut,
1235 2310 1289 2378 ll).
1305 2309 1338 2362 Et
1364 2316 1392 2360 tu
1408 2307 1546 2371 sacerdos,
1563 2307 1607 2360 cui
1623 2306 1840 2362 misericordiam

1037 2397 1090 2452 nisi
1105 2396 1206 2451 misero
1222 2397 1305 2450 debes
1321 2395 1486 2466 impendere,
1512 2402 1537 2449 ct
1552 2395 1590 2449 illi
1605 2395 1710 2450 claudis
1726 2410 1782 2450 non
1798 2395 1843 2449 nri·

1040 2486 1157 2540 serendo
1171 2484 1365 2539 misericordiae
1388 2484 1503 2552 viscera,
1521 2483 1604 2555 quiin
1619 2499 1682 2538 eum
1695 2483 1767 2537 liber
1783 2498 1843 2537 esa

1039 2575 1177 2646 punitione
1187 2575 1200 2628 ⁴?
1216 2572 1300 2641 eram
1312 2571 1541 2644 utriusquepartis
1552 2573 1763 2643 derogationem
1774 2586 1842 2644 erga

1040 2662 1126 2717 sacris
1154 2662 1289 2732 mysteriis
1318 2662 1466 2715 servientes
1480 2660 1593 2732 provide
1621 2669 1701 2730 atque
1721 2659 1842 2715 discrete

1040 2767 1141 2807 cavens
1156 2750 1251 2804 beatus
1274 2749 1423 2820 Gregorius
1437 2750 1472 2803 ad
1503 2749 1643 2804 Leontium
1667 2748 1843 2803 exconsulem

1040 2839 1135 2894 scribit
1152 2856 1158 2892 :
1177 2860 1188 2887 ιι
1204 2838 1300 2904 Debet,
1316 2837 1451 2908 inquiam,
1469 2836 1556 2908 gloria
1568 2845 1658 2892 restra
1672 2837 1845 2892 meminisset

1041 2928 1102 2998 quia
1131 2943 1270 2997 nunquam
1298 2942 1373 2980 niens
1395 2926 1522 2996 epistolas
1538 2941 1587 2995 pro
1602 2925 1842 2981 commendatione

1042 3015 1155 3083 alicujus
1177 3015 1280 3085 aceepit
1293 3056 1300 3083 ,
1315 3014 1366 3068 nisi
1383 3022 1411 3068 ut
1428 3014 1625 3084 protectionem
1648 3021 1768 3069 vestram
1804 3013 1816 3068 f
1832 3045 1843 3055 ·

1037 3104 1125 3160 ciente
1138 3104 1239 3172 justitia
1268 3103 1444 3174 praestaretis,
1460 3104 1524 3173 quia
1538 3112 1616 3173 turpe
1633 3110 1674 3157 est
1689 3101 1842 3157 defendere

1034 3191 1106 3264 quod
1122 3192 1196 3262 prius
1211 3207 1266 3246 non
1281 3191 1430 3247 constiterit
1441 3192 1544 3260 justum
1564 3207 1635 3245 esse.
1651 3192 1712 3261 llgo
1727 3190 1840 3261 quidem

1033 3281 1157 3335 homiues
1181 3288 1294 3350 propter
1314 3279 1445 3348 justitiam
1460 3279 1563 3351 diligo,
1580 3295 1635 3333 non
1652 3287 1741 3333 autern
1756 3279 1840 3349 justi-

1035 3369 1097 3424 tiam
1117 3377 1230 3439 propter
1245 3368 1369 3422 homines
1384 3375 1528 3438 postpono.
1552 3368 1610 3422 »Et
1628 3368 1662 3421 ad
1686 3368 1840 3423 Romanum

1036 3456 1208 3513 defensorem
1236 3458 1295 3526 (lib.
1318 3472 1366 3525 vn,
1382 3457 1461 3529 epist.
1486 3459 1530 3521 al,
1543 3457 1643 3511 indict.
1656 3455 1684 3525 2)
1695 3473 1725 3510 :i
1743 3456 1841 3510 Patro-

1036 3545 1106 3602 cinia
1134 3545 1402 3612 ecclesiastica,sire
1431 3561 1491 3599 mea
1524 3543 1679 3614 suscipiatis
1711 3544 1838 3615 scripta,

1037 3636 1094 3690 sire
1108 3635 1190 3689 etiam
1205 3634 1316 3689 minime
1339 3633 1439 3687 suerint
1458 3633 1572 3699 directa,
1590 3633 1639 3687 sub
1654 3641 1731 3688 tanto
1745 3633 1840 3688 mode·

1037 3723 1141 3778 ramine
1163 3722 1285 3776 debeatis
1317 3721 1488 3792 impendere,
1519 3729 1653 3792 quatenus
1684 3721 1712 3774 bi
1734 3721 1781 3792 qui
1812 3721 1838 3774 ia

1038 3810 1117 3865 furtis
1139 3809 1255 3880 publicis
1279 3809 1408 3880 implicati
1424 3817 1495 3875 sunt,
1512 3825 1529 3863 a
1555 3809 1634 3863 nohis
1650 3825 1706 3864 non
1721 3808 1835 3865 ridean-

1038 3906 1082 3953 tur
1095 3898 1192 3967 injnste
1207 3898 1326 3964 defendi,
1342 3914 1377 3953 ne
1392 3898 1552 3968 opinionem
1567 3899 1638 3953 malc
1649 3898 1790 3969 agentium
1805 3914 1838 3953 ex

1039 3987 1194 4042 indiscretae
1209 3985 1376 4041 defensionis
1392 4003 1460 4042 ausu
1473 3987 1501 4040 in
1516 4003 1566 4041 nos
1581 3986 1729 4042 ullomodo
1744 3995 1832 4041 trans-

1039 4075 1159 4131 feramus
1177 4094 1182 4129 :
1200 4076 1247 4130 sed
1265 4084 1396 4146 quantum
1407 4076 1483 4131 decet
1493 4076 1655 4143 Ecclesiam,
1668 4075 1841 4131 admonendo

1040 4172 1067 4220 et
1083 4165 1196 4219 terbum
1211 4163 1413 4220 intercessionis
1433 4164 1598 4227 adhibendo,
1628 4163 1728 4235 quibus
1743 4163 1840 4218 valetis

1040 4255 1200 4321 succurrite,
1229 4263 1256 4307 ut
1278 4262 1303 4308 et
1325 4253 1378 4307 illis
1405 4269 1486 4324 opem
1510 4252 1612 4319 feratiS,
1639 4259 1665 4307 et
1683 4252 1840 4323 opinionem

1041 4351 1141 4399 sanctae
1156 4342 1289 4398 Ecclesiae
1303 4358 1357 4396 non
1372 4342 1530 4412 inquinetis.
1550 4363 1560 4391 a
1577 4341 1629 4396 Sed
1643 4341 1716 4396 etde
1732 4341 1775 4395 his
1785 4340 1832 4413 qui

191 4430 417 4504 quemadmodum
438 4443 492 4484 non
513 4427 599 4483 solum
615 4426 715 4481 nullius
734 4426 921 4495 crudelitatis,
937 4443 987 4482 ve·
1002 4422 1072 4486 Dud
1100 4439 1175 4501 septa
1196 4430 1328 4497 ecclesiae,
1346 4437 1372 4485 et
1387 4430 1470 4485 etiarn
1486 4430 1519 4484 ad
1534 4430 1593 4500 ipsa
1608 4429 1728 4485 sacraria
1743 4428 1842 4485 confu-

191 4536 253 4577 rum
277 4519 358 4575 etiam
380 4516 504 4573 maximae
527 4514 634 4587 pietatis
656 4522 718 4570 sunt
739 4514 785 4570 illa
808 4515 986 4586 praeceptai»

191 4612 225 4665 Et
239 4609 267 4663 in
285 4607 407 4681 epistolis
427 4604 498 4660 beati
520 4603 646 4677 Gregorii
667 4603 740 4657 idem
761 4603 925 4673 competenti
945 4603 988 4658 ul-

191 4698 265 4753 tione
285 4695 435 4769 plectendis
465 4691 596 4750 malefrcis
618 4700 644 4747 et
675 4690 777 4763 iniquis
799 4707 988 4762 saepenumero

192 4785 238 4857 qui
252 4785 346 4857 legere
360 4784 485 4854 uoluerit,
501 4781 623 4839 invenire
649 4777 758 4835 valebit.

229 4873 316 4935 Unde,
333 4872 417 4927 frater
431 4873 598 4943 charissime,
615 4870 725 4943 collige,
740 4868 804 4940 quia
818 4876 913 4924 contra
930 4870 989 4925 haec

191 4977 276 5034 agere
291 4967 336 5015 aut
356 4963 476 5032 exigere,
493 4978 548 5018 non
561 4962 655 5018 nolum
669 4967 711 5015 est
724 4958 832 5030 pietatis
843 4959 906 5028 jura
921 4974 989 5014 cou-

192 5050 316 5117 fundere,
333 5064 427 5104 verum
443 5057 470 5104 et
485 5046 817 5107 sacerdotaliinnocentiae
832 5062 863 5102 ac
879 5047 990 5118 puritati

193 5136 369 5197 detractionis
399 5136 538 5191 molestius
565 5139 733 5209 importare,
751 5143 776 5191 et
805 5134 990 5208 derogationis

192 5227 376 5298 blasphemias
391 5225 526 5298 irrogare.
543 5227 639 5282 Dicent
654 5226 725 5281 enim
740 5223 879 5296 maliloqui
895 5242 901 5279 ι
920 5225 990 5279 Pau-

194 5317 237 5372 lus
250 5316 395 5373 dieittlton
409 5314 739 5387 solamqaisaciant,tco
749 5316 799 5388 qui
808 5314 993 5372 consentiant

196 5406 372 5474 facientibus,
383 5406 462 5478 dig-ni
469 5403 726 5472 sitnlmcrtcfllom.
735 5420 755 5470 ι,
762 5404 818 5475 32),
826 5402 991 5476 istciniqucs

194 5493 317 5551 coerceri
330 5509 387 5550 non
401 5493 473 5551 sinit.
488 5492 565 5550 Unde
576 5497 602 5545 et
616 5490 747 5546 Dominus
761 5508 812 5564 per
822 5492 993 5551 Psalmistam

1038 4521 1127 4591 geriut
1156 4519 1310 4587 sanctuarii,
1328 4519 1362 4573 ad
1380 4520 1513 4573 loannem
1543 4519 1702 4589 episcopum
1732 4517 1838 4573 Carali-

1038 4616 1108 4663 tana)
1123 4608 1239 4664 civitatis
1254 4607 1370 4664 scribit:
1391 4629 1401 4656 ι
1420 4606 1457 4669 Si,
1475 4607 1610 4679 iuquiens,
1629 4607 1783 4676 dequibus
1801 4613 1841 4660 est

1038 4698 1162 4770 quaestio,
1179 4696 1214 4751 nd
1229 4695 1374 4751 ecclesiam
1398 4694 1514 4750 fortasse
1531 4694 1689 4765 refugerint,
1707 4695 1744 4749 ita
1760 4694 1843 4749 debet

1038 4802 1122 4841 causa
1136 4784 1253 4855 disponi,
1272 4792 1300 4838 ut
1314 4800 1364 4840 nec
1380 4784 1431 4854 ipsi
1458 4783 1612 4839 violentiam
1627 4783 1774 4854 patiantur,
1792 4798 1843 4838 nec

1038 4875 1066 4929 hi
1094 4873 1141 4945 qui
1168 4873 1295 4929 dicuntur
1323 4873 1448 4943 oppressi
1462 4872 1562 4927 damna
1578 4872 1739 4927 sustineant.
1762 4871 1842 4926 Curae

1040 4978 1107 5035 ergo
1122 4970 1218 5018 vestrm
1241 4962 1283 5026 sit,
1301 4961 1379 5016 uteis
1396 4969 1568 5016 sacramento
1598 4961 1633 5016 ab
1660 4961 1703 5015 his
1724 4975 1841 5033 quorum

1038 5053 1161 5117 interest,
1178 5050 1212 5105 de
1226 5051 1363 5105 servanda
1385 5049 1448 5122 lege
1468 5058 1494 5104 et
1507 5050 1610 5118 justitia
1624 5049 1797 5120 promittant,
1814 5056 1841 5102 et

1039 5139 1194 5211 peremnia
1221 5147 1446 5195 commoneantur
1470 5139 1554 5203 exire,
1571 5146 1652 5209 atque
1668 5152 1781 5192 suorum
1796 5151 1843 5194 ac·

1041 5237 1115 5284 tuum
1131 5228 1246 5284 reddere
1262 5230 1429 5284 rationem.»

1077 5319 1150 5381 llaec,
1168 5317 1271 5373 domini
1296 5327 1321 5372 et
1341 5316 1450 5381 fratres,
1480 5323 1603 5388 rogatus,
1620 5315 1698 5371 uobis
1727 5314 1846 5371 audieu-

1040 5405 1122 5473 tibus,
1138 5423 1154 5460 e
1169 5405 1356 5479 suprascripto
1365 5404 1513 5461 venerabili
1525 5404 1719 5459 consacerdote
1734 5410 1844 5470 nostro,

1042 5495 1184 5565 sapientiae
1199 5482 1296 5552 restrae
1310 5494 1424 5566 deposui
1442 5511 1448 5548 :
1471 5510 1532 5566 quae
1548 5493 1571 5549 si
1584 5493 1621 5548 illi
1640 5492 1673 5547 ad
1684 5491 1845 5565 interroga-
