3826 6098
127 220 180 274 dd'l
589 211 762 270 anschetil
789 209 989 269 RHEMENSIS
1002 210 1283 270 ahcnlssrlscorl.
1721 222 1773 275 sos

126 339 216 397 officio
239 339 410 396 damnarier
436 337 605 411 negligentia
628 337 761 403 debeam;
778 336 837 405 sed,
853 334 923 391 sicut
936 333 1148 396 Aconsensum.
1165 361 1175 384 a
1191 338 1226 392 Et
1240 337 1408 394 antiochena
1423 339 1543 410 synodus
1558 339 1700 411 (comm),
1716 358 1777 414 per·

124 430 155 485 B.
173 429 325 500 Gregorius
339 429 367 483 in
381 427 475 500 regula
490 426 619 498 pastorali
640 426 819 493 demonstrat,
845 440 923 479 eum-
974 423 1074 478 fectum
1088 425 1156 480 illud
1170 441 1231 480 esse
1246 426 1400 496 concilium,
1416 428 1462 482 ubi
1476 428 1628 483 interfuerit
1640 436 1778 502 metropo

125 515 188 572 dem
203 516 290 572 zelum
306 517 487 588 postmodum,
503 514 575 569 inter
594 531 637 570 me
661 523 688 570 et
709 515 795 579 illum,
826 512 924 569 fortem
973 510 1074 565 litanus
1096 512 1218 569 antistes.
1242 515 1276 569 Et
1299 515 1422 570 Zosimus
1449 531 1518 587 papa
1546 516 1574 571 in
1602 517 1717 587 epistola
1740 518 1777 573 cd

124 604 303 660 munitionem
318 604 442 669 habeam,
459 618 494 657 ne
510 612 573 658 tunc
588 603 624 657 ad
637 602 787 658 vindictam
810 602 861 656 sim
876 601 924 656 de·
974 599 1116 655 universos
1141 601 1285 672 episcopos
1301 619 1351 672 per
1365 603 1488 658 diversas
1501 605 1656 674 provincias
1671 605 1777 660 consti-

125 692 243 759 stitutus,
267 692 290 746 si
305 705 376 748 nunc
400 692 427 746 in
456 692 642 748 correctiones
664 689 740 746 fuero
764 690 921 746 dissolutus.
974 694 1056 757 tutos,
1084 688 1279 758 provincialem
1303 690 1506 746 Gallicanomm
1521 691 1713 763 episcoporum
1728 709 1776 764 sy-

125 781 247 836 Necnon
261 787 290 834 ut
304 788 331 834 et
345 781 379 834 de
394 795 438 835 me
453 780 562 844 veritas,
581 786 607 834 et
622 779 773 833 litterarum
788 777 860 831 illius
871 777 923 831 fal·
974 775 1075 830 nodum
1090 777 1232 846 approbat,
1250 778 1344 833 dicens
1361 796 1367 832 :
1386 800 1398 828 ι
1416 779 1542 847 Lazarus,
1559 779 1656 851 inquit,
1672 779 1777 835 dudum

126 867 203 934 sitas,
215 867 318 924 cunctis
332 867 391 935 ejus
406 868 596 924 accusationes
606 875 718 922 etmeas
734 864 924 921 excusationes
973 862 1000 916 in
1016 863 1176 919 'laurinensi
1198 866 1312 921 concilio
1337 866 1562 936 gravissimorum
1581 868 1777 939 episcoporum

125 953 280 1027 legentibus
294 955 406 1026 liqueat.
423 957 457 1010 Et
472 957 495 1010 si
516 954 641 1009 fortassis
655 955 728 1010 idern
743 954 828 1007 frater
838 952 922 1008 llinc-
974 952 1114 1006 sententiis
1135 968 1186 1023 pro
1210 953 1403 1009 calumniatore
1426 955 1577 1024 damnatus,
1598 971 1662 1009 curn
1678 956 1777 1012 Briccii

122 1057 216 1098 marus
230 1043 293 1098 ideo
308 1043 482 1114 subscripsit,
499 1051 525 1099 et
536 1042 671 1099 subscribi
682 1040 923 1097 abecclesiasticis
973 1037 1124 1094 innocentis
1148 1041 1267 1112 episcopi
1283 1042 1366 1096 vitam
1381 1041 1455 1096 falsis
1475 1042 1676 1111 objectionibus
1690 1059 1777 1114 appe-

123 1131 255 1186 licclesiae
265 1147 322 1186 suae
332 1131 463 1187 ministris
479 1129 551 1199 fecit,
569 1139 598 1184 ut
613 1130 735 1194 delatori,
750 1128 924 1199 Juxtaloren-
973 1126 1060 1182 tisset.
1075 1149 1086 1178 i
1103 1130 1137 1183 Et
1152 1128 1251 1184 Africa
1265 1130 1413 1200 provinciae
1428 1118 1652 1201 canones'(conc.
1670 1131 1733 1203 else.
1751 1146 1777 1188 c.

125 1219 267 1291 sesleges,
279 1219 429 1292 autlingua
443 1219 593 1290 capuletur,
609 1226 654 1272 aut
669 1225 748 1287 caput
758 1224 923 1287 amputetur,
974 1217 1018 1281 97,
1036 1216 1098 1273 Cod.
1113 1234 1177 1272 ceo.
1194 1218 1269 1272 lieet.
1285 1218 1386 1288 Afric,
1402 1234 1462 1273 can.
1481 1219 1543 1288 130)
1560 1233 1566 1274 :
1586 1241 1598 1265 «ι
1612 1218 1721 1288 Causae,
1737 1219 1779 1274 in-

123 1314 257 1378 quatenus
271 1307 299 1361 in
313 1322 368 1373 rne,
384 1322 465 1377 quern
478 1322 557 1360 suurn
572 1305 722 1361 delatorem
743 1314 840 1376 postea
856 1305 923 1360 scri·
974 1303 1078 1374 quiunt,
1094 1321 1154 1376 quae
1169 1319 1327 1359 communes
1352 1320 1406 1360 non
1422 1312 1495 1368 sunt,
1511 1305 1539 1359 in
1554 1305 1611 1360 suis
1626 1306 1778 1376 provinciis

123 1394 187 1465 psit,
203 1395 263 1450 haec
282 1392 402 1449 vindicta
419 1394 600 1464 procederet:
617 1394 673 1466 egit
697 1408 879 1465 praepropere,
897 1401 923 1448 et
971 1391 1135 1459 judicentur.
1154 1412 1166 1442 ι
1192 1393 1227 1447 Et
1246 1392 1400 1448 Africanum
1423 1393 1565 1448 concilium
1594 1392 1728 1462 decrerit,
1751 1403 1779 1450 nt

126 1488 220 1535 contra
234 1481 447 1537 ecclesiasticam
461 1481 640 1551 disciplinam,
665 1489 693 1535 ut
721 1489 865 1552 antequam
880 1496 924 1535 me
976 1480 1219 1551 «quotiescunque
1239 1480 1353 1549 clericis,
1382 1496 1444 1536 curn
1473 1481 1570 1552 qulbus
1599 1489 1625 1535 et
1654 1482 1780 1554 episcopi

125 1566 291 1630 confessum.
307 1568 351 1624 vel
361 1569 456 1625 ordine
475 1570 595 1640 regulari
619 1569 773 1626 convictum
800 1569 922 1626 videret:
974 1574 1160 1634 numerantur,
1186 1569 1220 1622 ab
1244 1568 1449 1624 accusatoribus
1470 1569 1553 1623 multa
1575 1568 1693 1624 crimina
1707 1570 1779 1639 obji-

122 1655 245 1724 judiciali
261 1672 305 1712 ine
320 1657 461 1723 sententia,
480 1665 506 1712 et
530 1657 575 1711 illa
597 1657 724 1722 maxime,
756 1672 839 1729 quarn
868 1673 923 1713 non
937 1655 1093 1740 Bciuntur,
1124 1663 1151 1709 et
1178 1672 1261 1710 unum
1284 1671 1318 1710 ex
1340 1656 1417 1726 ipsis,
1443 1657 1477 1711 de
1500 1672 1554 1728 quo
1575 1657 1653 1727 prius
1677 1658 1778 1730 egerit,

125 1743 227 1814 recepit
243 1759 359 1801 censura
374 1744 568 1814 ecclesiastica,
583 1745 789 1801 condemnaret.
976 1743 1092 1814 probare
1108 1758 1162 1797 non
1177 1743 1321 1809 valuerint,
1338 1744 1373 1797 ad
1384 1751 1481 1799 caetera
1491 1759 1546 1799 non
1560 1744 1776 1799 admittantur.»

409 1851 521 1908 CApUp
550 1851 638 1907 xxv·
975 1831 1010 1886 Et
1033 1846 1117 1886 sacrae
1137 1832 1213 1903 leges
1236 1831 1339 1897 dicunt,
1370 1831 1435 1903 quia
1461 1846 1542 1886 nemo
1571 1832 1698 1888 convinci
1726 1830 1780 1887 nisi

125 1936 337 2010 mammon,
352 1940 530 1994 mmmm-am
540 1941 573 1994 d,
589 1943 755 2011 contemptu
769 1938 925 2011 pontificia,
977 1921 1107 1989 scriptura
1130 1926 1177 1974 aut
1198 1920 1313 1974 testibus
1336 1926 1435 1990 potest.
1451 1920 1486 1974 Et
1508 1919 1635 1975 Gelasius
1649 1921 1678 1974 in
1694 1920 1779 1976 Corn·

211 2010 516 2066 excommunicationis
536 2010 655 2081 dissipet
671 2011 839 2065 oeencuter.
976 2007 1121 2063 monitorio
1143 2009 1240 2062 Fausto
1264 2008 1400 2080 legatione
1424 2007 1548 2080 fungenti
1570 2008 1644 2077 dato,
1668 2008 1703 2064 de
1718 2010 1779 2080 epi·

160 2094 248 2150 Aliam
263 2110 371 2168 qaoque
385 2096 501 2152 rotulam
526 2096 607 2151 nimis
628 2096 764 2167 prolixam
787 2096 926 2167 praeterito
976 2094 1066 2165 scopis
1080 2096 1336 2166 praevaricatoribus
1353 2113 1360 2148 :
1378 2117 1389 2143 ι
1407 2093 1476 2164 Quid
1493 2101 1582 2150 tamen
1605 2095 1740 2161 dicerent,
1756 2096 1781 2152 si

126 2197 208 2250 anno,
224 2183 316 2238 ldibus
331 2184 504 2251 Novembris,
522 2186 537 2238 l
561 2184 725 2250 indictionis,
745 2200 796 2254 per
810 2183 925 2239 Claren-
974 2199 1029 2239 non
1045 2183 1146 2239 chartis
1161 2184 1216 2237 suis
1231 2183 1257 2236 in
1273 2183 1399 2237 omnibus
1414 2183 1608 2239 vincerentur?
1625 2204 1637 2233 ι
1653 2184 1689 2238 Et
1704 2183 1780 2238 Afri-

125 2270 192 2326 tium
206 2272 396 2343 presbyterum
411 2288 489 2326 suurn
514 2272 622 2338 direxit,
647 2272 675 2325 in
703 2287 754 2343 qua
769 2280 863 2327 contra
881 2288 926 2328 me
975 2286 1073 2328 canum
1096 2272 1161 2326 dicit
1183 2271 1328 2326 concilium
1353 2273 1428 2338 (cerr.
1444 2274 1506 2342 ttl)
1522 2287 1528 2326 :
1547 2292 1558 2321 ι
1575 2271 1672 2338 Testes
1687 2270 1722 2325 ad
1736 2279 1781 2327 te-

127 2358 255 2428 scriptum
283 2358 408 2413 habetur.
427 2379 438 2409 ι
455 2359 516 2415 Νοιι
531 2359 607 2429 mihi,
637 2360 724 2430 inquit
751 2360 923 2427 llincrnarus,
975 2361 1130 2415 stimonium
1142 2376 1196 2414 non
1207 2359 1400 2424 admittendos,
1415 2359 1459 2430 qui
1468 2374 1519 2414 nec
1529 2359 1564 2414 ad
1574 2360 1781 2415 accusationem

125 2445 232 2502 videtur
241 2445 354 2519 dignum
377 2447 540 2503 excellentie
556 2455 644 2505 vestra
659 2448 753 2515 fuisse,
770 2456 799 2502 ut
821 2449 924 2504 dicere·
976 2448 1081 2503 admitti
1096 2447 1225 2518 praecepti
1233 2455 1309 2500 sunt:
1324 2447 1367 2501 vel
1384 2447 1465 2501 etiam
1480 2462 1548 2517 quos
1564 2446 1622 2516 ipse
1636 2453 1782 2502 accusator

125 2534 160 2589 tis
168 2534 310 2590 Berthario
320 2534 638 2605 quodmihirenuntiavit
650 2552 699 2592 vos
709 2536 810 2591 dixisse
821 2554 827 2589 :
838 2537 866 2591 Si
877 2552 925 2591 eos
975 2536 1009 2590 dc
1027 2536 1108 2590 domo
1124 2551 1172 2588 sua
1197 2534 1367 2605 produxerit.
1387 2554 1398 2584 a
1417 2536 1451 2588 Et
1466 2534 1528 2589 item
1543 2549 1631 2589 sacrae
1644 2534 1724 2604 leges
1736 2534 1782 2589 di-

126 2623 308 2693 praesignatos
330 2638 407 2678 meos
430 2624 708 2679 excommunicassem
731 2624 866 2694 homines,
880 2624 925 2694 qui
975 2631 1039 2679 cunt
1056 2641 1063 2676 z
1080 2623 1164 2678 Unius
1199 2622 1390 2687 testimonium,
1415 2621 1564 2693 quamlibet
1584 2621 1731 2692 splendida
1755 2628 1782 2678 et

125 2709 188 2765 talia
204 2717 327 2783 agerent,
340 2718 367 2765 et
382 2711 574 2784 adhucagunt,
592 2728 647 2766 non
670 2727 718 2767 eos
741 2712 926 2767 excommuni-
975 2712 1072 2766 idonea
1101 2711 1225 2765 rideatur
1249 2726 1310 2764 esse
1333 2725 1462 2780 persona,
1486 2709 1639 2765 nullatenus
1661 2709 1782 2765 audien-

126 2798 231 2853 eatione
260 2798 356 2860 teneri,
380 2798 505 2853 videlicet
529 2800 707 2854 anathematis
734 2800 843 2855 vinculo
871 2815 926 2854 non
975 2800 1051 2853 dum.

126 2883 217 2955 ligari.
236 2884 289 2939 Sed
305 2901 359 2938 non
375 2892 416 2939 est
430 2885 537 2951 mimm,
554 2886 577 2939 si
588 2886 727 2956 parvitatis
740 2902 800 2941 mea
816 2902 925 2941 excom·
1011 2887 1089 2942 Unde
1111 2888 1174 2958 quia
1204 2888 1340 2958 scriptura
1361 2903 1441 2959 quam
1455 2886 1538 2941 frater
1552 2886 1717 2942 Hincmcrus
1731 2902 1777 2943 ca·

127 2971 337 3026 manicationem
351 2972 554 3042 parvipenditis,
571 2988 604 3028 ac
619 2972 688 3028 forte
711 2974 924 3028 irrationabilem
975 2968 1120 3029 lumniatus
1136 2983 1177 3029 est
1191 2975 1436 3046 impraesentiarum
1457 2975 1594 3028 habetur:
1610 2981 1657 3029 aut
1672 2975 1783 3045 produ-

124 3057 264 3127 J'udicatis,
275 3059 384 3129 quando
399 3060 554 3130 apostolicae
576 3060 649 3115 sedis
668 3061 925 3116 excommunicatio·
977 3069 1071 3117 cantur
1083 3062 1116 3116 ab
1129 3070 1289 3118 accusatore
1300 3063 1445 3117 adversum
1462 3078 1504 3116 me
1518 3061 1622 3134 legales
1632 3069 1659 3116 et
1670 3061 1782 3135 regula-

129 3161 193 3201 nem
208 3155 292 3218 etpro
307 3147 391 3202 nihilo
418 3147 527 3213 ducitis,
544 3156 569 3203 et
589 3163 640 3218 pro
659 3147 743 3203 nihilo
762 3148 924 3217 ducendam,
976 3166 1020 3205 res
1042 3157 1135 3217 testes,
1160 3150 1204 3205 rel
1228 3152 1369 3222 scriptura,
1387 3166 1439 3221 qua
1459 3166 1503 3205 me
1518 3150 1552 3204 de
1566 3150 1619 3205 hac
1633 3149 1782 3218 calumnia,

127 3242 229 3305 utpote
243 3235 397 3302 absurdam,
411 3235 548 3303 iudicatis.
570 3259 581 3283 a
977 3253 1031 3309 qua
1058 3238 1121 3292 dicit
1147 3238 1454 3294 excommunicationem
1479 3236 1733 3308 apostolicaesedis
1757 3245 1785 3293 et

164 3324 205 3379 De
220 3340 272 3394 qua
286 3323 421 3378 calumnia
437 3323 502 3377 mihi
523 3323 606 3392 illata,
628 3322 692 3394 quia
716 3324 744 3378 S.
774 3322 925 3395 Gregorius

97 3462 102 3471 .
127 3412 157 3466 in
169 3411 240 3467 libro
254 3427 287 3466 ex
302 3412 422 3484 Regesto
441 3410 658 3482 frequentissime
683 3411 758 3476 dicit,
775 3412 925 3467 secundum

127 3498 205 3571 leges
219 3507 381 3567 etcanones,
397 3514 495 3554 causas
509 3498 668 3571 investigari
681 3499 793 3564 debere,
810 3506 835 3553 et
854 3499 927 3568 judi-

129 3587 171 3643 cia
197 3587 344 3654 terminari,
368 3587 494 3658 legantur
512 3587 590 3659 leges
614 3595 640 3641 et
667 3602 796 3643 canones.
827 3587 925 3642 Dicunt

129 3674 201 3731 enirn
216 3675 388 3747 antiquorum
398 3676 508 3730 Petrum
522 3683 676 3730 nostrorum
697 3675 801 3747 regular
811 3677 923 3744 (concil.

131 3764 217 3821 Tolet.
229 3778 270 3829 ιιι,
289 3779 314 3819 ο.
326 3766 352 3828 9,
374 3780 401 3834 q.
424 3763 630 3835 Dipnemest):
649 3783 660 3812 ι
680 3763 799 3833 Dignum
819 3770 870 3829 est,
897 3770 926 3816 ut

128 3850 185 3907 rita
196 3850 348 3906 innocentis
362 3850 436 3904 nulla
450 3850 600 3905 maculetur
613 3849 734 3920 pernicie
749 3849 923 3905 accusatoris.

129 3937 194 3993 ldeo
208 3937 331 4010 quisquis
346 3952 362 3991 a
377 3936 498 4007 quolibet
512 3937 682 4003 criminetur,
700 3952 754 3993 non
768 3945 831 3992 ante
846 3953 926 3994 accu-

129 4032 205 4079 satus
219 4024 352 4096 supplicio
367 4025 455 4091 detur,
472 4040 552 4096 quarn
571 4032 713 4080 accusator
735 4033 924 4096 praesentetur,

130 4121 213 4184 atque
237 4112 327 4185 legum
354 4121 380 4168 et
403 4128 539 4171 canonum
571 4113 711 4169 sententiae
739 4114 924 4186 exquirantur.

976 3341 1026 3396 pro
1041 3326 1125 3380 nihilo
1150 3342 1193 3380 me
1215 3326 1327 3392 ducere,
1344 3334 1370 3380 et
1386 3342 1436 3396 pro
1452 3324 1536 3380 nihilo
1552 3325 1720 3392 ducendam,
1734 3333 1782 3379 ut-

977 3421 1040 3484 pote
1056 3414 1212 3478 absurdam,
1228 3414 1388 3483 praedicare.
1405 3413 1483 3482 Quod
1499 3413 1522 3467 si
1537 3412 1580 3485 agi
1595 3412 1629 3466 ab
1644 3428 1691 3478 eo,
1709 3413 1754 3468 rel
1769 3429 1787 3468 a

977 3516 1112 3572 quoquam
1126 3502 1276 3572 nequiverit
1287 3519 1294 3554 ε
1306 3501 1384 3573 legas
1393 3509 1419 3555 et
1429 3500 1530 3573 regula
1540 3500 1575 3555 de
1584 3500 1782 3557 calumniatore

977 3589 1138 3643 sententiam
1165 3588 1313 3659 proferent.
1341 3589 1375 3643 Et
1398 3589 1489 3643 veniet
1511 3587 1597 3643 frater
1622 3588 1785 3643 Bertharius

976 3676 1120 3743 diaconus,
1132 3677 1159 3730 in
1182 3677 1355 3746 praesentiam
1380 3684 1505 3743 vestram,
1531 3691 1613 3747 quem
1628 3675 1682 3730 sibi
1697 3676 1784 3732 llinc·

976 3779 1070 3818 marus
1098 3765 1269 3819 renuntiasse
1297 3765 1371 3831 dixit,
1402 3780 1446 3819 me
1469 3763 1508 3819 illi
1530 3762 1644 3829 dixisse,
1671 3762 1784 3836 quodsi

976 3852 1156 3925 praesignatos
1186 3868 1249 3908 suos
1275 3852 1400 3907 homines
1429 3850 1705 3917 excommunicasset,
1736 3851 1784 3923 qui

976 3940 1040 3995 talia
1055 3941 1169 3997 scillicet
1190 3949 1283 3996 contra
1297 3941 1375 4013 leges
1388 3938 1589 3996 ecclesiasticas
1613 3947 1740 4012 egerunt,
1757 3953 1785 4000 et

977 4029 1067 4085 adhuc
1087 4037 1181 4100 agunt,
1197 4045 1252 4084 non
1266 4045 1314 4084 eos
1330 4027 1608 4084 excommunicatione
1627 4028 1726 4093 teneri,
1739 4025 1782 4082 vi-

977 4116 1074 4172 delicet
1095 4116 1272 4172 anathematis
1297 4116 1404 4171 vinculo
1428 4115 1518 4189 ligari.
1534 4115 1569 4170 Et
1585 4114 1651 4185 quia
1666 4115 1782 4170 discreta

132 4199 212 4270 Quod
226 4200 249 4255 si
259 4200 372 4274 indigna
386 4202 421 4256 ad
438 4201 621 4258 accusandum
641 4217 759 4272 persona
778 4202 924 4267 invenitur,
978 4214 1019 4259 est
1033 4205 1087 4260 ista
1102 4205 1239 4261 llincmari
1254 4204 1431 4274 inscriptura
1446 4220 1495 4258 sua
1509 4203 1654 4269 sententia,
1673 4203 1781 4275 quiade

130 4289 166 4346 cd
182 4289 240 4358 ejus
256 4289 457 4346 accusationem
480 4306 536 4346 non
550 4289 716 4345 admittatur.
742 4291 786 4356 Et,
816 4290 888 4362 quod
903 4290 926 4345 si
977 4309 1027 4348 sua
1042 4293 1321 4349 excommunicatione
1332 4308 1347 4347 a
1359 4308 1402 4347 me
1413 4291 1553 4346 annullata
1564 4291 1601 4345 ad
1610 4291 1781 4347 herlharium

132 4377 276 4450 episcopus
286 4377 404 4450 aliquem
415 4379 449 4434 de
458 4378 650 4450 crimineputat
661 4395 722 4433 esse
732 4379 927 4448 damnandum,
943 4372 1010 4436 Dse
1027 4381 1157 4438 reclamat
1171 4381 1230 4452 (tib.
1242 4397 1278 4434 cv
1288 4398 1361 4453 cop,
1374 4395 1398 4436 c.
1409 4379 1466 4450 29),
1480 4378 1562 4435 liceat
1576 4379 1645 4433 mihi
1660 4378 1780 4453 legaliter

131 4466 296 4523 accusatoris
311 4466 370 4524 viee
386 4467 586 4523 discutiendum
605 4483 635 4523 se
649 4467 727 4522 sciat.
739 4467 790 4521 Fas
806 4473 847 4522 est
857 4467 928 4522 enirn
979 4485 1011 4525 ac
1035 4470 1197 4542 regulariter
1221 4470 1248 4524 in
1271 4468 1417 4540 praesentia
1438 4474 1528 4523 vestra
1551 4466 1707 4539 confligere
1727 4480 1779 4524 cun

130 4562 169 4623 ut,
181 4571 242 4626 quae
256 4554 302 4610 uni
312 4555 472 4627 probantur,
481 4555 631 4626 probentur
641 4555 810 4611 etomnibus.
830 4576 841 4606 ι
855 4555 930 4624 Quos
980 4558 1077 4614 eodem
1091 4557 1242 4614 Berthario.

130 4657 251 4699 canones
265 4644 299 4711 si,
316 4651 345 4699 nt
360 4644 428 4699 solet
444 4659 476 4698 ea
492 4659 553 4715 quae
567 4639 660 4698 cbntra
673 4642 868 4709 illumfaciunt,
885 4659 929 4699 re·

130 4728 217 4787 futare
232 4731 358 4802 voluerit,
379 4731 479 4801 audiat,
496 4731 561 4803 quid
582 4731 645 4787 hinc
660 4732 714 4787 Leo
722 4747 793 4803 papa
808 4731 931 4787 adllaxi-
979 4773 1099 4827 Sensum
1113 4786 1196 4826 mm
1211 4771 1382 4826 catholicum
1397 4769 1430 4824 de
1446 4782 1557 4823 summa
1578 4767 1655 4822 sedis
1671 4772 1819 4841 aposto„

131 4832 212 4916 mum·
234 4820 434 4876 Ᾱῦῑῑθθὴθΰωῦ
462 4821 619 4892 episcopum
643 4819 714 4875 dim
733 4820 828 4892 (tl’lib
859 4820 927 4890 ⁶2i²
1017 4843 1078 4897 licre
1097 4843 1128 4899 tn
1157 4841 1285 4896 solvendo
1315 4840 1479 4912 figendaque
1500 4840 1643 4911 potestate
1672 4840 1819 4912 puetis:

133 4925 145 4956 ι
163 4903 308 4978 dequid,
323 4908 459 4982 inquiens,
485 4917 598 4981 propter
614 4907 675 4981 [et.
691 4908 799 4981 praeter]
828 4909 931 4979 specia·
1015 4912 1165 4984 profitetur
1181 4912 1362 4967 llincmerus.

131 4993 173 5050 les
202 5008 300 5050 causas
327 4999 497 5069 sydonalium
538 4997 714 5056 conciliorum
743 4998 779 5053 ad
817 5012 931 5053 examen
1015 5000 1203 5056 Deeoautem
1229 4998 1301 5071 quod
1323 4997 1387 5054 dicit
1405 4997 1479 5053 idem
1493 4995 1658 5052 llincmarus
1676 5013 1683 5051 :
1704 5017 1716 5048 ι
1735 4997 1819 5053 Se

133 5083 286 5156 episcopale
313 5084 443 5154 defertur,
482 5095 574 5159 potest
603 5087 722 5159 aliquam
762 5085 930 5156 dijudicandi
980 5095 1084 5143 nonest
1093 5088 1203 5153 mirum,
1215 5087 1238 5141 si
1248 5085 1386 5158 parvitatis
1397 5100 1465 5140 meae
1476 5083 1819 5141 excommunicatione:

131 5171 236 5228 habere
250 5173 391 5240 rationem,
408 5175 431 5229 si
446 5175 512 5230 nihil
526 5177 560 5232 de
574 5191 607 5231 eo
617 5184 659 5232 est
673 5175 798 5231 asanctis
807 5175 930 5230 Patribus
981 5176 1194 5248 parvipenditis,
1224 5191 1257 5230 ac
1293 5174 1362 5230 forte
1399 5171 1613 5228 irrationabilem
1636 5169 1819 5242 judicaria

133 5261 206 5328 apud
215 5261 334 5318 Nicaeam
342 5262 495 5320 diffinitum.
508 5264 578 5319 Nam
586 5264 701 5336 quodah
710 5263 818 5319 illorum
829 5262 931 5335 regulis
982 5265 1091 5336 quando
1106 5263 1262 5336 apostolica
1276 5262 1350 5318 sedis
1366 5259 1680 5318 excommunicationem
1695 5268 1723 5317 et
1735 5268 1819 5333 p·

135 5352 161 5398 et
175 5350 409 5408 constitutionibus
436 5352 487 5425 (et.
504 5352 765 5425 constitutionisque]
781 5351 928 5416 discordat,
981 5353 1065 5408 nihilo
1086 5352 1250 5422 ducendam,
1275 5358 1366 5423 utpote
1389 5349 1546 5415 absurdam,
1575 5348 1776 5419 praedicarim

134 5435 522 5514 apostohcaesedisnunquam
534 5439 931 5515 poteritobtinerelobtieebitl
981 5457 1044 5500 cunr
1058 5457 1091 5499 eo
1104 5441 1239 5514 legaliter,
1252 5455 1285 5497 ac
1299 5438 1462 5512 regulariter
1476 5445 1518 5496 est
1532 5437 1610 5504 milri,
1628 5437 1753 5495 consilio
1776 5442 1819 5485 Ξ

1264 4681 1376 4737 CAPUT
1394 4680 1495 4736 XXVI.
