<?xml version="1.0" encoding="UTF-8"?>
<!DOCTYPE html PUBLIC "-//W3C//DTD XHTML 1.0 Transitional//EN"
    "http://www.w3.org/TR/xhtml1/DTD/xhtml1-transitional.dtd">
<html xmlns="http://www.w3.org/1999/xhtml" xml:lang="en" lang="en">
 <head>
  <title>
</title>
<meta http-equiv="Content-Type" content="text/html;charset=utf-8" />
  <meta name='ocr-system' content='tesseract 3.04.00' />
  <meta name='ocr-capabilities' content='ocr_page ocr_carea ocr_par ocr_line ocrx_word'/>
</head>
<body>
  <div class='ocr_page' id='page_1' title='image "./patrologiaecurs81unkngoog/patrologiaecurs81unkngoog_0059.png"; bbox 0 0 3794 6104; ppageno 0'>
   <div class='ocr_carea' id='block_1_1' title="bbox 130 271 1777 335">
    <p class='ocr_par' dir='ltr' id='par_1_1' title="bbox 130 271 1777 335">
     <span class='ocr_line' id='line_1_1' title="bbox 130 271 1777 335; baseline -0.004 -3"><span class='ocrx_word' id='word_1_1' title='bbox 130 278 183 334; x_wconf 78' lang='lat' dir='ltr'><strong>ld&#39;t</strong></span> <span class='ocrx_word' id='word_1_2' title='bbox 613 276 784 335; x_wconf 78' lang='lat' dir='ltr'><strong>HINCMARI</strong></span> <span class='ocrx_word' id='word_1_3' title='bbox 797 271 997 333; x_wconf 80' lang='lat' dir='ltr'><strong>RHEMENSIS</strong></span> <span class='ocrx_word' id='word_1_4' title='bbox 1009 273 1286 334; x_wconf 75' lang='lat' dir='ltr'><strong>ARCHIEPISCOPI.</strong></span> <span class='ocrx_word' id='word_1_5' title='bbox 1725 272 1777 326; x_wconf 86' lang='lat' dir='ltr'><strong>tos</strong></span> 
     </span>
    </p>
   </div>
   <div class='ocr_carea' id='block_1_2' title="bbox 124 395 1778 3123">
    <p class='ocr_par' dir='ltr' id='par_1_2' title="bbox 126 395 1778 1359">
     <span class='ocr_line' id='line_1_2' title="bbox 126 395 1776 476; baseline -0.005 -16"><span class='ocrx_word' id='word_1_6' title='bbox 126 403 235 476; x_wconf 80' lang='lat' dir='ltr'><strong>(ldottb.</strong></span> <span class='ocrx_word' id='word_1_7' title='bbox 251 401 312 474; x_wconf 82' lang='lat' dir='ltr'><strong>ru),</strong></span> <span class='ocrx_word' id='word_1_8' title='bbox 329 401 486 475; x_wconf 84' lang='lat' dir='ltr'><strong>etreliqua.</strong></span> <span class='ocrx_word' id='word_1_9' title='bbox 504 403 578 459; x_wconf 90' lang='lat' dir='ltr'><strong>lnter</strong></span> <span class='ocrx_word' id='word_1_10' title='bbox 591 410 689 459; x_wconf 77' lang='lat' dir='ltr'><strong>caetera</strong></span> <span class='ocrx_word' id='word_1_11' title='bbox 705 402 805 475; x_wconf 84' lang='lat' dir='ltr'><strong>quippe</strong></span> <span class='ocrx_word' id='word_1_12' title='bbox 821 416 923 458; x_wconf 91' lang='lat' dir='ltr'><strong>conse·</strong></span> <span class='ocrx_word' id='word_1_13' title='bbox 937 401 964 463; x_wconf 86' lang='grc' dir='ltr'>Α</span> <span class='ocrx_word' id='word_1_14' title='bbox 976 401 1083 457; x_wconf 79' lang='lat' dir='ltr'><strong>cedant.</strong></span> <span class='ocrx_word' id='word_1_15' title='bbox 1100 400 1153 457; x_wconf 86' lang='lat' dir='ltr'><strong>Sed</strong></span> <span class='ocrx_word' id='word_1_16' title='bbox 1168 399 1237 457; x_wconf 89' lang='lat' dir='ltr'><strong>sicut</strong></span> <span class='ocrx_word' id='word_1_17' title='bbox 1251 405 1408 455; x_wconf 86' lang='lat' dir='ltr'><strong>nostrerum</strong></span> <span class='ocrx_word' id='word_1_18' title='bbox 1431 396 1575 471; x_wconf 84' lang='lat' dir='ltr'><strong>regionum</strong></span> <span class='ocrx_word' id='word_1_19' title='bbox 1602 395 1776 452; x_wconf 88' lang='lat' dir='ltr'><strong>consuetudo</strong></span> 
     </span>
     <span class='ocr_line' id='line_1_3' title="bbox 128 483 1778 560; baseline -0.005 -12"><span class='ocrx_word' id='word_1_20' title='bbox 128 489 257 548; x_wconf 84' lang='lat' dir='ltr'><strong>orationis</strong></span> <span class='ocrx_word' id='word_1_21' title='bbox 270 489 392 560; x_wconf 82' lang='lat' dir='ltr'><strong>exordia,</strong></span> <span class='ocrx_word' id='word_1_22' title='bbox 403 490 439 548; x_wconf 89' lang='lat' dir='ltr'><strong>de</strong></span> <span class='ocrx_word' id='word_1_23' title='bbox 454 491 539 547; x_wconf 82' lang='lat' dir='ltr'><strong>saliva</strong></span> <span class='ocrx_word' id='word_1_24' title='bbox 554 491 609 549; x_wconf 86' lang='lat' dir='ltr'><strong>oris</strong></span> <span class='ocrx_word' id='word_1_25' title='bbox 624 491 668 546; x_wconf 90' lang='lat' dir='ltr'><strong>sui</strong></span> <span class='ocrx_word' id='word_1_26' title='bbox 690 490 822 546; x_wconf 82' lang='lat' dir='ltr'>sacerdos</span> <span class='ocrx_word' id='word_1_27' title='bbox 844 505 927 546; x_wconf 88' lang='lat' dir='ltr'><strong>nares</strong></span> <span class='ocrx_word' id='word_1_28' title='bbox 978 489 1013 545; x_wconf 93' lang='lat' dir='ltr'><strong>ab</strong></span> <span class='ocrx_word' id='word_1_29' title='bbox 1028 489 1068 545; x_wconf 87' lang='lat' dir='ltr'><strong>cis</strong></span> <span class='ocrx_word' id='word_1_30' title='bbox 1083 506 1137 546; x_wconf 93' lang='lat' dir='ltr'><strong>non</strong></span> <span class='ocrx_word' id='word_1_31' title='bbox 1151 497 1192 546; x_wconf 91' lang='lat' dir='ltr'><strong>est</strong></span> <span class='ocrx_word' id='word_1_32' title='bbox 1206 486 1443 560; x_wconf 86' lang='lat' dir='ltr'><strong>reprehendenda,</strong></span> <span class='ocrx_word' id='word_1_33' title='bbox 1458 485 1495 540; x_wconf 86' lang='lat' dir='ltr'><strong>ita</strong></span> <span class='ocrx_word' id='word_1_34' title='bbox 1509 500 1561 542; x_wconf 90' lang='lat' dir='ltr'><strong>nee</strong></span> <span class='ocrx_word' id='word_1_35' title='bbox 1575 500 1592 541; x_wconf 93' lang='lat' dir='ltr'><strong>a</strong></span> <span class='ocrx_word' id='word_1_36' title='bbox 1614 484 1695 540; x_wconf 90' lang='lat' dir='ltr'><strong>nobis</strong></span> <span class='ocrx_word' id='word_1_37' title='bbox 1720 483 1778 539; x_wconf 87' lang='lat' dir='ltr'><strong>illa-</strong></span> 
     </span>
     <span class='ocr_line' id='line_1_4' title="bbox 128 572 1776 651; baseline -0.004 -18"><span class='ocrx_word' id='word_1_38' title='bbox 128 580 226 651; x_wconf 83' lang='lat' dir='ltr'><strong>tangit‚</strong></span> <span class='ocrx_word' id='word_1_39' title='bbox 242 586 268 635; x_wconf 90' lang='lat' dir='ltr'><strong>et</strong></span> <span class='ocrx_word' id='word_1_40' title='bbox 282 594 364 635; x_wconf 85' lang='lat' dir='ltr'><strong>eures</strong></span> <span class='ocrx_word' id='word_1_41' title='bbox 379 579 566 649; x_wconf 87' lang='lat' dir='ltr'><strong>consecrandi,</strong></span> <span class='ocrx_word' id='word_1_42' title='bbox 584 587 610 636; x_wconf 90' lang='lat' dir='ltr'><strong>et</strong></span> <span class='ocrx_word' id='word_1_43' title='bbox 632 578 716 636; x_wconf 90' lang='lat' dir='ltr'><strong>dicit:</strong></span> <span class='ocrx_word' id='word_1_44' title='bbox 733 579 833 650; x_wconf 77' lang='lat' dir='ltr'><strong>Effcta,</strong></span> <span class='ocrx_word' id='word_1_45' title='bbox 856 579 927 651; x_wconf 85' lang='lat' dir='ltr'><strong>qaod</strong></span> <span class='ocrx_word' id='word_1_46' title='bbox 977 596 1036 634; x_wconf 90' lang='lat' dir='ltr'><strong>mm</strong></span> <span class='ocrx_word' id='word_1_47' title='bbox 1050 578 1228 648; x_wconf 85' lang='lat' dir='ltr'><strong>consuetude,</strong></span> <span class='ocrx_word' id='word_1_48' title='bbox 1245 576 1372 650; x_wconf 86' lang='lat' dir='ltr'><strong>quianon</strong></span> <span class='ocrx_word' id='word_1_49' title='bbox 1392 576 1569 631; x_wconf 83' lang='lat' dir='ltr'><strong>abhorreres</strong></span> <span class='ocrx_word' id='word_1_50' title='bbox 1584 573 1639 629; x_wconf 90' lang='lat' dir='ltr'><strong>tide</strong></span> <span class='ocrx_word' id='word_1_51' title='bbox 1658 572 1776 642; x_wconf 80' lang='lat' dir='ltr'><strong>videtur,</strong></span> 
     </span>
     <span class='ocr_line' id='line_1_5' title="bbox 128 661 1777 740; baseline -0.005 -14"><span class='ocrx_word' id='word_1_52' title='bbox 128 669 338 740; x_wconf 86' lang='lat' dir='ltr'><strong>cstodapcrire.</strong></span> <span class='ocrx_word' id='word_1_53' title='bbox 351 668 666 725; x_wconf 89' lang='lat' dir='ltr'><strong>Obsnrduitenimhomo</strong></span> <span class='ocrx_word' id='word_1_54' title='bbox 676 668 710 722; x_wconf 88' lang='lat' dir='ltr'><strong>ab</strong></span> <span class='ocrx_word' id='word_1_55' title='bbox 722 667 926 722; x_wconf 88' lang='lat' dir='ltr'><strong>andiendovitae</strong></span> <span class='ocrx_word' id='word_1_56' title='bbox 977 667 1084 739; x_wconf 88' lang='lat' dir='ltr'><strong>penitus</strong></span> <span class='ocrx_word' id='word_1_57' title='bbox 1100 674 1140 723; x_wconf 91' lang='lat' dir='ltr'><strong>est</strong></span> <span class='ocrx_word' id='word_1_58' title='bbox 1155 666 1309 722; x_wconf 87' lang='lat' dir='ltr'><strong>abdicanda</strong></span> <span class='ocrx_word' id='word_1_59' title='bbox 1327 683 1333 719; x_wconf 94' lang='lat'>:</span> <span class='ocrx_word' id='word_1_60' title='bbox 1351 681 1414 720; x_wconf 89' lang='lat' dir='ltr'><strong>oum</strong></span> <span class='ocrx_word' id='word_1_61' title='bbox 1429 665 1456 718; x_wconf 94' lang='lat' dir='ltr'><strong>in</strong></span> <span class='ocrx_word' id='word_1_62' title='bbox 1464 663 1546 719; x_wconf 91' lang='lat' dir='ltr'><strong>unius</strong></span> <span class='ocrx_word' id='word_1_63' title='bbox 1560 661 1626 718; x_wconf 85' lang='lat' dir='ltr'><strong>fidei</strong></span> <span class='ocrx_word' id='word_1_64' title='bbox 1640 662 1777 718; x_wconf 76' lang='lat' dir='ltr'><strong>soliditate</strong></span> 
     </span>
     <span class='ocr_line' id='line_1_6' title="bbox 128 751 1777 828; baseline -0.005 -15"><span class='ocrx_word' id='word_1_65' title='bbox 128 755 222 822; x_wconf 88' lang='lat' dir='ltr'><strong>verbo,</strong></span> <span class='ocrx_word' id='word_1_66' title='bbox 238 763 382 828; x_wconf 86' lang='lat' dir='ltr'><strong>postquem</strong></span> <span class='ocrx_word' id='word_1_67' title='bbox 401 755 544 812; x_wconf 84' lang='lat' dir='ltr'><strong>mortifera</strong></span> <span class='ocrx_word' id='word_1_68' title='bbox 568 756 702 827; x_wconf 86' lang='lat' dir='ltr'><strong>serpentis</strong></span> <span class='ocrx_word' id='word_1_69' title='bbox 725 755 808 811; x_wconf 81' lang='lat' dir='ltr'><strong>rerba</strong></span> <span class='ocrx_word' id='word_1_70' title='bbox 831 762 927 810; x_wconf 88' lang='lat' dir='ltr'><strong>contra</strong></span> <span class='ocrx_word' id='word_1_71' title='bbox 976 757 1004 810; x_wconf 92' lang='lat' dir='ltr'><strong>in</strong></span> <span class='ocrx_word' id='word_1_72' title='bbox 1019 756 1181 828; x_wconf 89' lang='lat' dir='ltr'><strong>quibusdam</strong></span> <span class='ocrx_word' id='word_1_73' title='bbox 1197 755 1280 810; x_wconf 90' lang='lat' dir='ltr'><strong>rebus</strong></span> <span class='ocrx_word' id='word_1_74' title='bbox 1295 755 1393 810; x_wconf 86' lang='lat' dir='ltr'><strong>obesse</strong></span> <span class='ocrx_word' id='word_1_75' title='bbox 1408 769 1463 809; x_wconf 91' lang='lat' dir='ltr'><strong>non</strong></span> <span class='ocrx_word' id='word_1_76' title='bbox 1484 753 1570 809; x_wconf 79' lang='lat' dir='ltr'><strong>soleat</strong></span> <span class='ocrx_word' id='word_1_77' title='bbox 1585 751 1777 808; x_wconf 78' lang='lat' dir='ltr'><strong>diversacon·</strong></span> 
     </span>
     <span class='ocr_line' id='line_1_7' title="bbox 128 840 1778 915; baseline -0.004 -14"><span class='ocrx_word' id='word_1_78' title='bbox 128 846 217 901; x_wconf 87' lang='lat' dir='ltr'><strong>Deum</strong></span> <span class='ocrx_word' id='word_1_79' title='bbox 232 844 341 899; x_wconf 87' lang='lat' dir='ltr'><strong>timidus</strong></span> <span class='ocrx_word' id='word_1_80' title='bbox 357 845 474 910; x_wconf 87' lang='lat' dir='ltr'><strong>andivit;</strong></span> <span class='ocrx_word' id='word_1_81' title='bbox 492 852 519 900; x_wconf 88' lang='lat' dir='ltr'><strong>et</strong></span> <span class='ocrx_word' id='word_1_82' title='bbox 536 844 693 900; x_wconf 87' lang='lat' dir='ltr'><strong>surditatem</strong></span> <span class='ocrx_word' id='word_1_83' title='bbox 718 859 800 915; x_wconf 92' lang='lat' dir='ltr'><strong>quam</strong></span> <span class='ocrx_word' id='word_1_84' title='bbox 822 843 926 914; x_wconf 88' lang='lat' dir='ltr'><strong>primus</strong></span> <span class='ocrx_word' id='word_1_85' title='bbox 977 844 1102 900; x_wconf 87' lang='lat' dir='ltr'><strong>suetudo.</strong></span> <span class='ocrx_word' id='word_1_86' title='bbox 1120 844 1194 900; x_wconf 91' lang='lat' dir='ltr'><strong>Sicut</strong></span> <span class='ocrx_word' id='word_1_87' title='bbox 1209 852 1235 898; x_wconf 88' lang='lat' dir='ltr'><strong>et</strong></span> <span class='ocrx_word' id='word_1_88' title='bbox 1252 849 1424 899; x_wconf 87' lang='lat' dir='ltr'><strong>sacramento</strong></span> <span class='ocrx_word' id='word_1_89' title='bbox 1440 841 1545 897; x_wconf 86' lang='lat' dir='ltr'><strong>Veteris</strong></span> <span class='ocrx_word' id='word_1_90' title='bbox 1556 857 1588 897; x_wconf 87' lang='lat' dir='ltr'><strong>ac</strong></span> <span class='ocrx_word' id='word_1_91' title='bbox 1602 840 1674 896; x_wconf 85' lang='lat' dir='ltr'><strong>Novi</strong></span> <span class='ocrx_word' id='word_1_92' title='bbox 1684 840 1778 896; x_wconf 82' lang='lat' dir='ltr'><strong>Testa·</strong></span> 
     </span>
     <span class='ocr_line' id='line_1_8' title="bbox 127 927 1777 1005; baseline -0.002 -16"><span class='ocrx_word' id='word_1_93' title='bbox 127 933 211 990; x_wconf 90' lang='lat' dir='ltr'><strong>homo</strong></span> <span class='ocrx_word' id='word_1_94' title='bbox 224 933 364 1005; x_wconf 89' lang='lat' dir='ltr'><strong>peccando</strong></span> <span class='ocrx_word' id='word_1_95' title='bbox 376 932 538 1003; x_wconf 88' lang='lat' dir='ltr'><strong>promeruit,</strong></span> <span class='ocrx_word' id='word_1_96' title='bbox 563 931 653 989; x_wconf 89' lang='lat' dir='ltr'><strong>omnis</strong></span> <span class='ocrx_word' id='word_1_97' title='bbox 667 947 717 1003; x_wconf 88' lang='lat' dir='ltr'><strong>per</strong></span> <span class='ocrx_word' id='word_1_98' title='bbox 731 931 871 987; x_wconf 82' lang='lat' dir='ltr'><strong>traducem</strong></span> <span class='ocrx_word' id='word_1_99' title='bbox 886 930 926 986; x_wconf 83' lang='lat' dir='ltr'><strong>vi·</strong></span> <span class='ocrx_word' id='word_1_100' title='bbox 976 933 1072 999; x_wconf 88' lang='lat' dir='ltr'><strong>menti,</strong></span> <span class='ocrx_word' id='word_1_101' title='bbox 1088 932 1152 988; x_wconf 89' lang='lat' dir='ltr'><strong>licet</strong></span> <span class='ocrx_word' id='word_1_102' title='bbox 1165 948 1216 1004; x_wconf 92' lang='lat' dir='ltr'><strong>pro</strong></span> <span class='ocrx_word' id='word_1_103' title='bbox 1229 938 1382 1002; x_wconf 89' lang='lat' dir='ltr'><strong>temporum</strong></span> <span class='ocrx_word' id='word_1_104' title='bbox 1397 930 1500 985; x_wconf 85' lang='lat' dir='ltr'><strong>ratione</strong></span> <span class='ocrx_word' id='word_1_105' title='bbox 1515 929 1683 1000; x_wconf 83' lang='lat' dir='ltr'><strong>discrepent,</strong></span> <span class='ocrx_word' id='word_1_106' title='bbox 1709 927 1777 985; x_wconf 88' lang='lat' dir='ltr'><strong>fides</strong></span> 
     </span>
     <span class='ocr_line' id='line_1_9' title="bbox 127 1017 1777 1093; baseline -0.004 -16"><span class='ocrx_word' id='word_1_107' title='bbox 127 1021 186 1077; x_wconf 88' lang='lat' dir='ltr'><strong>rilis</strong></span> <span class='ocrx_word' id='word_1_108' title='bbox 201 1021 313 1078; x_wconf 90' lang='lat' dir='ltr'><strong>seminis</strong></span> <span class='ocrx_word' id='word_1_109' title='bbox 328 1028 477 1093; x_wconf 87' lang='lat' dir='ltr'><strong>generatus</strong></span> <span class='ocrx_word' id='word_1_110' title='bbox 492 1021 528 1076; x_wconf 91' lang='lat' dir='ltr'><strong>ab</strong></span> <span class='ocrx_word' id='word_1_111' title='bbox 552 1020 600 1076; x_wconf 92' lang='lat' dir='ltr'><strong>illo</strong></span> <span class='ocrx_word' id='word_1_112' title='bbox 625 1020 767 1077; x_wconf 87' lang='lat' dir='ltr'><strong>contraxit.</strong></span> <span class='ocrx_word' id='word_1_113' title='bbox 790 1020 841 1076; x_wconf 88' lang='lat' dir='ltr'><strong>Per</strong></span> <span class='ocrx_word' id='word_1_114' title='bbox 864 1018 927 1073; x_wconf 91' lang='lat' dir='ltr'><strong>sali·</strong></span> <span class='ocrx_word' id='word_1_115' title='bbox 977 1029 1069 1076; x_wconf 88' lang='lat' dir='ltr'><strong>tamen</strong></span> <span class='ocrx_word' id='word_1_116' title='bbox 1084 1036 1147 1086; x_wconf 89' lang='lat' dir='ltr'><strong>una,</strong></span> <span class='ocrx_word' id='word_1_117' title='bbox 1174 1019 1324 1092; x_wconf 90' lang='lat' dir='ltr'><strong>eademque</strong></span> <span class='ocrx_word' id='word_1_118' title='bbox 1343 1019 1506 1075; x_wconf 88' lang='lat' dir='ltr'><strong>concordat:</strong></span> <span class='ocrx_word' id='word_1_119' title='bbox 1533 1017 1595 1089; x_wconf 88' lang='lat' dir='ltr'><strong>quia</strong></span> <span class='ocrx_word' id='word_1_120' title='bbox 1620 1032 1702 1088; x_wconf 86' lang='lat' dir='ltr'><strong>quam</strong></span> <span class='ocrx_word' id='word_1_121' title='bbox 1727 1031 1777 1072; x_wconf 90' lang='lat' dir='ltr'><strong>nos</strong></span> 
     </span>
     <span class='ocr_line' id='line_1_10' title="bbox 128 1092 1777 1181; baseline -0.004 -14"><span class='ocrx_word' id='word_1_122' title='bbox 128 1126 190 1167; x_wconf 88' lang='lat' dir='ltr'><strong>vam</strong></span> <span class='ocrx_word' id='word_1_123' title='bbox 205 1108 314 1181; x_wconf 86' lang='lat' dir='ltr'><strong>quidem</strong></span> <span class='ocrx_word' id='word_1_124' title='bbox 329 1109 385 1165; x_wconf 87' lang='lat' dir='ltr'><strong>oris</strong></span> <span class='ocrx_word' id='word_1_125' title='bbox 403 1109 564 1174; x_wconf 87' lang='lat' dir='ltr'><strong>sacerdotis,</strong></span> <span class='ocrx_word' id='word_1_126' title='bbox 586 1092 683 1181; x_wconf 74' lang='lat' dir='ltr'><strong>gustus</strong></span> <span class='ocrx_word' id='word_1_127' title='bbox 706 1122 761 1179; x_wconf 91' lang='lat' dir='ltr'><strong>quo</strong></span> <span class='ocrx_word' id='word_1_128' title='bbox 781 1106 926 1162; x_wconf 84' lang='lat' dir='ltr'><strong>initiandus</strong></span> <span class='ocrx_word' id='word_1_129' title='bbox 975 1126 1027 1181; x_wconf 90' lang='grc' dir='ltr'><strong>ρει</strong></span> <span class='ocrx_word' id='word_1_130' title='bbox 1049 1108 1190 1180; x_wconf 91' lang='lat' dir='ltr'><strong>apostolos</strong></span> <span class='ocrx_word' id='word_1_131' title='bbox 1212 1107 1323 1174; x_wconf 86' lang='lat' dir='ltr'><strong>lectam,</strong></span> <span class='ocrx_word' id='word_1_132' title='bbox 1348 1108 1473 1163; x_wconf 90' lang='lat' dir='ltr'><strong>eamdem</strong></span> <span class='ocrx_word' id='word_1_133' title='bbox 1496 1113 1589 1178; x_wconf 89' lang='lat' dir='ltr'><strong>patres</strong></span> <span class='ocrx_word' id='word_1_134' title='bbox 1609 1104 1777 1161; x_wconf 81' lang='lat' dir='ltr'><strong>Testamenti</strong></span> 
     </span>
     <span class='ocr_line' id='line_1_11' title="bbox 128 1192 1776 1270; baseline -0.004 -15"><span class='ocrx_word' id='word_1_135' title='bbox 128 1206 170 1255; x_wconf 92' lang='lat' dir='ltr'><strong>est</strong></span> <span class='ocrx_word' id='word_1_136' title='bbox 184 1214 312 1270; x_wconf 68' lang='lat' dir='ltr'><strong>supernae</strong></span> <span class='ocrx_word' id='word_1_137' title='bbox 326 1197 467 1269; x_wconf 87' lang='lat' dir='ltr'><strong>supientiae</strong></span> <span class='ocrx_word' id='word_1_138' title='bbox 482 1196 640 1268; x_wconf 85' lang='lat' dir='ltr'><strong>designatur</strong></span> <span class='ocrx_word' id='word_1_139' title='bbox 656 1215 662 1250; x_wconf 90' lang='lat'>:</span> <span class='ocrx_word' id='word_1_140' title='bbox 679 1196 742 1268; x_wconf 91' lang='lat' dir='ltr'><strong>quia</strong></span> <span class='ocrx_word' id='word_1_141' title='bbox 756 1212 790 1252; x_wconf 85' lang='lat' dir='ltr'><strong>ex</strong></span> <span class='ocrx_word' id='word_1_142' title='bbox 803 1195 890 1268; x_wconf 89' lang='lat' dir='ltr'><strong>capite</strong></span> <span class='ocrx_word' id='word_1_143' title='bbox 898 1196 926 1250; x_wconf 93' lang='lat' dir='ltr'><strong>in</strong></span> <span class='ocrx_word' id='word_1_144' title='bbox 976 1196 1083 1254; x_wconf 86' lang='lat' dir='ltr'><strong>Veteris</strong></span> <span class='ocrx_word' id='word_1_145' title='bbox 1098 1196 1330 1268; x_wconf 90' lang='lat' dir='ltr'><strong>dispensationem</strong></span> <span class='ocrx_word' id='word_1_146' title='bbox 1345 1194 1443 1251; x_wconf 85' lang='lat' dir='ltr'><strong>Christi</strong></span> <span class='ocrx_word' id='word_1_147' title='bbox 1457 1210 1506 1266; x_wconf 91' lang='lat' dir='ltr'><strong>per</strong></span> <span class='ocrx_word' id='word_1_148' title='bbox 1529 1194 1678 1266; x_wconf 84' lang='lat' dir='ltr'><strong>prophetes</strong></span> <span class='ocrx_word' id='word_1_149' title='bbox 1703 1192 1776 1248; x_wconf 91' lang='lat' dir='ltr'><strong>didi·</strong></span> 
     </span>
     <span class='ocr_line' id='line_1_12' title="bbox 127 1284 1309 1359; baseline -0.005 -15"><span class='ocrx_word' id='word_1_150' title='bbox 127 1303 182 1359; x_wconf 89' lang='lat' dir='ltr'><strong>quo</strong></span> <span class='ocrx_word' id='word_1_151' title='bbox 197 1302 293 1344; x_wconf 87' lang='lat' dir='ltr'><strong>omnes</strong></span> <span class='ocrx_word' id='word_1_152' title='bbox 309 1301 405 1341; x_wconf 87' lang='lat' dir='ltr'><strong>sensus</strong></span> <span class='ocrx_word' id='word_1_153' title='bbox 420 1285 538 1340; x_wconf 91' lang='lat' dir='ltr'><strong>hominis</strong></span> <span class='ocrx_word' id='word_1_154' title='bbox 548 1291 620 1352; x_wconf 90' lang='lat' dir='ltr'><strong>sunt,</strong></span> <span class='ocrx_word' id='word_1_155' title='bbox 636 1284 870 1341; x_wconf 85' lang='lat' dir='ltr'><strong>seliradescendit</strong></span> <span class='ocrx_word' id='word_1_156' title='bbox 882 1303 888 1339; x_wconf 93' lang='lat'><strong>:</strong></span> <span class='ocrx_word' id='word_1_157' title='bbox 901 1291 927 1341; x_wconf 92' lang='lat' dir='ltr'><strong>et</strong></span> <span class='ocrx_word' id='word_1_158' title='bbox 977 1293 1071 1342; x_wconf 87' lang='lat' dir='ltr'><strong>cerunt</strong></span> <span class='ocrx_word' id='word_1_159' title='bbox 1086 1301 1147 1340; x_wconf 88' lang='lat' dir='ltr'><strong>esse</strong></span> <span class='ocrx_word' id='word_1_160' title='bbox 1159 1292 1309 1340; x_wconf 88' lang='lat' dir='ltr'><strong>venturam.</strong></span> 
     </span>
    </p>

    <p class='ocr_par' dir='ltr' id='par_1_3' title="bbox 124 1369 1776 3123">
     <span class='ocr_line' id='line_1_13' title="bbox 127 1369 1774 1449; baseline -0.004 -17"><span class='ocrx_word' id='word_1_161' title='bbox 127 1374 291 1449; x_wconf 77' lang='lat' dir='ltr'><strong>Apostolus:</strong></span> <span class='ocrx_word' id='word_1_162' title='bbox 305 1374 404 1446; x_wconf 88' lang='lat' dir='ltr'><strong>Copat,</strong></span> <span class='ocrx_word' id='word_1_163' title='bbox 414 1373 510 1445; x_wconf 89' lang='lat' dir='ltr'><strong>inquit,</strong></span> <span class='ocrx_word' id='word_1_164' title='bbox 525 1374 630 1431; x_wconf 80' lang='lat' dir='ltr'><strong>Christi</strong></span> <span class='ocrx_word' id='word_1_165' title='bbox 642 1376 711 1429; x_wconf 76' lang='lat' dir='ltr'><strong>tiens</strong></span> <span class='ocrx_word' id='word_1_166' title='bbox 726 1374 753 1443; x_wconf 80' lang='lat'><strong>(1</strong></span> <span class='ocrx_word' id='word_1_167' title='bbox 762 1376 823 1430; x_wconf 88' lang='lat' dir='ltr'><strong>Cor.</strong></span> <span class='ocrx_word' id='word_1_168' title='bbox 835 1374 887 1444; x_wconf 86' lang='grc' dir='ltr'>ιιι),</span> <span class='ocrx_word' id='word_1_169' title='bbox 900 1379 926 1428; x_wconf 91' lang='lat' dir='ltr'><strong>et</strong></span> <span class='ocrx_word' id='word_1_170' title='bbox 1014 1373 1083 1429; x_wconf 86' lang='lat' dir='ltr'><strong>Vlll.</strong></span> <span class='ocrx_word' id='word_1_171' title='bbox 1100 1372 1223 1429; x_wconf 83' lang='lat' dir='ltr'><strong>Posthaec</strong></span> <span class='ocrx_word' id='word_1_172' title='bbox 1233 1381 1330 1428; x_wconf 85' lang='lat' dir='ltr'><strong>vocato</strong></span> <span class='ocrx_word' id='word_1_173' title='bbox 1345 1388 1377 1428; x_wconf 87' lang='lat' dir='ltr'><strong>ex</strong></span> <span class='ocrx_word' id='word_1_174' title='bbox 1393 1371 1502 1426; x_wconf 86' lang='lat' dir='ltr'><strong>nornine</strong></span> <span class='ocrx_word' id='word_1_175' title='bbox 1517 1370 1719 1437; x_wconf 86' lang='lat' dir='ltr'><strong>consecrando,</strong></span> <span class='ocrx_word' id='word_1_176' title='bbox 1732 1369 1774 1425; x_wconf 91' lang='lat' dir='ltr'><strong>in·</strong></span> 
     </span>
     <span class='ocr_line' id='line_1_14' title="bbox 127 1460 1776 1534; baseline -0.002 -16"><span class='ocrx_word' id='word_1_177' title='bbox 127 1462 255 1519; x_wconf 84' lang='lat' dir='ltr'><strong>divinitas</strong></span> <span class='ocrx_word' id='word_1_178' title='bbox 269 1462 407 1518; x_wconf 87' lang='lat' dir='ltr'><strong>hominem</strong></span> <span class='ocrx_word' id='word_1_179' title='bbox 430 1477 581 1529; x_wconf 90' lang='lat' dir='ltr'><strong>assumens,</strong></span> <span class='ocrx_word' id='word_1_180' title='bbox 605 1461 743 1534; x_wconf 90' lang='lat' dir='ltr'><strong>quoddam</strong></span> <span class='ocrx_word' id='word_1_181' title='bbox 767 1477 801 1517; x_wconf 81' lang='lat' dir='ltr'><strong>ex</strong></span> <span class='ocrx_word' id='word_1_182' title='bbox 821 1477 926 1518; x_wconf 88' lang='lat' dir='ltr'><strong>eonne-</strong></span> <span class='ocrx_word' id='word_1_183' title='bbox 976 1469 1099 1534; x_wconf 79' lang='lat' dir='ltr'><strong>terrogat</strong></span> <span class='ocrx_word' id='word_1_184' title='bbox 1124 1478 1186 1516; x_wconf 89' lang='lat' dir='ltr'><strong>cum</strong></span> <span class='ocrx_word' id='word_1_185' title='bbox 1210 1461 1350 1526; x_wconf 88' lang='lat' dir='ltr'><strong>sacerdos,</strong></span> <span class='ocrx_word' id='word_1_186' title='bbox 1377 1461 1400 1515; x_wconf 90' lang='lat' dir='ltr'><strong>si</strong></span> <span class='ocrx_word' id='word_1_187' title='bbox 1422 1460 1592 1516; x_wconf 89' lang='lat' dir='ltr'><strong>abrenuntiet</strong></span> <span class='ocrx_word' id='word_1_188' title='bbox 1615 1460 1725 1516; x_wconf 61' lang='lat' dir='ltr'><strong>&amp;taum</strong></span> <span class='ocrx_word' id='word_1_189' title='bbox 1750 1467 1776 1515; x_wconf 91' lang='lat' dir='ltr'><strong>et</strong></span> 
     </span>
     <span class='ocr_line' id='line_1_15' title="bbox 128 1545 1775 1629; baseline -0.001 -24"><span class='ocrx_word' id='word_1_190' title='bbox 128 1551 208 1607; x_wconf 84' lang='lat' dir='ltr'><strong>xione</strong></span> <span class='ocrx_word' id='word_1_191' title='bbox 224 1550 339 1629; x_wconf 83' lang='lat' dir='ltr'><strong>duarum</strong></span> <span class='ocrx_word' id='word_1_192' title='bbox 355 1545 570 1606; x_wconf 88' lang='lat' dir='ltr'><strong>substantiarum</strong></span> <span class='ocrx_word' id='word_1_193' title='bbox 584 1550 613 1604; x_wconf 93' lang='lat' dir='ltr'><strong>in</strong></span> <span class='ocrx_word' id='word_1_194' title='bbox 625 1566 677 1604; x_wconf 87' lang='lat' dir='ltr'><strong>una</strong></span> <span class='ocrx_word' id='word_1_195' title='bbox 691 1550 742 1604; x_wconf 92' lang='lat' dir='ltr'><strong>Dei</strong></span> <span class='ocrx_word' id='word_1_196' title='bbox 758 1549 816 1604; x_wconf 88' lang='lat' dir='ltr'><strong>Filii</strong></span> <span class='ocrx_word' id='word_1_197' title='bbox 831 1565 926 1621; x_wconf 90' lang='lat' dir='ltr'><strong>perso·</strong></span> <span class='ocrx_word' id='word_1_198' title='bbox 976 1551 1102 1606; x_wconf 90' lang='lat' dir='ltr'><strong>omnibus</strong></span> <span class='ocrx_word' id='word_1_199' title='bbox 1117 1550 1246 1621; x_wconf 88' lang='lat' dir='ltr'><strong>operibus</strong></span> <span class='ocrx_word' id='word_1_200' title='bbox 1257 1550 1325 1619; x_wconf 84' lang='lat' dir='ltr'><strong>ejrrs,</strong></span> <span class='ocrx_word' id='word_1_201' title='bbox 1337 1548 1487 1621; x_wconf 89' lang='lat' dir='ltr'><strong>etreliqua.</strong></span> <span class='ocrx_word' id='word_1_202' title='bbox 1500 1549 1564 1604; x_wconf 86' lang='lat' dir='ltr'><strong>Post</strong></span> <span class='ocrx_word' id='word_1_203' title='bbox 1578 1549 1656 1618; x_wconf 78' lang='lat' dir='ltr'><strong>anus</strong></span> <span class='ocrx_word' id='word_1_204' title='bbox 1666 1562 1775 1619; x_wconf 84' lang='lat' dir='ltr'><strong>respon</strong></span> 
     </span>
     <span class='ocr_line' id='line_1_16' title="bbox 126 1637 1775 1712; baseline -0.002 -17"><span class='ocrx_word' id='word_1_205' title='bbox 126 1654 162 1695; x_wconf 87' lang='lat' dir='ltr'><strong>ne</strong></span> <span class='ocrx_word' id='word_1_206' title='bbox 177 1638 318 1710; x_wconf 81' lang='lat' dir='ltr'><strong>collyrium</strong></span> <span class='ocrx_word' id='word_1_207' title='bbox 335 1637 408 1705; x_wconf 85' lang='lat' dir='ltr'><strong>iecit,</strong></span> <span class='ocrx_word' id='word_1_208' title='bbox 425 1637 498 1694; x_wconf 89' lang='lat' dir='ltr'><strong>unde</strong></span> <span class='ocrx_word' id='word_1_209' title='bbox 511 1654 599 1712; x_wconf 86' lang='lat' dir='ltr'><strong>genus</strong></span> <span class='ocrx_word' id='word_1_210' title='bbox 612 1638 770 1704; x_wconf 88' lang='lat' dir='ltr'><strong>humanum,</strong></span> <span class='ocrx_word' id='word_1_211' title='bbox 783 1639 856 1709; x_wconf 92' lang='lat' dir='ltr'><strong>quod</strong></span> <span class='ocrx_word' id='word_1_212' title='bbox 867 1654 927 1694; x_wconf 85' lang='lat' dir='ltr'><strong>coe-</strong></span> <span class='ocrx_word' id='word_1_213' title='bbox 977 1639 1082 1694; x_wconf 89' lang='lat' dir='ltr'><strong>sionem</strong></span> <span class='ocrx_word' id='word_1_214' title='bbox 1098 1639 1176 1711; x_wconf 87' lang='lat' dir='ltr'><strong>ungit</strong></span> <span class='ocrx_word' id='word_1_215' title='bbox 1200 1654 1261 1694; x_wconf 89' lang='lat' dir='ltr'><strong>eum</strong></span> <span class='ocrx_word' id='word_1_216' title='bbox 1285 1638 1346 1694; x_wconf 89' lang='lat' dir='ltr'><strong>oleo</strong></span> <span class='ocrx_word' id='word_1_217' title='bbox 1370 1637 1531 1703; x_wconf 86' lang='lat' dir='ltr'><strong>exorcizato,</strong></span> <span class='ocrx_word' id='word_1_218' title='bbox 1557 1637 1584 1692; x_wconf 93' lang='lat' dir='ltr'><strong>in</strong></span> <span class='ocrx_word' id='word_1_219' title='bbox 1607 1644 1723 1709; x_wconf 87' lang='lat' dir='ltr'><strong>pectore</strong></span> <span class='ocrx_word' id='word_1_220' title='bbox 1749 1643 1775 1691; x_wconf 94' lang='lat' dir='ltr'><strong>et</strong></span> 
     </span>
     <span class='ocr_line' id='line_1_17' title="bbox 128 1723 1774 1812; baseline -0.003 -28"><span class='ocrx_word' id='word_1_221' title='bbox 128 1743 221 1785; x_wconf 86' lang='lat' dir='ltr'><strong>cuma</strong></span> <span class='ocrx_word' id='word_1_222' title='bbox 245 1727 338 1799; x_wconf 90' lang='lat' dir='ltr'><strong>primis</strong></span> <span class='ocrx_word' id='word_1_223' title='bbox 361 1727 520 1799; x_wconf 89' lang='lat' dir='ltr'><strong>parentibus</strong></span> <span class='ocrx_word' id='word_1_224' title='bbox 545 1733 638 1781; x_wconf 89' lang='lat' dir='ltr'><strong>notum</strong></span> <span class='ocrx_word' id='word_1_225' title='bbox 661 1735 727 1797; x_wconf 85' lang='lat' dir='ltr'><strong>erat,</strong></span> <span class='ocrx_word' id='word_1_226' title='bbox 749 1726 922 1782; x_wconf 88' lang='lat' dir='ltr'><strong>illuminaret.</strong></span> <span class='ocrx_word' id='word_1_227' title='bbox 939 1727 1048 1812; x_wconf 77' lang='lat' dir='ltr'><strong>Binter</strong></span> <span class='ocrx_word' id='word_1_228' title='bbox 1062 1727 1195 1798; x_wconf 86' lang='lat' dir='ltr'><strong>scapulas,</strong></span> <span class='ocrx_word' id='word_1_229' title='bbox 1213 1726 1330 1782; x_wconf 90' lang='lat' dir='ltr'><strong>dicens:</strong></span> <span class='ocrx_word' id='word_1_230' title='bbox 1350 1747 1360 1777; x_wconf 80' lang='grc' dir='ltr'>ι</span> <span class='ocrx_word' id='word_1_231' title='bbox 1379 1727 1413 1780; x_wconf 85' lang='lat' dir='ltr'><strong>Et</strong></span> <span class='ocrx_word' id='word_1_232' title='bbox 1427 1741 1480 1797; x_wconf 86' lang='lat' dir='ltr'><strong>ego</strong></span> <span class='ocrx_word' id='word_1_233' title='bbox 1489 1724 1555 1782; x_wconf 92' lang='lat' dir='ltr'><strong>linio</strong></span> <span class='ocrx_word' id='word_1_234' title='bbox 1570 1733 1596 1781; x_wconf 90' lang='lat' dir='ltr'><strong>te</strong></span> <span class='ocrx_word' id='word_1_235' title='bbox 1610 1724 1673 1780; x_wconf 92' lang='lat' dir='ltr'><strong>oleo</strong></span> <span class='ocrx_word' id='word_1_236' title='bbox 1681 1723 1774 1780; x_wconf 90' lang='lat' dir='ltr'><strong>salutis</strong></span> 
     </span>
     <span class='ocr_line' id='line_1_18' title="bbox 127 1813 1772 1888; baseline -0.004 -16"><span class='ocrx_word' id='word_1_237' title='bbox 127 1817 190 1872; x_wconf 92' lang='lat' dir='ltr'><strong>Non</strong></span> <span class='ocrx_word' id='word_1_238' title='bbox 203 1816 239 1870; x_wconf 89' lang='lat' dir='ltr'><strong>ab</strong></span> <span class='ocrx_word' id='word_1_239' title='bbox 253 1831 284 1872; x_wconf 90' lang='lat' dir='ltr'><strong>re</strong></span> <span class='ocrx_word' id='word_1_240' title='bbox 299 1822 379 1887; x_wconf 91' lang='lat' dir='ltr'><strong>sputo</strong></span> <span class='ocrx_word' id='word_1_241' title='bbox 393 1831 475 1871; x_wconf 89' lang='lat' dir='ltr'><strong>aures</strong></span> <span class='ocrx_word' id='word_1_242' title='bbox 498 1823 645 1888; x_wconf 85' lang='lat' dir='ltr'><strong>tanguntur</strong></span> <span class='ocrx_word' id='word_1_243' title='bbox 665 1824 690 1871; x_wconf 90' lang='lat' dir='ltr'><strong>ct</strong></span> <span class='ocrx_word' id='word_1_244' title='bbox 714 1830 796 1870; x_wconf 88' lang='lat' dir='ltr'><strong>nares</strong></span> <span class='ocrx_word' id='word_1_245' title='bbox 812 1830 818 1870; x_wconf 92' lang='lat'>:</span> <span class='ocrx_word' id='word_1_246' title='bbox 837 1823 865 1869; x_wconf 94' lang='lat' dir='ltr'><strong>ut</strong></span> <span class='ocrx_word' id='word_1_247' title='bbox 879 1815 925 1887; x_wconf 89' lang='lat' dir='ltr'><strong>qui</strong></span> <span class='ocrx_word' id='word_1_248' title='bbox 976 1813 1003 1869; x_wconf 84' lang='lat' dir='ltr'><strong>iri</strong></span> <span class='ocrx_word' id='word_1_249' title='bbox 1020 1815 1128 1870; x_wconf 88' lang='lat' dir='ltr'><strong>Christo</strong></span> <span class='ocrx_word' id='word_1_250' title='bbox 1141 1817 1206 1870; x_wconf 79' lang='lat' dir='ltr'><strong>lesu</strong></span> <span class='ocrx_word' id='word_1_251' title='bbox 1220 1814 1336 1870; x_wconf 90' lang='lat' dir='ltr'><strong>Domino</strong></span> <span class='ocrx_word' id='word_1_252' title='bbox 1359 1822 1451 1869; x_wconf 90' lang='lat' dir='ltr'><strong>nostro</strong></span> <span class='ocrx_word' id='word_1_253' title='bbox 1465 1813 1493 1869; x_wconf 95' lang='lat' dir='ltr'><strong>in</strong></span> <span class='ocrx_word' id='word_1_254' title='bbox 1507 1813 1591 1869; x_wconf 89' lang='lat' dir='ltr'><strong>vitam</strong></span> <span class='ocrx_word' id='word_1_255' title='bbox 1605 1820 1747 1869; x_wconf 85' lang='lat' dir='ltr'><strong>aeternam.</strong></span> <span class='ocrx_word' id='word_1_256' title='bbox 1761 1835 1772 1863; x_wconf 78' lang='grc' dir='ltr'>ι</span> 
     </span>
     <span class='ocr_line' id='line_1_19' title="bbox 130 1901 1774 1977; baseline -0.002 -16"><span class='ocrx_word' id='word_1_257' title='bbox 130 1919 252 1977; x_wconf 85' lang='lat' dir='ltr'><strong>expuens</strong></span> <span class='ocrx_word' id='word_1_258' title='bbox 266 1903 388 1975; x_wconf 88' lang='lat' dir='ltr'><strong>linguam</strong></span> <span class='ocrx_word' id='word_1_259' title='bbox 401 1903 467 1959; x_wconf 90' lang='lat' dir='ltr'><strong>muti</strong></span> <span class='ocrx_word' id='word_1_260' title='bbox 482 1904 616 1975; x_wconf 81' lang='lat' dir='ltr'><strong>tetigerat,</strong></span> <span class='ocrx_word' id='word_1_261' title='bbox 634 1913 661 1958; x_wconf 92' lang='lat' dir='ltr'><strong>et</strong></span> <span class='ocrx_word' id='word_1_262' title='bbox 683 1910 762 1974; x_wconf 90' lang='lat' dir='ltr'><strong>sputo</strong></span> <span class='ocrx_word' id='word_1_263' title='bbox 781 1902 866 1959; x_wconf 89' lang='lat' dir='ltr'><strong>lutum</strong></span> <span class='ocrx_word' id='word_1_264' title='bbox 890 1903 927 1960; x_wconf 87' lang='lat' dir='ltr'><strong>le·</strong></span> <span class='ocrx_word' id='word_1_265' title='bbox 976 1903 1075 1958; x_wconf 88' lang='lat' dir='ltr'><strong>Pectus</strong></span> <span class='ocrx_word' id='word_1_266' title='bbox 1090 1903 1190 1974; x_wconf 91' lang='lat' dir='ltr'><strong>qnippe</strong></span> <span class='ocrx_word' id='word_1_267' title='bbox 1205 1903 1364 1974; x_wconf 86' lang='lat' dir='ltr'><strong>perungitur</strong></span> <span class='ocrx_word' id='word_1_268' title='bbox 1378 1902 1449 1966; x_wconf 86' lang='lat' dir='ltr'><strong>oleo,</strong></span> <span class='ocrx_word' id='word_1_269' title='bbox 1463 1909 1492 1956; x_wconf 91' lang='lat' dir='ltr'><strong>ut</strong></span> <span class='ocrx_word' id='word_1_270' title='bbox 1507 1901 1587 1975; x_wconf 86' lang='lat' dir='ltr'><strong>signo</strong></span> <span class='ocrx_word' id='word_1_271' title='bbox 1602 1909 1774 1958; x_wconf 75' lang='lat' dir='ltr'><strong>smotaecm-</strong></span> 
     </span>
     <span class='ocr_line' id='line_1_20' title="bbox 127 1989 1775 2063; baseline -0.002 -13"><span class='ocrx_word' id='word_1_272' title='bbox 127 2002 213 2058; x_wconf 86' lang='lat' dir='ltr'><strong>cerat,</strong></span> <span class='ocrx_word' id='word_1_273' title='bbox 230 2000 257 2049; x_wconf 91' lang='lat' dir='ltr'><strong>et</strong></span> <span class='ocrx_word' id='word_1_274' title='bbox 271 1992 367 2049; x_wconf 91' lang='lat' dir='ltr'><strong>oculos</strong></span> <span class='ocrx_word' id='word_1_275' title='bbox 381 1992 445 2048; x_wconf 79' lang='lat' dir='ltr'><strong>caeei</strong></span> <span class='ocrx_word' id='word_1_276' title='bbox 460 1992 515 2046; x_wconf 91' lang='lat' dir='ltr'><strong>nati</strong></span> <span class='ocrx_word' id='word_1_277' title='bbox 532 2000 685 2063; x_wconf 85' lang='lat' dir='ltr'><strong>aperuerat,</strong></span> <span class='ocrx_word' id='word_1_278' title='bbox 707 2007 779 2047; x_wconf 90' lang='lat' dir='ltr'><strong>nune</strong></span> <span class='ocrx_word' id='word_1_279' title='bbox 793 2008 842 2062; x_wconf 88' lang='lat' dir='ltr'><strong>per</strong></span> <span class='ocrx_word' id='word_1_280' title='bbox 850 1991 928 2046; x_wconf 89' lang='lat' dir='ltr'><strong>mini·</strong></span> <span class='ocrx_word' id='word_1_281' title='bbox 976 1991 1016 2048; x_wconf 93' lang='lat' dir='ltr'><strong>cis</strong></span> <span class='ocrx_word' id='word_1_282' title='bbox 1031 1991 1139 2047; x_wconf 87' lang='lat' dir='ltr'><strong>diabolo</strong></span> <span class='ocrx_word' id='word_1_283' title='bbox 1161 1992 1304 2047; x_wconf 87' lang='lat' dir='ltr'><strong>claudatur</strong></span> <span class='ocrx_word' id='word_1_284' title='bbox 1327 1990 1479 2062; x_wconf 76' lang='lat' dir='ltr'><strong>ingressus,</strong></span> <span class='ocrx_word' id='word_1_285' title='bbox 1505 1989 1635 2063; x_wconf 91' lang='lat' dir='ltr'><strong>Signatur</strong></span> <span class='ocrx_word' id='word_1_286' title='bbox 1656 1998 1684 2046; x_wconf 90' lang='lat' dir='ltr'><strong>et</strong></span> <span class='ocrx_word' id='word_1_287' title='bbox 1705 1989 1775 2047; x_wconf 86' lang='lat' dir='ltr'><strong>inter</strong></span> 
     </span>
     <span class='ocr_line' id='line_1_21' title="bbox 128 2078 1774 2152; baseline -0.002 -14"><span class='ocrx_word' id='word_1_288' title='bbox 128 2081 241 2138; x_wconf 86' lang='lat' dir='ltr'><strong>sterium</strong></span> <span class='ocrx_word' id='word_1_289' title='bbox 256 2081 441 2147; x_wconf 84' lang='lat' dir='ltr'><strong>sacerdotnm,</strong></span> <span class='ocrx_word' id='word_1_290' title='bbox 459 2089 485 2136; x_wconf 92' lang='lat' dir='ltr'><strong>et</strong></span> <span class='ocrx_word' id='word_1_291' title='bbox 499 2081 621 2136; x_wconf 87' lang='lat' dir='ltr'><strong>auditum</strong></span> <span class='ocrx_word' id='word_1_292' title='bbox 644 2080 793 2151; x_wconf 89' lang='lat' dir='ltr'><strong>spiritalem</strong></span> <span class='ocrx_word' id='word_1_293' title='bbox 814 2080 857 2134; x_wconf 90' lang='lat' dir='ltr'><strong>his</strong></span> <span class='ocrx_word' id='word_1_294' title='bbox 880 2079 926 2152; x_wconf 91' lang='lat' dir='ltr'><strong>qui</strong></span> <span class='ocrx_word' id='word_1_295' title='bbox 977 2079 1113 2152; x_wconf 85' lang='lat' dir='ltr'><strong>scapulas,</strong></span> <span class='ocrx_word' id='word_1_296' title='bbox 1139 2088 1168 2135; x_wconf 91' lang='lat' dir='ltr'><strong>ut</strong></span> <span class='ocrx_word' id='word_1_297' title='bbox 1191 2079 1310 2152; x_wconf 90' lang='lat' dir='ltr'><strong>undique</strong></span> <span class='ocrx_word' id='word_1_298' title='bbox 1333 2079 1479 2134; x_wconf 91' lang='lat' dir='ltr'><strong>muniatur.</strong></span> <span class='ocrx_word' id='word_1_299' title='bbox 1505 2080 1571 2134; x_wconf 90' lang='lat' dir='ltr'><strong>item</strong></span> <span class='ocrx_word' id='word_1_300' title='bbox 1596 2078 1626 2134; x_wconf 94' lang='lat' dir='ltr'><strong>in</strong></span> <span class='ocrx_word' id='word_1_301' title='bbox 1654 2078 1774 2150; x_wconf 89' lang='lat' dir='ltr'><strong>pectoris</strong></span> 
     </span>
     <span class='ocr_line' id='line_1_22' title="bbox 129 2165 1775 2242; baseline -0.001 -17"><span class='ocrx_word' id='word_1_302' title='bbox 129 2169 284 2242; x_wconf 88' lang='lat' dir='ltr'><strong>baptizandi</strong></span> <span class='ocrx_word' id='word_1_303' title='bbox 300 2177 372 2236; x_wconf 90' lang='lat' dir='ltr'><strong>sunt,</strong></span> <span class='ocrx_word' id='word_1_304' title='bbox 386 2169 501 2235; x_wconf 86' lang='lat' dir='ltr'><strong>tribuat;</strong></span> <span class='ocrx_word' id='word_1_305' title='bbox 519 2176 546 2224; x_wconf 90' lang='lat' dir='ltr'><strong>et</strong></span> <span class='ocrx_word' id='word_1_306' title='bbox 567 2176 643 2225; x_wconf 89' lang='lat' dir='ltr'><strong>recte</strong></span> <span class='ocrx_word' id='word_1_307' title='bbox 667 2168 808 2240; x_wconf 86' lang='lat' dir='ltr'><strong>loquendi,</strong></span> <span class='ocrx_word' id='word_1_308' title='bbox 833 2168 860 2222; x_wconf 90' lang='lat' dir='ltr'><strong>id</strong></span> <span class='ocrx_word' id='word_1_309' title='bbox 884 2176 926 2224; x_wconf 90' lang='lat' dir='ltr'><strong>est</strong></span> <span class='ocrx_word' id='word_1_310' title='bbox 976 2176 1002 2224; x_wconf 90' lang='lat' dir='ltr'><strong>et</strong></span> <span class='ocrx_word' id='word_1_311' title='bbox 1017 2169 1089 2224; x_wconf 89' lang='lat' dir='ltr'><strong>inter</strong></span> <span class='ocrx_word' id='word_1_312' title='bbox 1098 2168 1224 2240; x_wconf 85' lang='lat' dir='ltr'><strong>scapulas</strong></span> <span class='ocrx_word' id='word_1_313' title='bbox 1239 2168 1366 2224; x_wconf 85' lang='lat' dir='ltr'><strong>unctione</strong></span> <span class='ocrx_word' id='word_1_314' title='bbox 1381 2168 1505 2240; x_wconf 83' lang='lat' dir='ltr'><strong>signatur</strong></span> <span class='ocrx_word' id='word_1_315' title='bbox 1519 2165 1584 2222; x_wconf 81' lang='lat' dir='ltr'><strong>fidei</strong></span> <span class='ocrx_word' id='word_1_316' title='bbox 1606 2166 1733 2235; x_wconf 83' lang='lat' dir='ltr'><strong>firmitas,</strong></span> <span class='ocrx_word' id='word_1_317' title='bbox 1749 2176 1775 2224; x_wconf 85' lang='lat' dir='ltr'><strong>et</strong></span> 
     </span>
     <span class='ocr_line' id='line_1_23' title="bbox 127 2255 1773 2328; baseline -0.002 -14"><span class='ocrx_word' id='word_1_318' title='bbox 127 2275 200 2314; x_wconf 81' lang='lat' dir='ltr'><strong>uerae</strong></span> <span class='ocrx_word' id='word_1_319' title='bbox 214 2257 276 2313; x_wconf 85' lang='lat' dir='ltr'><strong>fidei</strong></span> <span class='ocrx_word' id='word_1_320' title='bbox 291 2256 438 2313; x_wconf 79' lang='lat' dir='ltr'><strong>confitendi</strong></span> <span class='ocrx_word' id='word_1_321' title='bbox 454 2256 608 2312; x_wconf 83' lang='lat' dir='ltr'><strong>facultatem</strong></span> <span class='ocrx_word' id='word_1_322' title='bbox 632 2257 774 2327; x_wconf 79' lang='lat' dir='ltr'><strong>praebeet3</strong></span> <span class='ocrx_word' id='word_1_323' title='bbox 790 2263 817 2311; x_wconf 89' lang='lat' dir='ltr'><strong>et</strong></span> <span class='ocrx_word' id='word_1_324' title='bbox 831 2272 924 2325; x_wconf 88' lang='lat' dir='ltr'><strong>nares,</strong></span> <span class='ocrx_word' id='word_1_325' title='bbox 976 2272 1090 2328; x_wconf 92' lang='lat' dir='ltr'><strong>operum</strong></span> <span class='ocrx_word' id='word_1_326' title='bbox 1128 2257 1262 2312; x_wconf 87' lang='lat' dir='ltr'><strong>bonorum</strong></span> <span class='ocrx_word' id='word_1_327' title='bbox 1285 2255 1500 2327; x_wconf 86' lang='lat' dir='ltr'><strong>perseverantis.</strong></span> <span class='ocrx_word' id='word_1_328' title='bbox 1531 2255 1665 2328; x_wconf 80' lang='lat' dir='ltr'><strong>Signatus</strong></span> <span class='ocrx_word' id='word_1_329' title='bbox 1693 2256 1773 2312; x_wconf 89' lang='lat' dir='ltr'><strong>etiam</strong></span> 
     </span>
     <span class='ocr_line' id='line_1_24' title="bbox 128 2344 1771 2419; baseline -0.001 -18"><span class='ocrx_word' id='word_1_330' title='bbox 128 2346 227 2419; x_wconf 91' lang='lat' dir='ltr'><strong>quibus</strong></span> <span class='ocrx_word' id='word_1_331' title='bbox 241 2346 344 2402; x_wconf 91' lang='lat' dir='ltr'><strong>bouum</strong></span> <span class='ocrx_word' id='word_1_332' title='bbox 358 2345 459 2400; x_wconf 91' lang='lat' dir='ltr'><strong>Christi</strong></span> <span class='ocrx_word' id='word_1_333' title='bbox 474 2344 586 2400; x_wconf 89' lang='lat' dir='ltr'><strong>odorem</strong></span> <span class='ocrx_word' id='word_1_334' title='bbox 601 2344 719 2414; x_wconf 87' lang='lat' dir='ltr'><strong>capiant,</strong></span> <span class='ocrx_word' id='word_1_335' title='bbox 736 2345 850 2414; x_wconf 89' lang='lat' dir='ltr'><strong>aperiat.</strong></span> <span class='ocrx_word' id='word_1_336' title='bbox 873 2346 926 2400; x_wconf 90' lang='lat' dir='ltr'><strong>Per</strong></span> <span class='ocrx_word' id='word_1_337' title='bbox 975 2345 1155 2416; x_wconf 79' lang='lat' dir='ltr'><strong>baptizandus</strong></span> <span class='ocrx_word' id='word_1_338' title='bbox 1164 2353 1274 2415; x_wconf 86' lang='lat' dir='ltr'><strong>pectore</strong></span> <span class='ocrx_word' id='word_1_339' title='bbox 1285 2353 1312 2400; x_wconf 93' lang='lat' dir='ltr'><strong>et</strong></span> <span class='ocrx_word' id='word_1_340' title='bbox 1321 2345 1391 2400; x_wconf 88' lang='lat' dir='ltr'><strong>iuter</strong></span> <span class='ocrx_word' id='word_1_341' title='bbox 1401 2344 1528 2415; x_wconf 89' lang='lat' dir='ltr'><strong>scapulas</strong></span> <span class='ocrx_word' id='word_1_342' title='bbox 1538 2344 1573 2400; x_wconf 90' lang='lat' dir='ltr'><strong>de</strong></span> <span class='ocrx_word' id='word_1_343' title='bbox 1583 2344 1645 2400; x_wconf 89' lang='lat' dir='ltr'><strong>oleo</strong></span> <span class='ocrx_word' id='word_1_344' title='bbox 1656 2352 1771 2401; x_wconf 87' lang='lat' dir='ltr'><strong>sancto:</strong></span> 
     </span>
     <span class='ocr_line' id='line_1_25' title="bbox 128 2431 1773 2503; baseline -0.001 -14"><span class='ocrx_word' id='word_1_345' title='bbox 128 2441 230 2491; x_wconf 87' lang='lat' dir='ltr'><strong>tectum</strong></span> <span class='ocrx_word' id='word_1_346' title='bbox 245 2449 311 2499; x_wconf 83' lang='lat' dir='ltr'><strong>vero</strong></span> <span class='ocrx_word' id='word_1_347' title='bbox 327 2432 441 2498; x_wconf 89' lang='lat' dir='ltr'><strong>narium,</strong></span> <span class='ocrx_word' id='word_1_348' title='bbox 456 2442 485 2487; x_wconf 92' lang='lat' dir='ltr'><strong>ut</strong></span> <span class='ocrx_word' id='word_1_349' title='bbox 504 2432 616 2502; x_wconf 86' lang='lat' dir='ltr'><strong>abjectis</strong></span> <span class='ocrx_word' id='word_1_350' title='bbox 631 2431 856 2487; x_wconf 87' lang='lat' dir='ltr'><strong>delectationibus</strong></span> <span class='ocrx_word' id='word_1_351' title='bbox 876 2448 925 2486; x_wconf 92' lang='lat' dir='ltr'><strong>no·</strong></span> <span class='ocrx_word' id='word_1_352' title='bbox 976 2441 1004 2488; x_wconf 92' lang='lat' dir='ltr'><strong>ut</strong></span> <span class='ocrx_word' id='word_1_353' title='bbox 1017 2433 1089 2488; x_wconf 90' lang='lat' dir='ltr'><strong>illius</strong></span> <span class='ocrx_word' id='word_1_354' title='bbox 1099 2433 1152 2488; x_wconf 90' lang='lat' dir='ltr'><strong>olei</strong></span> <span class='ocrx_word' id='word_1_355' title='bbox 1163 2433 1260 2500; x_wconf 87' lang='lat' dir='ltr'><strong>sancti,</strong></span> <span class='ocrx_word' id='word_1_356' title='bbox 1273 2433 1399 2489; x_wconf 78' lang='lat' dir='ltr'><strong>videlicet</strong></span> <span class='ocrx_word' id='word_1_357' title='bbox 1416 2432 1531 2503; x_wconf 90' lang='lat' dir='ltr'><strong>Spiritus</strong></span> <span class='ocrx_word' id='word_1_358' title='bbox 1550 2433 1680 2489; x_wconf 89' lang='lat' dir='ltr'><strong>unctione</strong></span> <span class='ocrx_word' id='word_1_359' title='bbox 1697 2432 1773 2488; x_wconf 90' lang='lat' dir='ltr'><strong>linia-</strong></span> 
     </span>
     <span class='ocr_line' id='line_1_26' title="bbox 127 2513 1775 2594; baseline -0.001 -17"><span class='ocrx_word' id='word_1_360' title='bbox 127 2522 188 2587; x_wconf 89' lang='lat' dir='ltr'><strong>xiis,</strong></span> <span class='ocrx_word' id='word_1_361' title='bbox 205 2521 292 2577; x_wconf 93' lang='lat' dir='ltr'><strong>solum</strong></span> <span class='ocrx_word' id='word_1_362' title='bbox 309 2520 408 2576; x_wconf 90' lang='lat' dir='ltr'><strong>Christi</strong></span> <span class='ocrx_word' id='word_1_363' title='bbox 423 2536 532 2591; x_wconf 89' lang='lat' dir='ltr'><strong>semper</strong></span> <span class='ocrx_word' id='word_1_364' title='bbox 553 2519 731 2592; x_wconf 89' lang='lat' dir='ltr'><strong>amplectatur</strong></span> <span class='ocrx_word' id='word_1_365' title='bbox 746 2520 869 2586; x_wconf 89' lang='lat' dir='ltr'><strong>odorem,</strong></span> <span class='ocrx_word' id='word_1_366' title='bbox 890 2520 925 2576; x_wconf 91' lang='lat' dir='ltr'><strong>de</strong></span> <span class='ocrx_word' id='word_1_367' title='bbox 975 2528 1027 2586; x_wconf 86' lang='lat' dir='ltr'><strong>tur,</strong></span> <span class='ocrx_word' id='word_1_368' title='bbox 1040 2522 1136 2592; x_wconf 85' lang='lat' dir='ltr'><strong>dequo</strong></span> <span class='ocrx_word' id='word_1_369' title='bbox 1152 2513 1299 2591; x_wconf 77' lang='lat' dir='ltr'><strong>Apostolus</strong></span> <span class='ocrx_word' id='word_1_370' title='bbox 1318 2520 1355 2576; x_wconf 86' lang='lat' dir='ltr'><strong>ait</strong></span> <span class='ocrx_word' id='word_1_371' title='bbox 1372 2538 1378 2574; x_wconf 91' lang='lat'>:</span> <span class='ocrx_word' id='word_1_372' title='bbox 1394 2521 1473 2577; x_wconf 85' lang='lat' dir='ltr'><strong>Sicut</strong></span> <span class='ocrx_word' id='word_1_373' title='bbox 1496 2523 1593 2577; x_wconf 83' lang='lat' dir='ltr'><strong>unctio</strong></span> <span class='ocrx_word' id='word_1_374' title='bbox 1618 2524 1680 2594; x_wconf 86' lang='lat' dir='ltr'><strong>ejas</strong></span> <span class='ocrx_word' id='word_1_375' title='bbox 1697 2521 1775 2578; x_wconf 84' lang='lat' dir='ltr'><strong>docet</strong></span> 
     </span>
     <span class='ocr_line' id='line_1_27' title="bbox 126 2608 1772 2683; baseline 0 -19"><span class='ocrx_word' id='word_1_376' title='bbox 126 2627 181 2683; x_wconf 93' lang='lat' dir='ltr'><strong>qno</strong></span> <span class='ocrx_word' id='word_1_377' title='bbox 196 2610 261 2666; x_wconf 87' lang='lat' dir='ltr'><strong>dicit</strong></span> <span class='ocrx_word' id='word_1_378' title='bbox 274 2609 421 2680; x_wconf 79' lang='lat' dir='ltr'><strong>Apostolus</strong></span> <span class='ocrx_word' id='word_1_379' title='bbox 437 2627 443 2663; x_wconf 94' lang='lat'>:</span> <span class='ocrx_word' id='word_1_380' title='bbox 462 2609 567 2665; x_wconf 78' lang='lat' dir='ltr'><strong>Christi</strong></span> <span class='ocrx_word' id='word_1_381' title='bbox 581 2609 668 2664; x_wconf 85' lang='lat' dir='ltr'><strong>bonas</strong></span> <span class='ocrx_word' id='word_1_382' title='bbox 684 2608 751 2665; x_wconf 87' lang='lat' dir='ltr'><strong>odor</strong></span> <span class='ocrx_word' id='word_1_383' title='bbox 764 2625 862 2664; x_wconf 85' lang='lat' dir='ltr'><strong>somus</strong></span> <span class='ocrx_word' id='word_1_384' title='bbox 872 2611 925 2665; x_wconf 87' lang='lat' dir='ltr'><strong>Deo</strong></span> <span class='ocrx_word' id='word_1_385' title='bbox 975 2627 1021 2666; x_wconf 86' lang='lat' dir='ltr'><strong>aas</strong></span> <span class='ocrx_word' id='word_1_386' title='bbox 1036 2610 1068 2665; x_wconf 88' lang='lat' dir='ltr'><strong>de</strong></span> <span class='ocrx_word' id='word_1_387' title='bbox 1084 2611 1212 2666; x_wconf 75' lang='lat' dir='ltr'><strong>ornnibus</strong></span> <span class='ocrx_word' id='word_1_388' title='bbox 1228 2609 1253 2681; x_wconf 91' lang='lat' dir='ltr'><strong>(t</strong></span> <span class='ocrx_word' id='word_1_389' title='bbox 1266 2611 1345 2665; x_wconf 84' lang='lat' dir='ltr'><strong>toan.</strong></span> <span class='ocrx_word' id='word_1_390' title='bbox 1363 2610 1413 2679; x_wconf 86' lang='lat' dir='ltr'><strong>n);</strong></span> <span class='ocrx_word' id='word_1_391' title='bbox 1430 2619 1493 2664; x_wconf 90' lang='lat' dir='ltr'><strong>ante</strong></span> <span class='ocrx_word' id='word_1_392' title='bbox 1508 2618 1534 2664; x_wconf 89' lang='lat' dir='ltr'><strong>et</strong></span> <span class='ocrx_word' id='word_1_393' title='bbox 1553 2616 1629 2664; x_wconf 91' lang='lat' dir='ltr'><strong>retro</strong></span> <span class='ocrx_word' id='word_1_394' title='bbox 1651 2610 1772 2664; x_wconf 89' lang='lat' dir='ltr'><strong>munitus</strong></span> 
     </span>
     <span class='ocr_line' id='line_1_28' title="bbox 125 2696 1772 2770; baseline 0 -16"><span class='ocrx_word' id='word_1_395' title='bbox 125 2700 157 2754; x_wconf 86' lang='lat' dir='ltr'><strong>in</strong></span> <span class='ocrx_word' id='word_1_396' title='bbox 172 2700 250 2756; x_wconf 76' lang='lat' dir='ltr'><strong>aerini</strong></span> <span class='ocrx_word' id='word_1_397' title='bbox 267 2701 323 2755; x_wconf 88' lang='lat' dir='ltr'><strong>loco</strong></span> <span class='ocrx_word' id='word_1_398' title='bbox 339 2699 377 2770; x_wconf 83' lang='lat' dir='ltr'><strong>(ll</strong></span> <span class='ocrx_word' id='word_1_399' title='bbox 391 2698 451 2754; x_wconf 86' lang='lat' dir='ltr'><strong>Cor.</strong></span> <span class='ocrx_word' id='word_1_400' title='bbox 469 2699 509 2768; x_wconf 86' lang='grc' dir='ltr'>ιι).</span> <span class='ocrx_word' id='word_1_401' title='bbox 526 2699 603 2752; x_wconf 86' lang='lat' dir='ltr'><strong>Etut</strong></span> <span class='ocrx_word' id='word_1_402' title='bbox 627 2696 780 2752; x_wconf 88' lang='lat' dir='ltr'><strong>meminerit</strong></span> <span class='ocrx_word' id='word_1_403' title='bbox 802 2713 832 2753; x_wconf 89' lang='lat' dir='ltr'><strong>se</strong></span> <span class='ocrx_word' id='word_1_404' title='bbox 848 2698 925 2766; x_wconf 86' lang='lat' dir='ltr'><strong>jnxta</strong></span> <span class='ocrx_word' id='word_1_405' title='bbox 975 2708 1069 2755; x_wconf 88' lang='lat' dir='ltr'><strong>contra</strong></span> <span class='ocrx_word' id='word_1_406' title='bbox 1102 2697 1200 2764; x_wconf 87' lang='lat' dir='ltr'><strong>omnia,</strong></span> <span class='ocrx_word' id='word_1_407' title='bbox 1234 2713 1365 2768; x_wconf 88' lang='lat' dir='ltr'><strong>prospera</strong></span> <span class='ocrx_word' id='word_1_408' title='bbox 1398 2697 1455 2753; x_wconf 85' lang='lat' dir='ltr'><strong>sive</strong></span> <span class='ocrx_word' id='word_1_409' title='bbox 1489 2697 1616 2762; x_wconf 77' lang='lat' dir='ltr'><strong>adversa,</strong></span> <span class='ocrx_word' id='word_1_410' title='bbox 1652 2698 1688 2753; x_wconf 92' lang='lat' dir='ltr'><strong>sit</strong></span> <span class='ocrx_word' id='word_1_411' title='bbox 1719 2698 1772 2754; x_wconf 87' lang='lat' dir='ltr'><strong>cir-</strong></span> 
     </span>
     <span class='ocr_line' id='line_1_29' title="bbox 125 2773 1772 2858; baseline -0.002 -14"><span class='ocrx_word' id='word_1_412' title='bbox 125 2788 280 2858; x_wconf 84' lang='lat' dir='ltr'><strong>exemplum</strong></span> <span class='ocrx_word' id='word_1_413' title='bbox 296 2786 367 2842; x_wconf 89' lang='lat' dir='ltr'><strong>beati</strong></span> <span class='ocrx_word' id='word_1_414' title='bbox 381 2787 442 2854; x_wconf 88' lang='lat' dir='ltr'><strong>tob,</strong></span> <span class='ocrx_word' id='word_1_415' title='bbox 458 2787 544 2842; x_wconf 89' lang='lat' dir='ltr'><strong>donec</strong></span> <span class='ocrx_word' id='word_1_416' title='bbox 559 2793 684 2856; x_wconf 88' lang='lat' dir='ltr'><strong>superest</strong></span> <span class='ocrx_word' id='word_1_417' title='bbox 699 2786 798 2840; x_wconf 88' lang='lat' dir='ltr'><strong>halitus</strong></span> <span class='ocrx_word' id='word_1_418' title='bbox 812 2786 839 2840; x_wconf 92' lang='lat' dir='ltr'><strong>in</strong></span> <span class='ocrx_word' id='word_1_419' title='bbox 850 2802 883 2841; x_wconf 90' lang='lat' dir='ltr'><strong>eo</strong></span> <span class='ocrx_word' id='word_1_420' title='bbox 898 2793 925 2842; x_wconf 93' lang='lat' dir='ltr'><strong>et</strong></span> <span class='ocrx_word' id='word_1_421' title='bbox 974 2773 1157 2858; x_wconf 82' lang='lat' dir='ltr'><strong>conspectus.</strong></span> <span class='ocrx_word' id='word_1_422' title='bbox 1183 2786 1363 2841; x_wconf 72' lang='lat' dir='ltr'><strong>abrenuntiat</strong></span> <span class='ocrx_word' id='word_1_423' title='bbox 1386 2795 1476 2840; x_wconf 86' lang='lat' dir='ltr'><strong>autem</strong></span> <span class='ocrx_word' id='word_1_424' title='bbox 1502 2786 1682 2856; x_wconf 88' lang='lat' dir='ltr'><strong>baptizandus</strong></span> <span class='ocrx_word' id='word_1_425' title='bbox 1712 2787 1772 2842; x_wconf 91' lang='lat' dir='ltr'><strong>dia-</strong></span> 
     </span>
     <span class='ocr_line' id='line_1_30' title="bbox 125 2873 1771 2947; baseline 0 -17"><span class='ocrx_word' id='word_1_426' title='bbox 125 2875 236 2947; x_wconf 89' lang='lat' dir='ltr'><strong>spiritus</strong></span> <span class='ocrx_word' id='word_1_427' title='bbox 246 2874 297 2930; x_wconf 90' lang='lat' dir='ltr'><strong>Dei</strong></span> <span class='ocrx_word' id='word_1_428' title='bbox 311 2874 341 2929; x_wconf 93' lang='lat' dir='ltr'><strong>in</strong></span> <span class='ocrx_word' id='word_1_429' title='bbox 355 2874 469 2929; x_wconf 90' lang='lat' dir='ltr'><strong>naribus</strong></span> <span class='ocrx_word' id='word_1_430' title='bbox 484 2874 552 2943; x_wconf 91' lang='lat' dir='ltr'><strong>ejus,</strong></span> <span class='ocrx_word' id='word_1_431' title='bbox 578 2889 632 2929; x_wconf 90' lang='lat' dir='ltr'><strong>non</strong></span> <span class='ocrx_word' id='word_1_432' title='bbox 656 2873 731 2944; x_wconf 90' lang='lat' dir='ltr'><strong>loqui</strong></span> <span class='ocrx_word' id='word_1_433' title='bbox 755 2873 924 2944; x_wconf 89' lang='lat' dir='ltr'><strong>iniquitatem</strong></span> <span class='ocrx_word' id='word_1_434' title='bbox 975 2875 1047 2941; x_wconf 94' lang='lat' dir='ltr'><strong>bolo,</strong></span> <span class='ocrx_word' id='word_1_435' title='bbox 1065 2875 1157 2940; x_wconf 89' lang='lat' dir='ltr'><strong>idest,</strong></span> <span class='ocrx_word' id='word_1_436' title='bbox 1173 2874 1283 2940; x_wconf 89' lang='lat' dir='ltr'><strong>resistit,</strong></span> <span class='ocrx_word' id='word_1_437' title='bbox 1309 2874 1377 2930; x_wconf 89' lang='lat' dir='ltr'><strong>sieut</strong></span> <span class='ocrx_word' id='word_1_438' title='bbox 1397 2874 1472 2943; x_wconf 87' lang='lat' dir='ltr'><strong>jubet</strong></span> <span class='ocrx_word' id='word_1_439' title='bbox 1498 2874 1593 2931; x_wconf 88' lang='lat' dir='ltr'><strong>Petrus</strong></span> <span class='ocrx_word' id='word_1_440' title='bbox 1620 2875 1771 2945; x_wconf 81' lang='lat' dir='ltr'><strong>apostolus,</strong></span> 
     </span>
     <span class='ocr_line' id='line_1_31' title="bbox 124 2961 1771 3034; baseline 0 -17"><span class='ocrx_word' id='word_1_441' title='bbox 124 2962 212 3030; x_wconf 89' lang='lat' dir='ltr'><strong>labiis,</strong></span> <span class='ocrx_word' id='word_1_442' title='bbox 230 2977 282 3018; x_wconf 89' lang='lat' dir='ltr'><strong>nec</strong></span> <span class='ocrx_word' id='word_1_443' title='bbox 296 2961 391 3033; x_wconf 85' lang='lat' dir='ltr'><strong>lingua</strong></span> <span class='ocrx_word' id='word_1_444' title='bbox 405 2961 579 3017; x_wconf 85' lang='lat' dir='ltr'><strong>mendacium</strong></span> <span class='ocrx_word' id='word_1_445' title='bbox 596 2961 722 3016; x_wconf 90' lang='lat' dir='ltr'><strong>meditari</strong></span> <span class='ocrx_word' id='word_1_446' title='bbox 737 2961 849 3017; x_wconf 90' lang='lat' dir='ltr'><strong>debere.</strong></span> <span class='ocrx_word' id='word_1_447' title='bbox 858 2963 923 3017; x_wconf 88' lang='lat' dir='ltr'><strong>Por·</strong></span> <span class='ocrx_word' id='word_1_448' title='bbox 974 2964 1069 3019; x_wconf 87' lang='lat' dir='ltr'><strong>dicens</strong></span> <span class='ocrx_word' id='word_1_449' title='bbox 1079 2981 1086 3016; x_wconf 93' lang='lat'>:</span> <span class='ocrx_word' id='word_1_450' title='bbox 1098 2963 1351 3027; x_wconf 74' lang='lat' dir='ltr'><strong>desistiteriiaboto,</strong></span> <span class='ocrx_word' id='word_1_451' title='bbox 1362 2964 1389 3018; x_wconf 87' lang='lat' dir='ltr'><strong>ei</strong></span> <span class='ocrx_word' id='word_1_452' title='bbox 1399 2963 1516 3034; x_wconf 85' lang='lat' dir='ltr'><strong>fapieto</strong></span> <span class='ocrx_word' id='word_1_453' title='bbox 1527 2963 1721 3034; x_wconf 70' lang='lat' dir='ltr'><strong>roteneco.</strong></span> <span class='ocrx_word' id='word_1_454' title='bbox 1731 2963 1771 3033; x_wconf 84' lang='lat' dir='ltr'><strong>v).</strong></span> 
     </span>
     <span class='ocr_line' id='line_1_32' title="bbox 124 3049 1773 3123; baseline 0.001 -17"><span class='ocrx_word' id='word_1_455' title='bbox 124 3066 155 3107; x_wconf 92' lang='lat' dir='ltr'><strong>ro</strong></span> <span class='ocrx_word' id='word_1_456' title='bbox 169 3066 220 3122; x_wconf 89' lang='lat' dir='ltr'><strong>per</strong></span> <span class='ocrx_word' id='word_1_457' title='bbox 236 3058 334 3106; x_wconf 87' lang='lat' dir='ltr'><strong>tactum</strong></span> <span class='ocrx_word' id='word_1_458' title='bbox 349 3049 464 3117; x_wconf 80' lang='lat' dir='ltr'><strong>auriirm,</strong></span> <span class='ocrx_word' id='word_1_459' title='bbox 481 3057 510 3104; x_wconf 93' lang='lat' dir='ltr'><strong>ut</strong></span> <span class='ocrx_word' id='word_1_460' title='bbox 525 3049 622 3105; x_wconf 86' lang='lat' dir='ltr'><strong>relicto</strong></span> <span class='ocrx_word' id='word_1_461' title='bbox 636 3049 730 3103; x_wconf 92' lang='lat' dir='ltr'><strong>auditu</strong></span> <span class='ocrx_word' id='word_1_462' title='bbox 754 3049 853 3122; x_wconf 88' lang='lat' dir='ltr'><strong>linguae</strong></span> <span class='ocrx_word' id='word_1_463' title='bbox 874 3067 922 3106; x_wconf 90' lang='lat' dir='ltr'><strong>ne·</strong></span> <span class='ocrx_word' id='word_1_464' title='bbox 975 3052 1153 3108; x_wconf 83' lang='lat' dir='ltr'><strong>dbrcnuntiat</strong></span> <span class='ocrx_word' id='word_1_465' title='bbox 1169 3051 1288 3122; x_wconf 89' lang='lat' dir='ltr'><strong>quidem,</strong></span> <span class='ocrx_word' id='word_1_466' title='bbox 1306 3051 1399 3115; x_wconf 92' lang='lat' dir='ltr'><strong>idest,</strong></span> <span class='ocrx_word' id='word_1_467' title='bbox 1416 3050 1551 3123; x_wconf 85' lang='lat' dir='ltr'><strong>repudiat,</strong></span> <span class='ocrx_word' id='word_1_468' title='bbox 1573 3051 1687 3122; x_wconf 89' lang='lat' dir='ltr'><strong>spernit,</strong></span> <span class='ocrx_word' id='word_1_469' title='bbox 1706 3052 1773 3122; x_wconf 75' lang='lat' dir='ltr'><strong>reii-</strong></span> 
     </span>
    </p>
   </div>
   <div class='ocr_carea' id='block_1_3' title="bbox 120 3106 1773 3656">
    <p class='ocr_par' dir='ltr' id='par_1_4' title="bbox 120 3106 1773 3656">
     <span class='ocr_line' id='line_1_33' title="bbox 124 3106 1773 3213; baseline 0.001 -19"><span class='ocrx_word' id='word_1_470' title='bbox 124 3155 216 3211; x_wconf 89' lang='lat' dir='ltr'><strong>quam,</strong></span> <span class='ocrx_word' id='word_1_471' title='bbox 241 3139 332 3193; x_wconf 88' lang='lat' dir='ltr'><strong>audiat</strong></span> <span class='ocrx_word' id='word_1_472' title='bbox 350 3139 433 3194; x_wconf 89' lang='lat' dir='ltr'><strong>verba</strong></span> <span class='ocrx_word' id='word_1_473' title='bbox 467 3137 575 3205; x_wconf 90' lang='lat' dir='ltr'><strong>Christi,</strong></span> <span class='ocrx_word' id='word_1_474' title='bbox 599 3144 624 3193; x_wconf 91' lang='lat' dir='ltr'><strong>et</strong></span> <span class='ocrx_word' id='word_1_475' title='bbox 648 3136 731 3193; x_wconf 83' lang='lat' dir='ltr'><strong>iaciat</strong></span> <span class='ocrx_word' id='word_1_476' title='bbox 755 3153 801 3192; x_wconf 88' lang='lat' dir='ltr'><strong>ea:</strong></span> <span class='ocrx_word' id='word_1_477' title='bbox 826 3106 958 3193; x_wconf 80' lang='lat' dir='ltr'><strong>similisC</strong></span> <span class='ocrx_word' id='word_1_478' title='bbox 972 3140 1018 3206; x_wconf 90' lang='lat' dir='ltr'><strong>cit,</strong></span> <span class='ocrx_word' id='word_1_479' title='bbox 1032 3139 1200 3206; x_wconf 87' lang='lat' dir='ltr'><strong>contradicit,</strong></span> <span class='ocrx_word' id='word_1_480' title='bbox 1217 3139 1346 3210; x_wconf 85' lang='lat' dir='ltr'><strong>abnegat,</strong></span> <span class='ocrx_word' id='word_1_481' title='bbox 1363 3139 1499 3210; x_wconf 84' lang='lat' dir='ltr'><strong>relinquit,</strong></span> <span class='ocrx_word' id='word_1_482' title='bbox 1523 3140 1581 3194; x_wconf 85' lang='lat' dir='ltr'><strong>sive</strong></span> <span class='ocrx_word' id='word_1_483' title='bbox 1604 3139 1678 3195; x_wconf 91' lang='lat' dir='ltr'><strong>aliud</strong></span> <span class='ocrx_word' id='word_1_484' title='bbox 1707 3140 1773 3213; x_wconf 80' lang='lat' dir='ltr'><strong>‘quid</strong></span> 
     </span>
     <span class='ocr_line' id='line_1_34' title="bbox 124 3225 1772 3300; baseline 0 -16"><span class='ocrx_word' id='word_1_485' title='bbox 124 3244 191 3284; x_wconf 88' lang='lat' dir='ltr'><strong>vero</strong></span> <span class='ocrx_word' id='word_1_486' title='bbox 216 3227 352 3299; x_wconf 90' lang='lat' dir='ltr'><strong>prudenti,</strong></span> <span class='ocrx_word' id='word_1_487' title='bbox 377 3227 422 3298; x_wconf 91' lang='lat' dir='ltr'><strong>qui</strong></span> <span class='ocrx_word' id='word_1_488' title='bbox 446 3225 591 3282; x_wconf 80' lang='lat' dir='ltr'><strong>aedificarit</strong></span> <span class='ocrx_word' id='word_1_489' title='bbox 607 3228 718 3281; x_wconf 71' lang='lat' dir='ltr'><strong>donnum</strong></span> <span class='ocrx_word' id='word_1_490' title='bbox 740 3243 817 3281; x_wconf 91' lang='lat' dir='ltr'><strong>suam</strong></span> <span class='ocrx_word' id='word_1_491' title='bbox 839 3242 922 3297; x_wconf 90' lang='lat' dir='ltr'><strong>supra</strong></span> <span class='ocrx_word' id='word_1_492' title='bbox 972 3228 1045 3300; x_wconf 91' lang='lat' dir='ltr'><strong>quod</strong></span> <span class='ocrx_word' id='word_1_493' title='bbox 1060 3230 1113 3284; x_wconf 90' lang='lat' dir='ltr'><strong>hoc</strong></span> <span class='ocrx_word' id='word_1_494' title='bbox 1127 3228 1211 3283; x_wconf 75' lang='lat' dir='ltr'><strong>serbo</strong></span> <span class='ocrx_word' id='word_1_495' title='bbox 1226 3227 1253 3282; x_wconf 94' lang='lat' dir='ltr'><strong>in</strong></span> <span class='ocrx_word' id='word_1_496' title='bbox 1267 3228 1319 3283; x_wconf 90' lang='lat' dir='ltr'><strong>hoe</strong></span> <span class='ocrx_word' id='word_1_497' title='bbox 1330 3244 1412 3283; x_wconf 89' lang='lat' dir='ltr'><strong>sensu</strong></span> <span class='ocrx_word' id='word_1_498' title='bbox 1429 3228 1543 3298; x_wconf 82' lang='lat' dir='ltr'><strong>exprimi</strong></span> <span class='ocrx_word' id='word_1_499' title='bbox 1553 3236 1652 3299; x_wconf 90' lang='lat' dir='ltr'><strong>potest.</strong></span> <span class='ocrx_word' id='word_1_500' title='bbox 1665 3227 1772 3297; x_wconf 87' lang='lat' dir='ltr'><strong>Quam-</strong></span> 
     </span>
     <span class='ocr_line' id='line_1_35' title="bbox 121 3315 1772 3388; baseline -0.001 -16"><span class='ocrx_word' id='word_1_501' title='bbox 121 3324 247 3388; x_wconf 86' lang='lat' dir='ltr'><strong>petrem:</strong></span> <span class='ocrx_word' id='word_1_502' title='bbox 277 3316 324 3388; x_wconf 89' lang='lat' dir='ltr'><strong>qni</strong></span> <span class='ocrx_word' id='word_1_503' title='bbox 348 3316 537 3385; x_wconf 88' lang='lat' dir='ltr'><strong>incorporatus</strong></span> <span class='ocrx_word' id='word_1_504' title='bbox 558 3315 699 3381; x_wconf 71' lang='lat' dir='ltr'><strong>Ecclesiae,</strong></span> <span class='ocrx_word' id='word_1_505' title='bbox 733 3331 793 3387; x_wconf 76' lang='lat' dir='ltr'><strong>quae</strong></span> <span class='ocrx_word' id='word_1_506' title='bbox 821 3330 921 3387; x_wconf 88' lang='lat' dir='ltr'><strong>corpus</strong></span> <span class='ocrx_word' id='word_1_507' title='bbox 971 3317 1012 3372; x_wconf 91' lang='lat' dir='ltr'><strong>vis</strong></span> <span class='ocrx_word' id='word_1_508' title='bbox 1028 3317 1101 3371; x_wconf 89' lang='lat' dir='ltr'><strong>enim</strong></span> <span class='ocrx_word' id='word_1_509' title='bbox 1122 3316 1193 3371; x_wconf 90' lang='lat' dir='ltr'><strong>illius</strong></span> <span class='ocrx_word' id='word_1_510' title='bbox 1216 3316 1294 3372; x_wconf 82' lang='lat' dir='ltr'><strong>verbi</strong></span> <span class='ocrx_word' id='word_1_511' title='bbox 1322 3316 1395 3387; x_wconf 93' lang='lat' dir='ltr'><strong>quod</strong></span> <span class='ocrx_word' id='word_1_512' title='bbox 1417 3323 1458 3370; x_wconf 88' lang='lat' dir='ltr'><strong>est</strong></span> <span class='ocrx_word' id='word_1_513' title='bbox 1483 3318 1595 3381; x_wconf 84' lang='lat' dir='ltr'><strong>nuntio,</strong></span> <span class='ocrx_word' id='word_1_514' title='bbox 1622 3333 1721 3372; x_wconf 90' lang='lat' dir='ltr'><strong>sensus</strong></span> <span class='ocrx_word' id='word_1_515' title='bbox 1744 3317 1772 3372; x_wconf 91' lang='lat' dir='ltr'><strong>in</strong></span> 
     </span>
     <span class='ocr_line' id='line_1_36' title="bbox 121 3403 1772 3477; baseline 0 -16"><span class='ocrx_word' id='word_1_516' title='bbox 121 3414 163 3462; x_wconf 90' lang='lat' dir='ltr'><strong>est</strong></span> <span class='ocrx_word' id='word_1_517' title='bbox 183 3404 293 3472; x_wconf 89' lang='lat' dir='ltr'><strong>Christi,</strong></span> <span class='ocrx_word' id='word_1_518' title='bbox 317 3404 384 3461; x_wconf 90' lang='lat' dir='ltr'><strong>dicit</strong></span> <span class='ocrx_word' id='word_1_519' title='bbox 403 3420 465 3460; x_wconf 91' lang='lat' dir='ltr'><strong>cum</strong></span> <span class='ocrx_word' id='word_1_520' title='bbox 495 3403 661 3459; x_wconf 88' lang='lat' dir='ltr'><strong>Psalmista:</strong></span> <span class='ocrx_word' id='word_1_521' title='bbox 694 3404 871 3472; x_wconf 78' lang='lat' dir='ltr'><strong>Sacrificium</strong></span> <span class='ocrx_word' id='word_1_522' title='bbox 893 3408 922 3460; x_wconf 88' lang='lat' dir='ltr'><strong>et</strong></span> <span class='ocrx_word' id='word_1_523' title='bbox 970 3414 1097 3477; x_wconf 88' lang='lat' dir='ltr'><strong>promptu</strong></span> <span class='ocrx_word' id='word_1_524' title='bbox 1109 3405 1143 3460; x_wconf 93' lang='lat' dir='ltr'><strong>sit</strong></span> <span class='ocrx_word' id='word_1_525' title='bbox 1165 3421 1226 3461; x_wconf 90' lang='lat' dir='ltr'><strong>curn</strong></span> <span class='ocrx_word' id='word_1_526' title='bbox 1248 3404 1307 3461; x_wconf 87' lang='lat' dir='ltr'><strong>sine</strong></span> <span class='ocrx_word' id='word_1_527' title='bbox 1331 3404 1525 3475; x_wconf 73' lang='lat' dir='ltr'><strong>praepositione</strong></span> <span class='ocrx_word' id='word_1_528' title='bbox 1549 3403 1772 3476; x_wconf 81' lang='lat' dir='ltr'><strong>profertur:ac-</strong></span> 
     </span>
     <span class='ocr_line' id='line_1_37' title="bbox 120 3492 1771 3567; baseline -0.002 -16"><span class='ocrx_word' id='word_1_529' title='bbox 120 3496 299 3559; x_wconf 83' lang='lat' dir='ltr'><strong>oblationem,</strong></span> <span class='ocrx_word' id='word_1_530' title='bbox 325 3501 448 3549; x_wconf 85' lang='lat' dir='ltr'><strong>ueterum</strong></span> <span class='ocrx_word' id='word_1_531' title='bbox 476 3493 579 3549; x_wconf 90' lang='lat' dir='ltr'><strong>scilieet</strong></span> <span class='ocrx_word' id='word_1_532' title='bbox 610 3492 841 3559; x_wconf 85' lang='lat' dir='ltr'><strong>caeremoniarum,</strong></span> <span class='ocrx_word' id='word_1_533' title='bbox 867 3510 920 3549; x_wconf 91' lang='lat' dir='ltr'><strong>no·</strong></span> <span class='ocrx_word' id='word_1_534' title='bbox 971 3502 1051 3567; x_wconf 89' lang='lat' dir='ltr'><strong>cepta</strong></span> <span class='ocrx_word' id='word_1_535' title='bbox 1065 3494 1257 3565; x_wconf 68' lang='lat' dir='ltr'><strong>praepositione</strong></span> <span class='ocrx_word' id='word_1_536' title='bbox 1273 3493 1435 3548; x_wconf 87' lang='lat' dir='ltr'><strong>interduma</strong></span> <span class='ocrx_word' id='word_1_537' title='bbox 1450 3509 1498 3547; x_wconf 91' lang='lat' dir='ltr'><strong>sua</strong></span> <span class='ocrx_word' id='word_1_538' title='bbox 1508 3492 1708 3566; x_wconf 85' lang='lat' dir='ltr'><strong>significatione</strong></span> <span class='ocrx_word' id='word_1_539' title='bbox 1717 3510 1771 3549; x_wconf 93' lang='lat' dir='ltr'><strong>non</strong></span> 
     </span>
     <span class='ocr_line' id='line_1_38' title="bbox 121 3581 1769 3656; baseline -0.001 -18"><span class='ocrx_word' id='word_1_540' title='bbox 121 3583 221 3639; x_wconf 83' lang='lat' dir='ltr'><strong>inisti:</strong></span> <span class='ocrx_word' id='word_1_541' title='bbox 245 3599 329 3639; x_wconf 84' lang='lat' dir='ltr'><strong>aures</strong></span> <span class='ocrx_word' id='word_1_542' title='bbox 348 3587 445 3638; x_wconf 80' lang='lat' dir='ltr'><strong>atatem</strong></span> <span class='ocrx_word' id='word_1_543' title='bbox 469 3584 618 3654; x_wconf 77' lang='lat' dir='ltr'><strong>perfecisti</strong></span> <span class='ocrx_word' id='word_1_544' title='bbox 645 3582 726 3647; x_wconf 77' lang='lat' dir='ltr'><strong>anitii,</strong></span> <span class='ocrx_word' id='word_1_545' title='bbox 745 3585 778 3636; x_wconf 87' lang='lat' dir='ltr'><strong>at</strong></span> <span class='ocrx_word' id='word_1_546' title='bbox 802 3598 920 3637; x_wconf 87' lang='lat' dir='ltr'><strong>annun·</strong></span> <span class='ocrx_word' id='word_1_547' title='bbox 970 3583 1174 3656; x_wconf 85' lang='lat' dir='ltr'><strong>longereeedit:</strong></span> <span class='ocrx_word' id='word_1_548' title='bbox 1187 3589 1261 3637; x_wconf 88' lang='lat' dir='ltr'><strong>otest</strong></span> <span class='ocrx_word' id='word_1_549' title='bbox 1272 3581 1471 3647; x_wconf 88' lang='lat' dir='ltr'><strong>illiud,nuntio</strong></span> <span class='ocrx_word' id='word_1_550' title='bbox 1480 3590 1506 3637; x_wconf 93' lang='lat' dir='ltr'><strong>et</strong></span> <span class='ocrx_word' id='word_1_551' title='bbox 1516 3581 1769 3648; x_wconf 84' lang='lat' dir='ltr'><strong>renuntio;inter-</strong></span> 
     </span>
    </p>
   </div>
   <div class='ocr_carea' id='block_1_4' title="bbox 116 3669 1771 5512">
    <p class='ocr_par' dir='ltr' id='par_1_5' title="bbox 116 3669 1771 5512">
     <span class='ocr_line' id='line_1_39' title="bbox 120 3669 1770 3741; baseline 0.001 -16"><span class='ocrx_word' id='word_1_552' title='bbox 120 3672 189 3726; x_wconf 77' lang='lat' dir='ltr'><strong>ticin</strong></span> <span class='ocrx_word' id='word_1_553' title='bbox 200 3687 296 3728; x_wconf 86' lang='lat' dir='ltr'><strong>ornnes</strong></span> <span class='ocrx_word' id='word_1_554' title='bbox 307 3671 485 3726; x_wconf 84' lang='lat' dir='ltr'><strong>laudationes</strong></span> <span class='ocrx_word' id='word_1_555' title='bbox 507 3674 572 3725; x_wconf 77' lang='lat' dir='ltr'><strong>taras</strong></span> <span class='ocrx_word' id='word_1_556' title='bbox 594 3671 625 3725; x_wconf 90' lang='lat' dir='ltr'><strong>ia</strong></span> <span class='ocrx_word' id='word_1_557' title='bbox 650 3671 740 3741; x_wconf 87' lang='lat' dir='ltr'><strong>portis</strong></span> <span class='ocrx_word' id='word_1_558' title='bbox 765 3670 832 3738; x_wconf 79' lang='lat' dir='ltr'><strong>filice</strong></span> <span class='ocrx_word' id='word_1_559' title='bbox 854 3671 921 3726; x_wconf 87' lang='lat' dir='ltr'><strong>Sion</strong></span> <span class='ocrx_word' id='word_1_560' title='bbox 971 3672 1035 3726; x_wconf 87' lang='lat' dir='ltr'><strong>dum</strong></span> <span class='ocrx_word' id='word_1_561' title='bbox 1052 3685 1118 3725; x_wconf 85' lang='lat' dir='ltr'><strong>rero</strong></span> <span class='ocrx_word' id='word_1_562' title='bbox 1133 3671 1160 3724; x_wconf 91' lang='lat' dir='ltr'><strong>in</strong></span> <span class='ocrx_word' id='word_1_563' title='bbox 1175 3670 1258 3725; x_wconf 91' lang='lat' dir='ltr'><strong>alium</strong></span> <span class='ocrx_word' id='word_1_564' title='bbox 1275 3669 1549 3740; x_wconf 83' lang='lat' dir='ltr'><strong>sensumvertitur,et</strong></span> <span class='ocrx_word' id='word_1_565' title='bbox 1564 3669 1691 3726; x_wconf 89' lang='lat' dir='ltr'><strong>estilliud</strong></span> <span class='ocrx_word' id='word_1_566' title='bbox 1705 3689 1712 3726; x_wconf 74' lang='grc' dir='ltr'>ε</span> <span class='ocrx_word' id='word_1_567' title='bbox 1726 3671 1770 3726; x_wconf 88' lang='lat' dir='ltr'><strong>Sic</strong></span> 
     </span>
     <span class='ocr_line' id='line_1_40' title="bbox 118 3759 1770 3832; baseline 0 -17"><span class='ocrx_word' id='word_1_568' title='bbox 118 3760 209 3829; x_wconf 85' lang='lat' dir='ltr'><strong>(Psoi.</strong></span> <span class='ocrx_word' id='word_1_569' title='bbox 230 3759 346 3828; x_wconf 76' lang='lat' dir='ltr'><strong>xxxix),</strong></span> <span class='ocrx_word' id='word_1_570' title='bbox 363 3766 388 3813; x_wconf 88' lang='lat' dir='ltr'><strong>ct</strong></span> <span class='ocrx_word' id='word_1_571' title='bbox 406 3774 412 3812; x_wconf 78' lang='grc' dir='ltr'>ε</span> <span class='ocrx_word' id='word_1_572' title='bbox 430 3759 462 3812; x_wconf 90' lang='lat' dir='ltr'><strong>ln</strong></span> <span class='ocrx_word' id='word_1_573' title='bbox 473 3762 604 3824; x_wconf 79' lang='lat' dir='ltr'><strong>merant,</strong></span> <span class='ocrx_word' id='word_1_574' title='bbox 618 3760 700 3820; x_wconf 86' lang='lat' dir='ltr'><strong>Dens,</strong></span> <span class='ocrx_word' id='word_1_575' title='bbox 718 3761 780 3811; x_wconf 86' lang='lat' dir='ltr'><strong>uota</strong></span> <span class='ocrx_word' id='word_1_576' title='bbox 790 3761 849 3823; x_wconf 87' lang='lat' dir='ltr'><strong>tna,</strong></span> <span class='ocrx_word' id='word_1_577' title='bbox 860 3776 921 3830; x_wconf 83' lang='lat' dir='ltr'><strong>qnoe</strong></span> <span class='ocrx_word' id='word_1_578' title='bbox 971 3776 1033 3830; x_wconf 81' lang='lat' dir='ltr'><strong>erpo</strong></span> <span class='ocrx_word' id='word_1_579' title='bbox 1048 3760 1139 3813; x_wconf 75' lang='lat' dir='ltr'><strong>oannis</strong></span> <span class='ocrx_word' id='word_1_580' title='bbox 1151 3775 1188 3814; x_wconf 81' lang='lat' dir='ltr'><strong>ex</strong></span> <span class='ocrx_word' id='word_1_581' title='bbox 1198 3759 1327 3831; x_wconf 69' lang='lat' dir='ltr'><strong>erobiaqtri</strong></span> <span class='ocrx_word' id='word_1_582' title='bbox 1337 3775 1395 3815; x_wconf 88' lang='lat' dir='ltr'><strong>non</strong></span> <span class='ocrx_word' id='word_1_583' title='bbox 1405 3761 1555 3815; x_wconf 87' lang='lat' dir='ltr'><strong>reanntiat</strong></span> <span class='ocrx_word' id='word_1_584' title='bbox 1569 3760 1699 3815; x_wconf 83' lang='lat' dir='ltr'><strong>omnibus</strong></span> <span class='ocrx_word' id='word_1_585' title='bbox 1710 3776 1770 3832; x_wconf 86' lang='lat' dir='ltr'><strong>pooe</strong></span> 
     </span>
     <span class='ocr_line' id='line_1_41' title="bbox 119 3844 1769 3920; baseline 0 -19"><span class='ocrx_word' id='word_1_586' title='bbox 119 3848 235 3902; x_wconf 80' lang='lat' dir='ltr'><strong>reddant</strong></span> <span class='ocrx_word' id='word_1_587' title='bbox 255 3845 432 3901; x_wconf 81' lang='lat' dir='ltr'><strong>laudationes</strong></span> <span class='ocrx_word' id='word_1_588' title='bbox 444 3845 495 3899; x_wconf 88' lang='lat' dir='ltr'><strong>tihi</strong></span> <span class='ocrx_word' id='word_1_589' title='bbox 510 3846 597 3914; x_wconf 81' lang='lat' dir='ltr'><strong>(Psoi.</strong></span> <span class='ocrx_word' id='word_1_590' title='bbox 611 3844 667 3914; x_wconf 83' lang='lat' dir='ltr'><strong>cr).</strong></span> <span class='ocrx_word' id='word_1_591' title='bbox 679 3844 805 3914; x_wconf 85' lang='lat' dir='ltr'><strong>Legimus</strong></span> <span class='ocrx_word' id='word_1_592' title='bbox 813 3861 921 3917; x_wconf 89' lang='lat' dir='ltr'><strong>quoque</strong></span> <span class='ocrx_word' id='word_1_593' title='bbox 968 3848 1103 3920; x_wconf 84' lang='lat' dir='ltr'><strong>possidet,</strong></span> <span class='ocrx_word' id='word_1_594' title='bbox 1120 3864 1177 3903; x_wconf 88' lang='lat' dir='ltr'><strong>noa</strong></span> <span class='ocrx_word' id='word_1_595' title='bbox 1185 3851 1277 3919; x_wconf 87' lang='lat' dir='ltr'><strong>potest</strong></span> <span class='ocrx_word' id='word_1_596' title='bbox 1286 3864 1365 3902; x_wconf 80' lang='lat' dir='ltr'><strong>nicus</strong></span> <span class='ocrx_word' id='word_1_597' title='bbox 1376 3864 1434 3903; x_wconf 85' lang='lat' dir='ltr'><strong>csse</strong></span> <span class='ocrx_word' id='word_1_598' title='bbox 1443 3848 1599 3919; x_wconf 78' lang='lat' dir='ltr'><strong>dissipatas</strong></span> <span class='ocrx_word' id='word_1_599' title='bbox 1609 3848 1687 3917; x_wconf 84' lang='lat' dir='ltr'><strong>(an.</strong></span> <span class='ocrx_word' id='word_1_600' title='bbox 1698 3847 1769 3911; x_wconf 73' lang='grc' dir='ltr'>ιιι).</span> 
     </span>
     <span class='ocr_line' id='line_1_42' title="bbox 119 3932 1770 4008; baseline 0.001 -19"><span class='ocrx_word' id='word_1_601' title='bbox 119 3935 148 3989; x_wconf 94' lang='lat' dir='ltr'><strong>in</strong></span> <span class='ocrx_word' id='word_1_602' title='bbox 169 3932 333 4005; x_wconf 87' lang='lat' dir='ltr'><strong>quibusdam</strong></span> <span class='ocrx_word' id='word_1_603' title='bbox 358 3932 516 4004; x_wconf 80' lang='lat' dir='ltr'><strong>regionibus</strong></span> <span class='ocrx_word' id='word_1_604' title='bbox 544 3949 605 3987; x_wconf 88' lang='lat' dir='ltr'><strong>esse</strong></span> <span class='ocrx_word' id='word_1_605' title='bbox 634 3932 867 4002; x_wconf 86' lang='lat' dir='ltr'><strong>consuetudinem,</strong></span> <span class='ocrx_word' id='word_1_606' title='bbox 893 3941 922 3989; x_wconf 92' lang='lat' dir='ltr'><strong>ut</strong></span> <span class='ocrx_word' id='word_1_607' title='bbox 971 3933 1059 4002; x_wconf 88' lang='lat' dir='ltr'><strong>Quam</strong></span> <span class='ocrx_word' id='word_1_608' title='bbox 1081 3935 1242 3990; x_wconf 86' lang='lat' dir='ltr'><strong>sententium</strong></span> <span class='ocrx_word' id='word_1_609' title='bbox 1277 3935 1373 3990; x_wconf 87' lang='lat' dir='ltr'><strong>beatus</strong></span> <span class='ocrx_word' id='word_1_610' title='bbox 1404 3935 1552 4008; x_wconf 85' lang='lat' dir='ltr'><strong>Gregorius</strong></span> <span class='ocrx_word' id='word_1_611' title='bbox 1580 3950 1721 4006; x_wconf 84' lang='lat' dir='ltr'><strong>exponens</strong></span> <span class='ocrx_word' id='word_1_612' title='bbox 1742 3935 1770 3990; x_wconf 91' lang='lat' dir='ltr'><strong>in</strong></span> 
     </span>
     <span class='ocr_line' id='line_1_43' title="bbox 120 4020 1771 4097; baseline 0.001 -19"><span class='ocrx_word' id='word_1_613' title='bbox 120 4022 201 4078; x_wconf 89' lang='lat' dir='ltr'><strong>etiem</strong></span> <span class='ocrx_word' id='word_1_614' title='bbox 215 4021 285 4076; x_wconf 86' lang='lat' dir='ltr'><strong>labia</strong></span> <span class='ocrx_word' id='word_1_615' title='bbox 300 4021 480 4076; x_wconf 89' lang='lat' dir='ltr'><strong>consecrandi</strong></span> <span class='ocrx_word' id='word_1_616' title='bbox 495 4021 529 4075; x_wconf 93' lang='lat' dir='ltr'><strong>de</strong></span> <span class='ocrx_word' id='word_1_617' title='bbox 543 4020 792 4081; x_wconf 87' lang='lat' dir='ltr'><strong>salivasacerdotis</strong></span> <span class='ocrx_word' id='word_1_618' title='bbox 803 4028 920 4094; x_wconf 83' lang='lat' dir='ltr'><strong>langon·</strong></span> <span class='ocrx_word' id='word_1_619' title='bbox 970 4024 1082 4079; x_wconf 89' lang='lat' dir='ltr'><strong>homilia</strong></span> <span class='ocrx_word' id='word_1_620' title='bbox 1096 4023 1250 4096; x_wconf 86' lang='lat' dir='ltr'><strong>Evangelii,</strong></span> <span class='ocrx_word' id='word_1_621' title='bbox 1267 4024 1423 4079; x_wconf 90' lang='lat' dir='ltr'><strong>renuntiare</strong></span> <span class='ocrx_word' id='word_1_622' title='bbox 1432 4025 1583 4097; x_wconf 88' lang='lat' dir='ltr'><strong>abnegare,</strong></span> <span class='ocrx_word' id='word_1_623' title='bbox 1599 4023 1716 4096; x_wconf 86' lang='lat' dir='ltr'><strong>intelligi</strong></span> <span class='ocrx_word' id='word_1_624' title='bbox 1726 4025 1771 4080; x_wconf 90' lang='lat' dir='ltr'><strong>de·</strong></span> 
     </span>
     <span class='ocr_line' id='line_1_44' title="bbox 120 4108 1770 4183; baseline 0.001 -18"><span class='ocrx_word' id='word_1_625' title='bbox 120 4117 171 4177; x_wconf 89' lang='lat' dir='ltr'><strong>tur,</strong></span> <span class='ocrx_word' id='word_1_626' title='bbox 189 4108 350 4164; x_wconf 87' lang='lat' dir='ltr'><strong>auctoritato</strong></span> <span class='ocrx_word' id='word_1_627' title='bbox 364 4108 436 4164; x_wconf 91' lang='lat' dir='ltr'><strong>sacri</strong></span> <span class='ocrx_word' id='word_1_628' title='bbox 451 4108 592 4182; x_wconf 79' lang='lat' dir='ltr'><strong>Evangelii</strong></span> <span class='ocrx_word' id='word_1_629' title='bbox 610 4127 616 4163; x_wconf 91' lang='lat'>:</span> <span class='ocrx_word' id='word_1_630' title='bbox 632 4109 695 4180; x_wconf 86' lang='lat' dir='ltr'><strong>quia</strong></span> <span class='ocrx_word' id='word_1_631' title='bbox 710 4116 852 4178; x_wconf 87' lang='lat' dir='ltr'><strong>postquam</strong></span> <span class='ocrx_word' id='word_1_632' title='bbox 863 4111 920 4166; x_wconf 89' lang='lat' dir='ltr'><strong>Do·</strong></span> <span class='ocrx_word' id='word_1_633' title='bbox 970 4111 1043 4181; x_wconf 83' lang='lat' dir='ltr'><strong>bere,</strong></span> <span class='ocrx_word' id='word_1_634' title='bbox 1062 4112 1322 4183; x_wconf 82' lang='lat' dir='ltr'><strong>ostenditbenique</strong></span> <span class='ocrx_word' id='word_1_635' title='bbox 1334 4112 1511 4183; x_wconf 86' lang='lat' dir='ltr'><strong>baptizandus</strong></span> <span class='ocrx_word' id='word_1_636' title='bbox 1520 4113 1770 4183; x_wconf 85' lang='lat' dir='ltr'><strong>postabrenuntis-</strong></span> 
     </span>
     <span class='ocr_line' id='line_1_45' title="bbox 119 4197 1771 4274; baseline 0.002 -20"><span class='ocrx_word' id='word_1_637' title='bbox 119 4200 208 4254; x_wconf 86' lang='lat' dir='ltr'><strong>minus</strong></span> <span class='ocrx_word' id='word_1_638' title='bbox 232 4198 260 4252; x_wconf 92' lang='lat' dir='ltr'><strong>in</strong></span> <span class='ocrx_word' id='word_1_639' title='bbox 283 4213 363 4253; x_wconf 87' lang='lat' dir='ltr'><strong>eures</strong></span> <span class='ocrx_word' id='word_1_640' title='bbox 385 4197 460 4252; x_wconf 89' lang='lat' dir='ltr'><strong>surdi</strong></span> <span class='ocrx_word' id='word_1_641' title='bbox 490 4206 516 4253; x_wconf 90' lang='lat' dir='ltr'><strong>et</strong></span> <span class='ocrx_word' id='word_1_642' title='bbox 533 4199 601 4252; x_wconf 89' lang='lat' dir='ltr'><strong>muti</strong></span> <span class='ocrx_word' id='word_1_643' title='bbox 623 4198 696 4252; x_wconf 83' lang='lat' dir='ltr'><strong>misit</strong></span> <span class='ocrx_word' id='word_1_644' title='bbox 719 4197 820 4270; x_wconf 90' lang='lat' dir='ltr'><strong>digitos</strong></span> <span class='ocrx_word' id='word_1_645' title='bbox 844 4215 919 4270; x_wconf 89' lang='lat' dir='ltr'><strong>suos,</strong></span> <span class='ocrx_word' id='word_1_646' title='bbox 970 4201 1071 4256; x_wconf 88' lang='lat' dir='ltr'><strong>tionem</strong></span> <span class='ocrx_word' id='word_1_647' title='bbox 1086 4203 1202 4270; x_wconf 67' lang='lat' dir='ltr'><strong>Satanae,</strong></span> <span class='ocrx_word' id='word_1_648' title='bbox 1219 4202 1402 4274; x_wconf 82' lang='lat' dir='ltr'><strong>inlerrogatur</strong></span> <span class='ocrx_word' id='word_1_649' title='bbox 1419 4201 1443 4256; x_wconf 91' lang='lat' dir='ltr'><strong>si</strong></span> <span class='ocrx_word' id='word_1_650' title='bbox 1454 4201 1623 4256; x_wconf 89' lang='lat' dir='ltr'><strong>abrenuntiet</strong></span> <span class='ocrx_word' id='word_1_651' title='bbox 1642 4202 1771 4257; x_wconf 88' lang='lat' dir='ltr'><strong>omnibus</strong></span> 
     </span>
     <span class='ocr_line' id='line_1_46' title="bbox 120 4285 1771 4361; baseline 0.001 -17"><span class='ocrx_word' id='word_1_652' title='bbox 120 4295 201 4358; x_wconf 88' lang='lat' dir='ltr'><strong>sputo</strong></span> <span class='ocrx_word' id='word_1_653' title='bbox 222 4286 445 4360; x_wconf 88' lang='lat' dir='ltr'><strong>tetigitlinguam</strong></span> <span class='ocrx_word' id='word_1_654' title='bbox 466 4285 548 4353; x_wconf 90' lang='lat' dir='ltr'><strong>illius,</strong></span> <span class='ocrx_word' id='word_1_655' title='bbox 582 4294 609 4341; x_wconf 90' lang='lat' dir='ltr'><strong>et</strong></span> <span class='ocrx_word' id='word_1_656' title='bbox 629 4286 790 4341; x_wconf 92' lang='lat' dir='ltr'><strong>subintulit:</strong></span> <span class='ocrx_word' id='word_1_657' title='bbox 820 4287 920 4358; x_wconf 80' lang='lat' dir='ltr'><strong>Effeto,</strong></span> <span class='ocrx_word' id='word_1_658' title='bbox 969 4290 1096 4360; x_wconf 87' lang='lat' dir='ltr'><strong>operibus</strong></span> <span class='ocrx_word' id='word_1_659' title='bbox 1111 4290 1180 4360; x_wconf 90' lang='lat' dir='ltr'><strong>ejus.</strong></span> <span class='ocrx_word' id='word_1_660' title='bbox 1198 4290 1265 4359; x_wconf 86' lang='lat' dir='ltr'><strong>Quae</strong></span> <span class='ocrx_word' id='word_1_661' title='bbox 1281 4299 1342 4343; x_wconf 90' lang='lat' dir='ltr'><strong>sunt</strong></span> <span class='ocrx_word' id='word_1_662' title='bbox 1358 4298 1449 4345; x_wconf 87' lang='lat' dir='ltr'><strong>autem</strong></span> <span class='ocrx_word' id='word_1_663' title='bbox 1464 4306 1545 4361; x_wconf 87' lang='lat' dir='ltr'><strong>opere</strong></span> <span class='ocrx_word' id='word_1_664' title='bbox 1561 4290 1676 4357; x_wconf 83' lang='lat' dir='ltr'><strong>Satanae,</strong></span> <span class='ocrx_word' id='word_1_665' title='bbox 1700 4289 1771 4346; x_wconf 84' lang='lat' dir='ltr'><strong>diri-</strong></span> 
     </span>
     <span class='ocr_line' id='line_1_47' title="bbox 120 4374 1768 4450; baseline 0.002 -20"><span class='ocrx_word' id='word_1_666' title='bbox 120 4376 191 4448; x_wconf 85' lang='lat' dir='ltr'><strong>quod</strong></span> <span class='ocrx_word' id='word_1_667' title='bbox 216 4379 258 4432; x_wconf 87' lang='lat' dir='ltr'><strong>cst</strong></span> <span class='ocrx_word' id='word_1_668' title='bbox 281 4375 440 4448; x_wconf 83' lang='lat' dir='ltr'><strong>adoperire.</strong></span> <span class='ocrx_word' id='word_1_669' title='bbox 467 4374 502 4429; x_wconf 86' lang='lat' dir='ltr'><strong>Et</strong></span> <span class='ocrx_word' id='word_1_670' title='bbox 526 4374 616 4429; x_wconf 86' lang='lat' dir='ltr'><strong>stetim</strong></span> <span class='ocrx_word' id='word_1_671' title='bbox 634 4382 736 4446; x_wconf 71' lang='lat' dir='ltr'><strong>apertae</strong></span> <span class='ocrx_word' id='word_1_672' title='bbox 754 4382 816 4429; x_wconf 89' lang='lat' dir='ltr'><strong>sunt</strong></span> <span class='ocrx_word' id='word_1_673' title='bbox 840 4391 920 4432; x_wconf 87' lang='lat' dir='ltr'><strong>aures</strong></span> <span class='ocrx_word' id='word_1_674' title='bbox 969 4394 1021 4433; x_wconf 92' lang='lat' dir='ltr'><strong>nus</strong></span> <span class='ocrx_word' id='word_1_675' title='bbox 1041 4378 1183 4450; x_wconf 86' lang='lat' dir='ltr'><strong>apostolus</strong></span> <span class='ocrx_word' id='word_1_676' title='bbox 1212 4378 1321 4445; x_wconf 89' lang='lat' dir='ltr'><strong>Paulus,</strong></span> <span class='ocrx_word' id='word_1_677' title='bbox 1345 4377 1374 4433; x_wconf 94' lang='lat' dir='ltr'><strong>in</strong></span> <span class='ocrx_word' id='word_1_678' title='bbox 1409 4395 1463 4450; x_wconf 92' lang='lat' dir='ltr'><strong>quo</strong></span> <span class='ocrx_word' id='word_1_679' title='bbox 1490 4377 1608 4450; x_wconf 89' lang='lat' dir='ltr'><strong>loquitur</strong></span> <span class='ocrx_word' id='word_1_680' title='bbox 1631 4379 1768 4445; x_wconf 88' lang='lat' dir='ltr'><strong>Christus,</strong></span> 
     </span>
     <span class='ocr_line' id='line_1_48' title="bbox 120 4459 1770 4540; baseline 0.003 -22"><span class='ocrx_word' id='word_1_681' title='bbox 120 4463 190 4533; x_wconf 87' lang='lat' dir='ltr'><strong>ejus,</strong></span> <span class='ocrx_word' id='word_1_682' title='bbox 205 4472 231 4521; x_wconf 89' lang='lat' dir='ltr'><strong>et</strong></span> <span class='ocrx_word' id='word_1_683' title='bbox 245 4462 362 4519; x_wconf 89' lang='lat' dir='ltr'><strong>solutum</strong></span> <span class='ocrx_word' id='word_1_684' title='bbox 378 4469 419 4517; x_wconf 87' lang='lat' dir='ltr'><strong>est</strong></span> <span class='ocrx_word' id='word_1_685' title='bbox 433 4462 571 4519; x_wconf 86' lang='lat' dir='ltr'><strong>vinculum</strong></span> <span class='ocrx_word' id='word_1_686' title='bbox 585 4462 685 4535; x_wconf 85' lang='lat' dir='ltr'><strong>lingum</strong></span> <span class='ocrx_word' id='word_1_687' title='bbox 699 4463 767 4531; x_wconf 87' lang='lat' dir='ltr'><strong>ejus,</strong></span> <span class='ocrx_word' id='word_1_688' title='bbox 782 4471 808 4520; x_wconf 90' lang='lat' dir='ltr'><strong>et</strong></span> <span class='ocrx_word' id='word_1_689' title='bbox 822 4463 916 4536; x_wconf 90' lang='lat' dir='ltr'><strong>loque·</strong></span> <span class='ocrx_word' id='word_1_690' title='bbox 930 4459 956 4520; x_wconf 91' lang='lat' dir='ltr'>D</span> <span class='ocrx_word' id='word_1_691' title='bbox 970 4467 1135 4523; x_wconf 87' lang='lat' dir='ltr'><strong>demonstrat</strong></span> <span class='ocrx_word' id='word_1_692' title='bbox 1150 4467 1275 4523; x_wconf 88' lang='lat' dir='ltr'><strong>scribens</strong></span> <span class='ocrx_word' id='word_1_693' title='bbox 1289 4467 1324 4522; x_wconf 86' lang='lat' dir='ltr'><strong>ed</strong></span> <span class='ocrx_word' id='word_1_694' title='bbox 1348 4467 1502 4523; x_wconf 90' lang='lat' dir='ltr'><strong>Corinthios</strong></span> <span class='ocrx_word' id='word_1_695' title='bbox 1518 4485 1524 4521; x_wconf 79' lang='lat' dir='ltr'><em>z</em></span> <span class='ocrx_word' id='word_1_696' title='bbox 1541 4469 1572 4524; x_wconf 88' lang='lat' dir='ltr'><strong>Si</strong></span> <span class='ocrx_word' id='word_1_697' title='bbox 1598 4469 1660 4540; x_wconf 87' lang='lat' dir='ltr'><strong>qais</strong></span> <span class='ocrx_word' id='word_1_698' title='bbox 1676 4469 1770 4538; x_wconf 84' lang='lat' dir='ltr'><strong>frater</strong></span> 
     </span>
     <span class='ocr_line' id='line_1_49' title="bbox 121 4550 1770 4627; baseline 0.004 -22"><span class='ocrx_word' id='word_1_699' title='bbox 121 4550 201 4607; x_wconf 89' lang='lat' dir='ltr'><strong>batur</strong></span> <span class='ocrx_word' id='word_1_700' title='bbox 215 4560 299 4608; x_wconf 90' lang='lat' dir='ltr'><strong>recte.</strong></span> <span class='ocrx_word' id='word_1_701' title='bbox 317 4553 350 4607; x_wconf 90' lang='lat' dir='ltr'><strong>Et</strong></span> <span class='ocrx_word' id='word_1_702' title='bbox 374 4551 402 4606; x_wconf 91' lang='lat' dir='ltr'><strong>in</strong></span> <span class='ocrx_word' id='word_1_703' title='bbox 427 4551 589 4622; x_wconf 88' lang='lat' dir='ltr'><strong>quibusdam</strong></span> <span class='ocrx_word' id='word_1_704' title='bbox 613 4550 773 4623; x_wconf 89' lang='lat' dir='ltr'><strong>regionibus</strong></span> <span class='ocrx_word' id='word_1_705' title='bbox 795 4552 840 4607; x_wconf 92' lang='lat' dir='ltr'><strong>alii</strong></span> <span class='ocrx_word' id='word_1_706' title='bbox 859 4553 920 4609; x_wconf 87' lang='lat' dir='ltr'><strong>oleo</strong></span> <span class='ocrx_word' id='word_1_707' title='bbox 971 4560 1014 4611; x_wconf 86' lang='lat' dir='ltr'><strong>est</strong></span> <span class='ocrx_word' id='word_1_708' title='bbox 1028 4557 1194 4627; x_wconf 77' lang='lat' dir='ltr'><strong>fornicator,</strong></span> <span class='ocrx_word' id='word_1_709' title='bbox 1205 4560 1256 4612; x_wconf 87' lang='lat' dir='ltr'><strong>aot</strong></span> <span class='ocrx_word' id='word_1_710' title='bbox 1270 4572 1382 4621; x_wconf 84' lang='lat' dir='ltr'><strong>avaras,</strong></span> <span class='ocrx_word' id='word_1_711' title='bbox 1404 4556 1549 4611; x_wconf 86' lang='lat' dir='ltr'><strong>antidotis</strong></span> <span class='ocrx_word' id='word_1_712' title='bbox 1564 4557 1701 4626; x_wconf 84' lang='lat' dir='ltr'><strong>serviens,</strong></span> <span class='ocrx_word' id='word_1_713' title='bbox 1717 4560 1770 4612; x_wconf 87' lang='lat' dir='ltr'><strong>eat</strong></span> 
     </span>
     <span class='ocr_line' id='line_1_50' title="bbox 122 4640 1770 4716; baseline 0.004 -23"><span class='ocrx_word' id='word_1_714' title='bbox 122 4649 216 4696; x_wconf 89' lang='lat' dir='ltr'><strong>sancto</strong></span> <span class='ocrx_word' id='word_1_715' title='bbox 241 4648 355 4712; x_wconf 89' lang='lat' dir='ltr'><strong>tangunt</strong></span> <span class='ocrx_word' id='word_1_716' title='bbox 377 4640 632 4695; x_wconf 86' lang='lat' dir='ltr'><strong>catechumenorum</strong></span> <span class='ocrx_word' id='word_1_717' title='bbox 656 4654 737 4694; x_wconf 88' lang='lat' dir='ltr'><strong>aures</strong></span> <span class='ocrx_word' id='word_1_718' title='bbox 761 4647 788 4695; x_wconf 92' lang='lat' dir='ltr'><strong>et</strong></span> <span class='ocrx_word' id='word_1_719' title='bbox 811 4642 918 4697; x_wconf 82' lang='lat' dir='ltr'><strong>nares:</strong></span> <span class='ocrx_word' id='word_1_720' title='bbox 970 4646 1136 4712; x_wconf 84' lang='lat' dir='ltr'><strong>maledicus,</strong></span> <span class='ocrx_word' id='word_1_721' title='bbox 1151 4649 1201 4700; x_wconf 87' lang='lat' dir='ltr'><strong>out</strong></span> <span class='ocrx_word' id='word_1_722' title='bbox 1211 4645 1345 4709; x_wconf 85' lang='lat' dir='ltr'><strong>ebriosos,</strong></span> <span class='ocrx_word' id='word_1_723' title='bbox 1355 4647 1514 4716; x_wconf 81' lang='lat' dir='ltr'><strong>outrupaa,</strong></span> <span class='ocrx_word' id='word_1_724' title='bbox 1531 4661 1596 4700; x_wconf 86' lang='lat' dir='ltr'><strong>cum</strong></span> <span class='ocrx_word' id='word_1_725' title='bbox 1607 4645 1770 4715; x_wconf 83' lang='lat' dir='ltr'><strong>hujusmodi</strong></span> 
     </span>
     <span class='ocr_line' id='line_1_51' title="bbox 122 4726 1768 4804; baseline 0.004 -22"><span class='ocrx_word' id='word_1_726' title='bbox 122 4726 185 4798; x_wconf 85' lang='lat' dir='ltr'><strong>quie</strong></span> <span class='ocrx_word' id='word_1_727' title='bbox 199 4743 280 4783; x_wconf 91' lang='lat' dir='ltr'><strong>nemo</strong></span> <span class='ocrx_word' id='word_1_728' title='bbox 294 4735 383 4799; x_wconf 89' lang='lat' dir='ltr'><strong>potest</strong></span> <span class='ocrx_word' id='word_1_729' title='bbox 398 4744 447 4799; x_wconf 90' lang='lat' dir='ltr'><strong>per</strong></span> <span class='ocrx_word' id='word_1_730' title='bbox 465 4727 580 4800; x_wconf 85' lang='lat' dir='ltr'><strong>gratiam</strong></span> <span class='ocrx_word' id='word_1_731' title='bbox 600 4726 686 4780; x_wconf 86' lang='lat' dir='ltr'><strong>sancti</strong></span> <span class='ocrx_word' id='word_1_732' title='bbox 706 4727 831 4797; x_wconf 85' lang='lat' dir='ltr'><strong>Spiritus,</strong></span> <span class='ocrx_word' id='word_1_733' title='bbox 858 4746 919 4800; x_wconf 78' lang='lat' dir='ltr'><strong>quae</strong></span> <span class='ocrx_word' id='word_1_734' title='bbox 969 4748 1021 4789; x_wconf 88' lang='lat' dir='ltr'><strong>nec</strong></span> <span class='ocrx_word' id='word_1_735' title='bbox 1036 4734 1128 4789; x_wconf 84' lang='lat' dir='ltr'><strong>cibum</strong></span> <span class='ocrx_word' id='word_1_736' title='bbox 1144 4750 1256 4789; x_wconf 83' lang='lat' dir='ltr'><strong>samaro</strong></span> <span class='ocrx_word' id='word_1_737' title='bbox 1268 4734 1292 4803; x_wconf 94' lang='lat' dir='ltr'><strong>(l</strong></span> <span class='ocrx_word' id='word_1_738' title='bbox 1303 4734 1363 4789; x_wconf 86' lang='lat' dir='ltr'><strong>Cor.</strong></span> <span class='ocrx_word' id='word_1_739' title='bbox 1375 4733 1414 4804; x_wconf 86' lang='lat' dir='ltr'><strong>v).</strong></span> <span class='ocrx_word' id='word_1_740' title='bbox 1431 4733 1465 4787; x_wconf 88' lang='lat' dir='ltr'><strong>Et</strong></span> <span class='ocrx_word' id='word_1_741' title='bbox 1479 4731 1542 4788; x_wconf 88' lang='lat' dir='ltr'><strong>item</strong></span> <span class='ocrx_word' id='word_1_742' title='bbox 1559 4749 1566 4788; x_wconf 75' lang='grc' dir='ltr'><strong>ε</strong></span> <span class='ocrx_word' id='word_1_743' title='bbox 1582 4733 1625 4788; x_wconf 82' lang='lat' dir='ltr'><strong>dn</strong></span> <span class='ocrx_word' id='word_1_744' title='bbox 1649 4734 1768 4790; x_wconf 86' lang='lat' dir='ltr'><strong>nescitis</strong></span> 
     </span>
     <span class='ocr_line' id='line_1_52' title="bbox 122 4814 1768 4895; baseline 0.005 -25"><span class='ocrx_word' id='word_1_745' title='bbox 122 4814 183 4870; x_wconf 93' lang='lat' dir='ltr'><strong>oleo</strong></span> <span class='ocrx_word' id='word_1_746' title='bbox 198 4815 365 4888; x_wconf 88' lang='lat' dir='ltr'><strong>designatur,</strong></span> <span class='ocrx_word' id='word_1_747' title='bbox 381 4815 445 4872; x_wconf 87' lang='lat' dir='ltr'><strong>tidei</strong></span> <span class='ocrx_word' id='word_1_748' title='bbox 469 4822 638 4872; x_wconf 89' lang='lat' dir='ltr'><strong>sacramenta</strong></span> <span class='ocrx_word' id='word_1_749' title='bbox 663 4830 840 4886; x_wconf 85' lang='lat' dir='ltr'><strong>cognoscere,</strong></span> <span class='ocrx_word' id='word_1_750' title='bbox 866 4818 918 4872; x_wconf 93' lang='lat' dir='ltr'><strong>nisi</strong></span> <span class='ocrx_word' id='word_1_751' title='bbox 969 4822 1034 4895; x_wconf 87' lang='lat' dir='ltr'><strong>qnia</strong></span> <span class='ocrx_word' id='word_1_752' title='bbox 1057 4821 1149 4894; x_wconf 84' lang='lat' dir='ltr'><strong>iniqui</strong></span> <span class='ocrx_word' id='word_1_753' title='bbox 1172 4837 1291 4893; x_wconf 71' lang='lat' dir='ltr'><strong>repausa</strong></span> <span class='ocrx_word' id='word_1_754' title='bbox 1311 4824 1361 4878; x_wconf 83' lang='lat' dir='ltr'><strong>Dei</strong></span> <span class='ocrx_word' id='word_1_755' title='bbox 1379 4839 1437 4877; x_wconf 89' lang='lat' dir='ltr'><strong>noa</strong></span> <span class='ocrx_word' id='word_1_756' title='bbox 1451 4823 1631 4894; x_wconf 86' lang='lat' dir='ltr'><strong>possidebunt</strong></span> <span class='ocrx_word' id='word_1_757' title='bbox 1648 4825 1659 4878; x_wconf 78' lang='lat' dir='ltr'><strong>t</strong></span> <span class='ocrx_word' id='word_1_758' title='bbox 1674 4822 1768 4879; x_wconf 80' lang='lat' dir='ltr'><strong>Nolito</strong></span> 
     </span>
     <span class='ocr_line' id='line_1_53' title="bbox 121 4901 1769 4983; baseline 0.005 -25"><span class='ocrx_word' id='word_1_759' title='bbox 121 4901 213 4959; x_wconf 86' lang='lat' dir='ltr'><strong>audiat</strong></span> <span class='ocrx_word' id='word_1_760' title='bbox 226 4902 429 4974; x_wconf 78' lang='lat' dir='ltr'><strong>praedicentem,</strong></span> <span class='ocrx_word' id='word_1_761' title='bbox 442 4903 688 4975; x_wconf 81' lang='lat' dir='ltr'><strong>dicentedpostolo</strong></span> <span class='ocrx_word' id='word_1_762' title='bbox 706 4921 712 4957; x_wconf 93' lang='lat'>:</span> <span class='ocrx_word' id='word_1_763' title='bbox 730 4905 810 4960; x_wconf 86' lang='lat' dir='ltr'><strong>Fides</strong></span> <span class='ocrx_word' id='word_1_764' title='bbox 821 4921 917 4961; x_wconf 82' lang='lat' dir='ltr'><strong>enan·</strong></span> <span class='ocrx_word' id='word_1_765' title='bbox 968 4925 1063 4965; x_wconf 85' lang='lat' dir='ltr'><strong>errore</strong></span> <span class='ocrx_word' id='word_1_766' title='bbox 1074 4926 1080 4964; x_wconf 91' lang='lat'>:</span> <span class='ocrx_word' id='word_1_767' title='bbox 1093 4926 1182 4982; x_wconf 86' lang='lat' dir='ltr'><strong>neque</strong></span> <span class='ocrx_word' id='word_1_768' title='bbox 1191 4909 1769 4983; x_wconf 67' lang='lat' dir='ltr'><strong>fornicarii,neqneidolisseroientesmc·</strong></span> 
     </span>
     <span class='ocr_line' id='line_1_54' title="bbox 121 4991 1769 5072; baseline 0.005 -24"><span class='ocrx_word' id='word_1_769' title='bbox 121 4991 321 5061; x_wconf 64' lang='lat' dir='ltr'><strong>attinentibus</strong></span> <span class='ocrx_word' id='word_1_770' title='bbox 336 4997 431 5048; x_wconf 84' lang='lat' dir='ltr'><strong>autera</strong></span> <span class='ocrx_word' id='word_1_771' title='bbox 446 5009 496 5065; x_wconf 86' lang='lat' dir='ltr'><strong>per</strong></span> <span class='ocrx_word' id='word_1_772' title='bbox 511 4994 625 5051; x_wconf 84' lang='lat' dir='ltr'><strong>verbam</strong></span> <span class='ocrx_word' id='word_1_773' title='bbox 641 4993 748 5049; x_wconf 84' lang='lat' dir='ltr'><strong>Citristi</strong></span> <span class='ocrx_word' id='word_1_774' title='bbox 761 4995 850 5063; x_wconf 81' lang='lat' dir='ltr'><strong>(Rom.</strong></span> <span class='ocrx_word' id='word_1_775' title='bbox 874 4995 915 5063; x_wconf 86' lang='lat' dir='ltr'><strong>x).</strong></span> <span class='ocrx_word' id='word_1_776' title='bbox 968 4998 1769 5072; x_wconf 80' lang='lat' dir='ltr'><strong>qaeoriutteri,neqaenielles,neqoernoscotornmconcu-</strong></span> 
     </span>
     <span class='ocr_line' id='line_1_55' title="bbox 118 5078 1767 5161; baseline 0.005 -26"><span class='ocrx_word' id='word_1_777' title='bbox 118 5078 208 5135; x_wconf 83' lang='lat' dir='ltr'><strong>Nares</strong></span> <span class='ocrx_word' id='word_1_778' title='bbox 222 5093 331 5151; x_wconf 90' lang='lat' dir='ltr'><strong>quoque</strong></span> <span class='ocrx_word' id='word_1_779' title='bbox 348 5079 428 5133; x_wconf 90' lang='lat' dir='ltr'><strong>simili</strong></span> <span class='ocrx_word' id='word_1_780' title='bbox 444 5088 517 5136; x_wconf 86' lang='lat' dir='ltr'><strong>tactu</strong></span> <span class='ocrx_word' id='word_1_781' title='bbox 536 5079 738 5137; x_wconf 83' lang='lat' dir='ltr'><strong>sanctificantur</strong></span> <span class='ocrx_word' id='word_1_782' title='bbox 754 5097 760 5135; x_wconf 95' lang='lat'><strong>:</strong></span> <span class='ocrx_word' id='word_1_783' title='bbox 776 5088 805 5135; x_wconf 92' lang='lat' dir='ltr'><strong>ut</strong></span> <span class='ocrx_word' id='word_1_784' title='bbox 819 5081 847 5135; x_wconf 92' lang='lat' dir='ltr'><strong>hi</strong></span> <span class='ocrx_word' id='word_1_785' title='bbox 871 5081 917 5152; x_wconf 86' lang='lat' dir='ltr'><strong>qui</strong></span> <span class='ocrx_word' id='word_1_786' title='bbox 967 5087 1078 5152; x_wconf 86' lang='lat' dir='ltr'><strong>bitores,</strong></span> <span class='ocrx_word' id='word_1_787' title='bbox 1093 5102 1182 5159; x_wconf 84' lang='lat' dir='ltr'><strong>neque</strong></span> <span class='ocrx_word' id='word_1_788' title='bbox 1192 5089 1281 5157; x_wconf 87' lang='lat' dir='ltr'><strong>fares,</strong></span> <span class='ocrx_word' id='word_1_789' title='bbox 1292 5088 1476 5161; x_wconf 81' lang='lat' dir='ltr'><strong>neqneaoari,</strong></span> <span class='ocrx_word' id='word_1_790' title='bbox 1489 5104 1578 5161; x_wconf 86' lang='lat' dir='ltr'><strong>neque</strong></span> <span class='ocrx_word' id='word_1_791' title='bbox 1588 5088 1700 5154; x_wconf 88' lang='lat' dir='ltr'><strong>ebriosi,</strong></span> <span class='ocrx_word' id='word_1_792' title='bbox 1713 5104 1767 5144; x_wconf 87' lang='lat' dir='ltr'><strong>ne·</strong></span> 
     </span>
     <span class='ocr_line' id='line_1_56' title="bbox 120 5166 1768 5249; baseline 0.006 -26"><span class='ocrx_word' id='word_1_793' title='bbox 120 5166 156 5223; x_wconf 86' lang='lat' dir='ltr'><strong>ed</strong></span> <span class='ocrx_word' id='word_1_794' title='bbox 172 5166 333 5239; x_wconf 88' lang='lat' dir='ltr'><strong>baptismum</strong></span> <span class='ocrx_word' id='word_1_795' title='bbox 353 5167 463 5222; x_wconf 84' lang='lat' dir='ltr'><strong>veniunt</strong></span> <span class='ocrx_word' id='word_1_796' title='bbox 486 5169 683 5226; x_wconf 86' lang='lat' dir='ltr'><strong>admoneantur</strong></span> <span class='ocrx_word' id='word_1_797' title='bbox 705 5169 772 5225; x_wconf 87' lang='lat' dir='ltr'><strong>tanti</strong></span> <span class='ocrx_word' id='word_1_798' title='bbox 794 5168 917 5240; x_wconf 81' lang='lat' dir='ltr'><strong>mysterii</strong></span> <span class='ocrx_word' id='word_1_799' title='bbox 967 5190 1018 5246; x_wconf 82' lang='lat' dir='ltr'><strong>qne</strong></span> <span class='ocrx_word' id='word_1_800' title='bbox 1033 5174 1174 5241; x_wconf 83' lang='lat' dir='ltr'><strong>ataiedici,</strong></span> <span class='ocrx_word' id='word_1_801' title='bbox 1186 5191 1275 5248; x_wconf 82' lang='lat' dir='ltr'><strong>neque</strong></span> <span class='ocrx_word' id='word_1_802' title='bbox 1289 5189 1417 5248; x_wconf 82' lang='lat' dir='ltr'><strong>rapaces,</strong></span> <span class='ocrx_word' id='word_1_803' title='bbox 1428 5193 1548 5248; x_wconf 79' lang='lat' dir='ltr'><strong>reponat</strong></span> <span class='ocrx_word' id='word_1_804' title='bbox 1565 5177 1616 5232; x_wconf 87' lang='lat' dir='ltr'><strong>Dei</strong></span> <span class='ocrx_word' id='word_1_805' title='bbox 1638 5177 1768 5249; x_wconf 84' lang='lat' dir='ltr'><strong>posside·</strong></span> 
     </span>
     <span class='ocr_line' id='line_1_57' title="bbox 119 5255 1766 5338; baseline 0.007 -28"><span class='ocrx_word' id='word_1_806' title='bbox 119 5263 317 5312; x_wconf 87' lang='lat' dir='ltr'><strong>sacramentum</strong></span> <span class='ocrx_word' id='word_1_807' title='bbox 333 5255 511 5328; x_wconf 83' lang='lat' dir='ltr'><strong>pergratiam</strong></span> <span class='ocrx_word' id='word_1_808' title='bbox 526 5259 612 5314; x_wconf 87' lang='lat' dir='ltr'><strong>saneti</strong></span> <span class='ocrx_word' id='word_1_809' title='bbox 631 5257 747 5329; x_wconf 85' lang='lat' dir='ltr'><strong>Spiritus</strong></span> <span class='ocrx_word' id='word_1_810' title='bbox 769 5273 857 5330; x_wconf 90' lang='lat' dir='ltr'><strong>usque</strong></span> <span class='ocrx_word' id='word_1_811' title='bbox 881 5256 917 5313; x_wconf 85' lang='lat' dir='ltr'><strong>ed</strong></span> <span class='ocrx_word' id='word_1_812' title='bbox 966 5263 1036 5317; x_wconf 86' lang='lat' dir='ltr'><strong>bont</strong></span> <span class='ocrx_word' id='word_1_813' title='bbox 1049 5261 1075 5334; x_wconf 88' lang='lat' dir='ltr'><strong>(t</strong></span> <span class='ocrx_word' id='word_1_814' title='bbox 1082 5263 1141 5319; x_wconf 88' lang='lat' dir='ltr'><strong>Cor.</strong></span> <span class='ocrx_word' id='word_1_815' title='bbox 1153 5265 1204 5334; x_wconf 84' lang='lat' dir='ltr'><strong>iv).</strong></span> <span class='ocrx_word' id='word_1_816' title='bbox 1215 5263 1410 5319; x_wconf 88' lang='lat' dir='ltr'><strong>EtadGalatas</strong></span> <span class='ocrx_word' id='word_1_817' title='bbox 1423 5282 1430 5319; x_wconf 77' lang='lat' dir='ltr'><em>z</em></span> <span class='ocrx_word' id='word_1_818' title='bbox 1441 5265 1593 5335; x_wconf 75' lang='lat' dir='ltr'><strong>Manifesta</strong></span> <span class='ocrx_word' id='word_1_819' title='bbox 1604 5269 1766 5338; x_wconf 86' lang='lat' dir='ltr'><strong>sootopera</strong></span> 
     </span>
     <span class='ocr_line' id='line_1_58' title="bbox 117 5342 1763 5425; baseline 0.007 -27"><span class='ocrx_word' id='word_1_820' title='bbox 117 5351 233 5399; x_wconf 89' lang='lat' dir='ltr'><strong>mortem</strong></span> <span class='ocrx_word' id='word_1_821' title='bbox 257 5342 414 5400; x_wconf 85' lang='lat' dir='ltr'><strong>inviolatum</strong></span> <span class='ocrx_word' id='word_1_822' title='bbox 447 5350 527 5415; x_wconf 88' lang='lat' dir='ltr'><strong>atque</strong></span> <span class='ocrx_word' id='word_1_823' title='bbox 552 5344 691 5418; x_wconf 88' lang='lat' dir='ltr'><strong>integrum</strong></span> <span class='ocrx_word' id='word_1_824' title='bbox 718 5347 865 5404; x_wconf 89' lang='lat' dir='ltr'><strong>custodire.</strong></span> <span class='ocrx_word' id='word_1_825' title='bbox 881 5345 916 5402; x_wconf 89' lang='lat' dir='ltr'><strong>Ut</strong></span> <span class='ocrx_word' id='word_1_826' title='bbox 965 5351 1071 5417; x_wconf 86' lang='lat' dir='ltr'><strong>cornis,</strong></span> <span class='ocrx_word' id='word_1_827' title='bbox 1088 5368 1148 5425; x_wconf 86' lang='lat' dir='ltr'><strong>qaoe</strong></span> <span class='ocrx_word' id='word_1_828' title='bbox 1162 5357 1231 5409; x_wconf 87' lang='lat' dir='ltr'><strong>sunt</strong></span> <span class='ocrx_word' id='word_1_829' title='bbox 1244 5354 1408 5424; x_wconf 85' lang='lat' dir='ltr'><strong>fornicatio,</strong></span> <span class='ocrx_word' id='word_1_830' title='bbox 1420 5353 1614 5420; x_wconf 84' lang='lat' dir='ltr'><strong>immunditia,</strong></span> <span class='ocrx_word' id='word_1_831' title='bbox 1633 5354 1763 5420; x_wconf 74' lang='lat' dir='ltr'><strong>tonario,</strong></span> 
     </span>
     <span class='ocr_line' id='line_1_59' title="bbox 116 5431 1765 5512; baseline 0.007 -25"><span class='ocrx_word' id='word_1_832' title='bbox 116 5431 237 5504; x_wconf 88' lang='lat' dir='ltr'><strong>quandiu</strong></span> <span class='ocrx_word' id='word_1_833' title='bbox 253 5431 376 5503; x_wconf 91' lang='lat' dir='ltr'><strong>spiritum</strong></span> <span class='ocrx_word' id='word_1_834' title='bbox 391 5431 454 5488; x_wconf 71' lang='lat' dir='ltr'><strong>vitai</strong></span> <span class='ocrx_word' id='word_1_835' title='bbox 467 5431 547 5501; x_wconf 85' lang='lat' dir='ltr'><strong>liujus</strong></span> <span class='ocrx_word' id='word_1_836' title='bbox 569 5434 682 5490; x_wconf 91' lang='lat' dir='ltr'><strong>naribus</strong></span> <span class='ocrx_word' id='word_1_837' title='bbox 697 5437 753 5491; x_wconf 86' lang='lat' dir='ltr'><strong>suis</strong></span> <span class='ocrx_word' id='word_1_838' title='bbox 768 5437 912 5502; x_wconf 88' lang='lat' dir='ltr'><strong>attrahunt,</strong></span> <span class='ocrx_word' id='word_1_839' title='bbox 966 5439 1765 5512; x_wconf 70' lang='lat' dir='ltr'><strong>idolorumseraitaavencficio,iniraicitiae,contentioncs</strong></span> 
     </span>
    </p>
   </div>
   <div class='ocr_carea' id='block_1_5' title="bbox 116 5527 1762 5604">
    <p class='ocr_par' dir='ltr' id='par_1_6' title="bbox 116 5527 1762 5604">
     <span class='ocr_line' id='line_1_60' title="bbox 116 5527 1762 5604; baseline 0.001 -15"><span class='ocrx_word' id='word_1_840' title='bbox 116 5529 246 5589; x_wconf 86' lang='lat' dir='ltr'><strong>eChristi</strong></span> <span class='ocrx_word' id='word_1_841' title='bbox 260 5529 368 5588; x_wconf 86' lang='lat' dir='ltr'><strong>Domini</strong></span> <span class='ocrx_word' id='word_1_842' title='bbox 382 5527 470 5588; x_wconf 90' lang='lat' dir='ltr'><strong>nostri</strong></span> <span class='ocrx_word' id='word_1_843' title='bbox 483 5527 590 5589; x_wconf 83' lang='lat' dir='ltr'><strong>cultura</strong></span> <span class='ocrx_word' id='word_1_844' title='bbox 605 5539 631 5588; x_wconf 85' lang='lat' dir='ltr'><strong>et</strong></span> <span class='ocrx_word' id='word_1_845' title='bbox 655 5532 768 5590; x_wconf 80' lang='lat' dir='ltr'><strong>servitio</strong></span> <span class='ocrx_word' id='word_1_846' title='bbox 792 5549 847 5591; x_wconf 91' lang='lat' dir='ltr'><strong>non</strong></span> <span class='ocrx_word' id='word_1_847' title='bbox 866 5548 913 5590; x_wconf 91' lang='lat' dir='ltr'><strong>re·</strong></span> <span class='ocrx_word' id='word_1_848' title='bbox 964 5528 1234 5598; x_wconf 70' lang='lat' dir='ltr'><strong>anantionesdroe,</strong></span> <span class='ocrx_word' id='word_1_849' title='bbox 1244 5530 1530 5604; x_wconf 64' lang='lat' dir='ltr'><strong>nominatissimos,</strong></span> <span class='ocrx_word' id='word_1_850' title='bbox 1541 5531 1762 5602; x_wconf 62' lang='lat' dir='ltr'><strong>scandentia,</strong></span> 
     </span>
    </p>
   </div>
   <div class='ocr_carea' id='block_1_6' title="bbox 0 0 1902 6103">
    <p class='ocr_par' dir='ltr' id='par_1_7' title="bbox 0 0 1902 6103">
     <span class='ocr_line' id='line_1_61' title="bbox 0 0 1902 6103; baseline 0 0"><span class='ocrx_word' id='word_1_851' title='bbox 0 0 1902 6103; x_wconf 95' lang='lat' dir='ltr'><strong> </strong></span> 
     </span>
    </p>
   </div>
  </div>
 </body>
</html>
