3794 6104
126 223 172 276 ua
482 217 603 279 orusc.
632 217 677 276 nr
700 217 808 276 nrxsr.
839 217 876 273 m
903 215 1017 274 causa
1039 202 1220 276 antonini
1242 217 1399 278 munna.
1719 223 1772 280 ιιι

130 358 209 401 cesse
226 345 318 412 inerit,
334 358 386 417 pro
399 359 468 402 meae
483 345 632 416 provincia
645 343 827 416 ambiguitatis
841 343 925 398 abso·
941 342 1028 404 Alari
1042 343 1171 400 comitatu
1185 343 1287 400 ascitus
1296 344 1324 400 in
1335 344 1416 401 aliam
1429 344 1598 417 provinciam
1611 348 1774 419 perrexisti,

126 434 241 501 lotione,
252 451 307 507 ego
322 449 340 489 a
354 433 443 490 vicina
452 433 594 505 provincia
605 433 722 504 judices,
735 433 758 488 si
767 433 924 499 decrevero,
977 439 1004 487 et
1018 431 1042 487 si
1056 433 1111 487 vim
1125 432 1160 487 ab
1175 432 1267 504 aliquo
1279 432 1353 489 fuisti
1361 449 1522 505 perpessus,
1538 443 1567 491 ut
1581 436 1616 490 ab
1631 452 1662 491 ea
1671 435 1776 511 irregu-

124 537 279 579 convocare
301 522 446 594 praevaleo.
470 523 505 578 Et
526 521 550 577 si
573 537 635 578 curn
659 522 788 593 episcopo
816 520 926 576 alterius
976 519 1069 574 lariter
1083 521 1126 576 vel
1141 528 1254 577 coactus
1269 521 1368 588 exires,
1385 522 1451 579 nihil
1466 523 1538 594 apud
1552 539 1606 590 me,
1620 523 1690 581 sicut
1703 541 1775 597 praa-

119 610 274 682 provinciae
289 611 323 666 de
337 626 420 666 causa
430 610 613 678 contenderis,
628 619 655 665 et
668 611 696 666 in
711 624 773 664 mea
785 607 927 680 provincia
976 605 1078 678 cipiunt
1091 609 1211 680 regula,
1234 609 1298 665 inde
1320 618 1431 682 questus
1450 610 1534 681 fuisti,
1559 613 1608 669 sed
1631 621 1776 684 antequam

119 713 211 754 causa
225 699 349 768 conjacet
363 697 490 764 finienda,
508 714 560 772 ego
571 698 660 755 debeo
674 698 738 754 dare
750 697 866 766 jndices,
881 695 926 768 qui

117 786 223 843 eadem
239 801 350 865 causam
372 785 535 860 regulariter
555 785 661 853 liniant,
681 787 748 842 nibil
770 793 859 841 autem
873 784 926 840 bo·

117 891 185 930 rum
200 875 241 930 tui
256 884 297 930 est
311 873 452 946 pontificii.
466 875 527 947 Ego
541 875 576 931 de
590 874 680 929 dubiis
695 884 721 930 et
736 873 860 930 obscuris
878 888 926 928 re-

114 963 183 1031 bus,
200 963 236 1018 de
255 962 354 1035 quibus
375 971 479 1019 certam
500 962 686 1018 diffinitionem
707 979 761 1018 non
783 962 925 1026 habemus,

115 1053 143 1106 si
158 1050 232 1108 forte
247 1051 417 1119 emerserint,
434 1052 507 1108 etde
522 1052 564 1106 bis
584 1068 645 1123 quae
666 1052 725 1107 sine
746 1049 927 1124 plurimorum

109 1139 227 1209 judicio
242 1139 434 1210 episcoporum
448 1138 520 1194 liniri
541 1155 595 1195 non
613 1147 738 1211 possunt,
754 1155 815 1195 cum
831 1138 926 1209 coepi-

117 1227 217 1298 scopis
245 1227 408 1299 prosinoim,
429 1227 499 1283 inter
517 1242 587 1298 quos
606 1227 810 1292 annumeraris,
838 1226 926 1282 debeo

118 1315 270 1372 consilium
293 1331 430 1386 quaerere,
460 1316 575 1388 qualiter
599 1316 637 1371 ita
660 1315 797 1382 liniantur,
821 1323 850 1371 ut
875 1330 926 1371 noc

118 1405 266 1476 praeceptis
283 1404 450 1477 evangelicis
468 1405 634 1461 contrarium
653 1420 705 1460 nec
724 1403 842 1460 decretis
861 1420 925 1458 san·

122 1501 233 1548 ctorum
247 1492 401 1548 inveniatur
416 1490 561 1548 adv'ersum
575 1494 652 1563 (Leo,
668 1510 711 1567 cp.
729 1496 784 1564 ιι).
801 1492 860 1548 Tibi
875 1509 926 1548 au-

122 1588 177 1636 tem
191 1581 219 1635 in
235 1561 326 1637 abusis
341 1597 401 1651 quae
415 1582 450 1636 ad
465 1582 619 1653 generalem
641 1582 845 1638 observantiam
859 1598 926 1652 per·

977 695 1063 752 scires
1086 697 1151 768 quid
1175 714 1208 752 ex
1230 699 1327 755 eodem
1349 699 1460 772 negotio
1480 707 1589 756 acturus
1610 717 1717 770 essem,
1733 700 1776 758 vel

977 784 1042 856 quid
1056 784 1178 842 obtinere
1193 786 1327 856 valerem,
1351 787 1410 843 sine
1431 803 1491 843 mea
1506 787 1691 858 conscicntia,
1707 789 1777 847 sicut

977 880 1003 929 et
1015 874 1072 942 jam
1087 873 1171 929 altera
1186 874 1244 930 rire
1258 874 1354 941 iecisti,
1380 875 1602 932 reclamationem
1615 877 1650 932 ad
1664 885 1776 950 aposto-

977 961 1058 1017 licam
1073 962 1166 1017 sedem
1181 962 1288 1029 misisti,
1300 979 1362 1019 cum
1376 964 1533 1035 praecipiant
1547 965 1651 1038 regulae
1664 965 1774 1039 (Greg,

979 1050 1026 1105 tit.
1051 1065 1099 1116 ιιι,
1126 1051 1187 1105 ind.
1210 1054 1238 1116 2,
1255 1067 1298 1123 cp.
1314 1053 1342 1123 8)
1356 1070 1364 1107 :
1379 1053 1413 1108 Ut
1435 1053 1525 1108 nudus
1548 1054 1692 1126 episcopus
1715 1071 1776 1110 me·

977 1137 1168 1209 tropolitanum
1199 1155 1278 1196 suurn
1304 1139 1332 1194 in
1360 1140 1452 1212 aliquo
1485 1150 1629 1212 praesumat
1661 1150 1776 1215 postpo-

977 1242 1059 1293 nere,
1090 1233 1203 1300 excepto
1231 1227 1254 1281 si
1282 1237 1378 1283 contra
1405 1245 1468 1283 eum
1495 1230 1598 1301 aliquid
1616 1245 1707 1286 causa
1721 1246 1777 1287 non

976 1314 1117 1384 habuerit,
1145 1323 1174 1370 ut
1199 1316 1235 1372 ob
1257 1317 1310 1373 hoc
1332 1316 1406 1372 sedis
1430 1317 1584 1387 apostolica
1606 1326 1681 1389 petat
1701 1319 1776 1388 iudi-

978 1403 1059 1471 cium,
1089 1405 1163 1474 quod
1191 1419 1240 1476 per
1267 1420 1385 1461 canones
1412 1404 1583 1476 antiquorum
1604 1406 1713 1462 Petrum
1735 1418 1777 1466 cat

977 1492 1144 1548 institutione
1167 1494 1341 1564 permissum.
1359 1494 1461 1550 Verum
1485 1503 1512 1550 et
1532 1494 1691 1567 priusquam
1713 1496 1776 1553 inde

978 1597 1139 1651 responsum
1161 1582 1311 1651 acciperes,
1331 1581 1424 1637 relicto
1445 1582 1644 1648 ecclesiastico,
1666 1584 1770 1655 publice

120 1669 224 1735 tinent,
245 1669 354 1724 Domini
378 1670 559 1738 sacerdotum,
577 1669 643 1726 nihil
667 1678 768 1741 prater
783 1686 826 1726 me
841 1686 926 1743 agere
939 1669 1094 1753 Bjudicio,
1120 1669 1247 1725 ridclicet
1274 1669 1433 1742 principalis
1454 1671 1595 1742 potestatis
1619 1672 1774 1743 reipublics

123 1757 194 1820 licet,
212 1757 260 1829 qui
275 1773 327 1813 nec
343 1758 417 1813 vales
439 1757 563 1829 implore.
580 1759 608 1814 Si
624 1759 650 1813 in
667 1758 756 1814 causis
778 1758 868 1813 dubiis
884 1758 927 1814 vel
977 1758 1155 1827 praesidentis,
1173 1759 1265 1813 dehis
1281 1775 1342 1831 quae
1362 1759 1410 1813 tibi
1433 1759 1507 1815 illata
1531 1759 1639 1816 lucrant
1653 1760 1777 1833 purgari,

125 1845 249 1903 obscuris
264 1846 368 1917 aliquid
387 1847 512 1912 dubitas,
533 1863 577 1903 me
591 1848 676 1903 debes
691 1848 880 1918 interrogare,
900 1855 927 1902 et
976 1853 1004 1900 ut
1020 1846 1200 1917 quorumdam
1225 1846 1305 1901 etiam
1330 1846 1503 1903 saecularium
1526 1848 1678 1904 interventu
1692 1865 1724 1904 ac
1737 1847 1778 1905 rei

125 1934 147 1989 si
161 1950 215 2006 ego
229 1934 365 2000 nesciero,
378 1950 431 2007 ego
448 1936 519 2006 apud
534 1935 613 2001 alios,
625 1935 669 1991 vel
684 1936 705 1990 si
720 1951 833 1991 necesse
848 1935 927 1990 luerit
977 1942 1108 2004 proventu
1124 1934 1220 1990 claruit
1242 1935 1367 2006 expetisti
1384 1953 1391 1990 :
1408 1935 1472 2006 quia
1487 1951 1548 1992 cum
1562 1936 1605 1990 bis
1619 1937 1653 1991 ad
1668 1944 1694 1993 te
1709 1938 1778 1992 mis-

125 2023 194 2093 apud
209 2023 306 2079 sedem
321 2023 496 2095 apostolicam
517 2024 606 2080 dobeo
621 2024 757 2096 requirere
772 2033 798 2079 et
812 2024 859 2078 tibi
875 2025 926 2079 ab·
977 2038 1022 2077 sos
1045 2031 1071 2079 et
1094 2023 1195 2078 littems
1220 2023 1351 2088 miserim,
1372 2028 1399 2079 e't
1421 2024 1533 2095 quidam
1556 2032 1663 2079 tuorum
1688 2033 1779 2081 tecum

128 2111 242 2166 solvere.
262 2111 303 2166 Tu
322 2119 412 2168 autem
431 2113 489 2167 sine
508 2128 552 2168 mc
571 2114 606 2167 de
625 2113 714 2169 causis
733 2113 924 2185 generalibus,
976 2109 1105 2182 loquendi
1124 2111 1267 2166 habuerint
1281 2111 1447 2177 facultatem,
1466 2120 1492 2166 et
1507 2120 1596 2167 tecum
1611 2112 1693 2168 locuti
1716 2113 1778 2168 fuo-

127 2215 174 2255 noc
202 2199 287 2254 etiam
306 2200 342 2256 ad
361 2201 455 2256 sedern
474 2201 651 2271 apostolicam
670 2201 755 2256 debes
778 2201 919 2272 requirere
977 2198 1040 2263 rint,
1056 2215 1108 2254 noc
1122 2216 1214 2254 meum
1230 2200 1273 2254 vel
1287 2200 1513 2270 coepiscoporum
1527 2208 1681 2256 nostrorum
1696 2216 1779 2272 expc-

125 2294 271 2358 antequam
287 2288 399 2343 studeas
414 2304 458 2345 me
472 2289 536 2344 inde
550 2288 706 2355 consulere,
723 2297 749 2345 et
765 2290 787 2343 si
799 2305 849 2359 pro
864 2303 927 2344 cau-
976 2286 1032 2340 tisti
1048 2287 1188 2354 auxilium,
1206 2304 1257 2344 nec
1276 2296 1370 2344 nostro
1393 2287 1502 2343 voluisti
1517 2288 1554 2343 uti
1569 2289 1693 2355 consilio,
1710 2290 1779 2345 sicut

125 2375 160 2429 sis
181 2376 308 2447 propriis
328 2377 483 2448 ubicunque
501 2378 610 2450 longius
629 2385 745 2450 cogente
764 2378 927 2433 necessitate
974 2376 1031 2445 jam
1050 2375 1109 2429 aliis
1135 2376 1239 2431 vicibus
1262 2377 1352 2449 egisti,
1377 2377 1486 2447 quando
1500 2393 1550 2448 pro
1563 2383 1589 2432 te
1605 2386 1631 2432 et
1645 2377 1739 2434 verbis
1754 2385 1781 2434 ot

127 2463 170 2518 tibi
184 2463 270 2519 suerit
286 2464 490 2531 ambulandum,
506 2482 520 2519 a
534 2482 577 2521 me
592 2465 742 2521 secundum
766 2465 895 2521 indictam
911 2481 927 2520 a
979 2464 1086 2534 scriptis
1101 2465 1174 2535 apud
1189 2465 1319 2520 domnum
1335 2481 1429 2537 regem
1446 2467 1606 2538 sategimus,
1622 2474 1648 2521 et
1663 2482 1781 2522 commo·

125 2553 225 2608 sanctis
240 2552 368 2608 Patribus
383 2553 508 2627 regulam
531 2561 623 2625 potere
639 2553 775 2609 licentiam
791 2554 884 2619 debes,
902 2562 927 2609 et
977 2551 1080 2608 tionem
1109 2552 1180 2607 illius
1208 2568 1224 2607 a
1251 2562 1277 2608 to
1306 2553 1364 2609 sine
1399 2569 1481 2609 causa
1510 2562 1536 2609 et
1563 2554 1781 2611 irrationabiliter

125 2641 156 2694 ad
169 2640 324 2712 quamlibet
343 2642 509 2713 provinciam
524 2642 583 2698 sine
597 2643 665 2698 meis
681 2642 776 2698 litteris
791 2642 927 2714 regulari·
978 2641 1120 2696 excitatam
1149 2641 1331 2711 placavimus,
1362 2641 1431 2696 Hinc
1452 2649 1541 2697 autem
1565 2642 1780 2699 ecclesiasticum

126 2738 164 2784 ter
177 2729 316 2800 proficisci
332 2731 376 2787 vel
390 2731 498 2786 mittere
512 2730 620 2804 longius
635 2732 670 2786 ad
682 2731 838 2787 comitatum
853 2747 927 2787 com-
978 2736 1106 2800 expetere
1121 2729 1308 2800 contempsisti
1329 2729 1470 2798 judicium,
1488 2739 1514 2785 et
1529 2730 1686 2802 episcopali,
1709 2731 1780 2788 sicut

125 2817 278 2873 ministrum
293 2827 368 2874 tuum
384 2835 437 2875 non
460 2827 557 2890 potes,
574 2836 624 2874 nec
639 2836 683 2875 me
700 2819 727 2874 in
743 2819 833 2891 aliquo
848 2827 926 2889 post·
977 2816 1139 2888 praecipiunt
1153 2817 1265 2889 regulae,
1282 2817 1321 2871 uti
1333 2817 1443 2873 noluisti
1458 2818 1582 2885 consilio,
1593 2835 1683 2890 neque
1697 2819 1779 2875 rxllam

126 2920 225 2978 ponere
240 2907 328 2964 debes
349 2924 525 2979 praesumere,
541 2916 655 2980 excepto
671 2908 694 2963 si
709 2916 803 2964 contra
817 2924 861 2962 me
875 2907 926 2962 ali·
977 2905 1040 2959 inde
1054 2905 1378 2976 posteasotislactionem
1393 2906 1578 2963 Ecclesiaevel
1588 2907 1780 2964 ecclesiasticis

126 2996 187 3066 quid
203 3010 296 3051 causae
311 3012 366 3052 non
380 2997 518 3063 habueris,
531 3005 559 3051 ut
569 2996 605 3052 ob
616 2998 667 3052 hoc
682 2995 926 3067 apostolicaesedis
978 2992 1083 3066 regulis
1105 2993 1249 3049 exhibuisti
1268 3010 1273 3048 :
1292 2995 1341 3049 sed
1355 3002 1385 3049 ut
1400 2995 1584 3067 scriptumest
1605 2995 1640 3051 de
1660 3011 1695 3052 ea
1719 3011 1780 3069 qum

122 3083 255 3151 judicium
270 3085 434 3156 regulariter
455 3092 575 3157 expetas,
600 3085 669 3141 sicut
689 3084 867 3140 Sardicenscs
880 3099 926 3140 ca·
941 3044 1059 3153 Ctergit
1077 3098 1109 3137 os
1128 3099 1217 3152 suum,
1235 3090 1262 3138 et
1277 3082 1362 3139 dicit:
1379 3084 1441 3139 Non
1463 3100 1524 3138 sum
1543 3092 1657 3155 operata
1677 3085 1780 3140 malum

126 3188 211 3227 nones
230 3180 399 3240 monstrant,
420 3181 447 3229 et
465 3173 638 3230 Innocentius
657 3174 692 3228 ad
707 3173 879 3241 victricium,
901 3181 928 3228 ct
978 3171 1069 3242 (Pron.
1086 3185 1158 3240 xxx,
1175 3171 1232 3241 20),
1250 3171 1287 3226 ita
1301 3180 1345 3226 aut
1360 3188 1415 3227 non
1434 3173 1598 3243 intelligens,
1615 3181 1663 3229 aut
1676 3172 1780 3228 intelli-

127 3259 275 3334 Gregorius
294 3269 321 3316 et
340 3261 430 3317 cateri
457 3263 572 3319 Romani
601 3261 743 3332 pontifices
762 3262 789 3315 in
809 3261 928 3317 decretis
978 3275 1045 3332 gere
1063 3260 1220 3330 pervicacia
1244 3268 1288 3315 tua
1311 3260 1494 3330 dissimulans,
1509 3262 1642 3317 hactenus
1657 3262 1685 3315 in
1699 3261 1780 3317 indo·

127 3351 180 3404 suis
195 3359 426 3417 commemorant,
448 3359 529 3422 atque
549 3350 624 3422 loges
644 3349 844 3422 imperatoriae,
862 3365 928 3421 quas
978 3347 1069 3401 mabili
1093 3348 1263 3403 contumacia
1286 3355 1334 3403 tua
1353 3348 1496 3420 persistis;
1512 3365 1557 3404 me
1573 3364 1681 3420 quoque
1702 3356 1780 3420 post·

126 3438 320 3495 ecclesiastica
334 3440 436 3510 regula·
451 3439 609 3511 approbant,
622 3439 762 3495 evidenter
772 3439 926 3493 ostendunt.
977 3436 1082 3506 posito,
1112 3452 1143 3490 ac
1176 3436 1279 3491 relictis
1311 3436 1460 3506 provinciae
1493 3452 1562 3493 meae
1593 3436 1781 3494 communibus

126 3528 182 3600 Ego
206 3543 258 3598 pro
283 3527 440 3598 hujusmodi
463 3529 583 3599 negotio,
599 3543 650 3584 nec
665 3536 712 3583 tua
732 3527 851 3590 licentia,
878 3541 929 3582 nec
978 3523 1157 3594 coepiscopis,
1174 3524 1278 3579 scilicet
1297 3524 1365 3579 meis
1387 3541 1418 3581 ac
1440 3523 1503 3591 tuis,
1520 3524 1547 3579 in
1562 3525 1615 3580 alia
1628 3525 1779 3596 provincia,

127 3614 221 3672 litteris
242 3624 296 3671 tuae
315 3615 509 3687 singularitatis
527 3615 646 3689 indigeo.
673 3617 713 3671 De
741 3615 784 3670 his
811 3615 929 3686 denique
979 3621 1005 3668 et
1019 3613 1133 3667 aliamm
1154 3613 1357 3683 provinciarum
1380 3613 1569 3684 episcoporum
1585 3613 1649 3670 inde
1664 3613 1702 3669 uti
1716 3629 1782 3672 con-

128 3704 272 3776 exquibus
292 3712 384 3760 certas
399 3713 426 3760 et
439 3703 612 3768 manifestas,
636 3712 717 3776 atquo
739 3703 930 3759 inviolabiliter
980 3700 1040 3756 silio
1059 3701 1148 3773 magis
1167 3716 1250 3772 quam
1268 3709 1362 3757 nostro
1381 3709 1477 3758 contra
1502 3702 1612 3775 regulas
1638 3702 1780 3775 delegisti,

128 3801 150 3848 et
167 3791 403 3866 irrefragabiliter
422 3794 480 3849 sine
499 3793 554 3848 ulla
572 3793 760 3848 immutatione
779 3792 927 3860 tenendas,
980 3805 1042 3846 cum
1057 3805 1111 3862 ego
1125 3789 1153 3843 in
1168 3789 1306 3845 vicinitate
1329 3790 1382 3846 loci
1406 3790 1452 3845 ubi
1474 3791 1590 3846 domnus
1615 3807 1660 3848 rex
1684 3791 1782 3848 immo·

128 3882 278 3938 secundum
299 3881 436 3937 tramitem
458 3882 670 3953 scripturarum,
687 3890 845 3938 sanctorum
860 3896 928 3937 con·
981 3879 1091 3932 robatur
1122 3886 1186 3934 tunc
1215 3877 1332 3945 luerim,
1361 3886 1388 3934 ot
1415 3878 1527 3951 quidam
1556 3879 1783 3952 coepiscoporum

129 3970 249 4026 ciliorum
265 3978 293 4025 et
307 3971 448 4041 postolicae
471 3971 545 4027 sedis
569 3971 701 4025 habemus
726 3970 883 4033 sententias,
908 3969 932 4023 si
981 3975 1136 4022 nostrorum
1159 3982 1221 4022 oum
1239 3966 1287 4023 illo
1308 3967 1461 4039 deguerint.
1488 3967 1586 4040 Sicque
1601 3969 1660 4025 sine
1675 3983 1737 4025 mea
1751 3982 1784 4026 ac

131 4068 217 4115 contra
232 4074 283 4114 eas
298 4058 474 4127 leceris,non
490 4060 578 4115 debeo
592 4067 750 4130 exspectare
765 4056 931 4130 provinciale
982 4057 1209 4127 coepiscoporum
1233 4056 1381 4127 provincia
1408 4072 1476 4112 meae
1503 4056 1638 4112 sententia
1660 4073 1692 4114 ac
1715 4073 1784 4114 con-

131 4148 166 4203 ιιι
177 4147 310 4220 generale
322 4148 479 4214 concilium,
491 4147 534 4203 vol
544 4148 766 4220 coepiscororum
777 4155 932 4203 nostrorum
981 4143 1111 4209 scientia,
1129 4143 1264 4199 transiens
1286 4160 1366 4201 secus
1387 4144 1479 4201 locum
1499 4146 1527 4200 in
1542 4161 1597 4217 quo
1612 4161 1700 4212 eram,
1715 4146 1785 4201 adeo

132 4237 282 4292 consultum
311 4237 369 4292 sivc
398 4236 560 4304 consilium,
591 4237 640 4292 sed
668 4236 756 4291 statim
782 4235 932 4292 secundum
983 4233 1029 4288 libi
1051 4233 1204 4304 proximum
1220 4241 1248 4287 ut
1263 4249 1307 4288 me
1330 4233 1422 4288 videre
1445 4234 1580 4304 possessi
1596 4233 1696 4301 velles,
1722 4234 1786 4306 quia

135 4325 262 4395 majorum
292 4333 320 4381 et
348 4325 561 4381 orthodoxorum
589 4327 698 4380 Petrum
725 4325 876 4390 sententia,
902 4338 933 4379 ea
983 4328 1008 4378 te
1023 4321 1088 4389 vidi,
1106 4321 1216 4392 quando
1231 4322 1290 4376 sine
1304 4320 1359 4376 ulla
1374 4321 1547 4386 necessitate,
1565 4321 1687 4377 velocius
1701 4337 1785 4392 quam

135 4414 267 4487 corrigere
282 4412 372 4468 debeo
388 4429 448 4485 quae
462 4421 559 4470 contra
574 4430 666 4469 corum
683 4413 868 4469 diffinitionem
883 4411 933 4467 ad·
945 4403 971 4463 D
982 4409 1131 4481 episcopali
1159 4409 1282 4480 gravitati
1307 4409 1460 4476 conveniat,
1484 4425 1534 4479 per
1553 4408 1617 4463 inde
1639 4408 1785 4476 transiens,

137 4501 242 4570 miseris,
270 4502 344 4574 quia,
369 4511 399 4557 ut
421 4502 518 4558 beatus
539 4510 671 4558 monstrat
693 4502 828 4572 Gelasius,
845 4504 872 4557 in
887 4502 929 4557 his·
979 4497 1168 4571 irregulariter
1198 4497 1233 4552 ad
1258 4497 1354 4554 sedem
1381 4505 1454 4553 tuam
1483 4496 1604 4563 rediisti,
1641 4505 1786 4568 antequam

980 4587 1129 4657 episcopali
1152 4586 1269 4643 examini
1290 4586 1420 4643 redderes
1441 4587 1592 4652 rationem,
1609 4585 1710 4657 quade
1725 4601 1785 4640 rea

979 4675 1108 4747 parochia
1131 4684 1192 4742 tua,
1216 4684 1242 4731 et
1261 4675 1408 4731 Rhemensi
1431 4673 1572 4746 provincia
1596 4672 1785 4746 irregulariter

980 4772 1026 4819 aut
1048 4764 1185 4821 voluntate
1207 4765 1385 4830 abscesseris,
1402 4771 1448 4819 aut
1462 4764 1496 4818 de
1512 4776 1687 4837 quacunque¹
1700 4777 1783 4818 causa

978 4870 993 4908 a
1009 4869 1171 4927 quocunque
1188 4861 1328 4925 reputatus
1339 4851 1506 4909 viabductus
1521 4850 1665 4907 exstiteris.
1682 4852 1781 4919 «Ideo,

979 4942 1066 5015 inquit
1089 4951 1198 4999 sanctus
1223 4941 1348 4998 Gelasius
1371 4941 1444 5012 (cop.
1460 4939 1517 5011 20),
1533 4947 1647 4997 vocatur
1660 4940 1695 4995 ad
1706 4940 1782 5010 jndi-

980 5030 1053 5088 cium
1080 5041 1154 5087 certe
1183 5045 1352 5103 quaecunque
1381 5043 1515 5100 persona,
1544 5036 1573 5085 ut
1599 5036 1646 5084 aut
1672 5028 1785 5084 fateatur

980 5121 1104 5190 objecta,
1129 5127 1175 5176 aut
1198 5118 1380 5175 convincatur
1403 5117 1525 5188 objectis.
1544 5139 1555 5168 ι
1572 5118 1607 5174 Ει
1626 5117 1787 5173 antiocheni

136 5215 234 5277 icentia
258 5220 399 5292 regulari,
422 5219 577 5275 inordinato
601 5236 687 5289 more,
708 5219 931 5291 proquibusdam
982 5222 1102 5265 canones
1119 5226 1126 5264 :
1145 5229 1156 5258 ι
1175 5208 1204 5262 ¹¹¹
1219 5205 1353 5273 conciliis,
1371 5205 1504 5278 inquiunt,
1521 5205 1610 5262 adsint
1624 5220 1718 5261 ⁰m⁰e⁸
1742 5207 1788 5277 <lui

136 5309 242 5382 negotiis
270 5309 342 5364 siout
371 5306 418 5362 tihi
444 5308 533 5364 visum
548 5307 636 5364 fuerat
651 5307 855 5379 deproperasti,
882 5307 931 5363 sed
984 5313 1014 5353 se
1026 5298 1107 5353 laesoa
1123 5295 1285 5361 existimant,
1299 5302 1326 5351 et
1336 5295 1434 5367 synodi
1449 5294 1621 5366 experiantur
1630 5308 1753 5350 examen.
1771 5314 1783 5344 a

136 5405 155 5451 et
167 5407 262 5468 postea
277 5397 344 5453 inde
354 5395 413 5452 sine
423 5412 486 5452 meo
495 5412 527 5453 ac
537 5397 765 5468 coepiscoporum
775 5405 930 5452 nostrorum
984 5384 1124 5441 Debueras
1149 5384 1231 5458 igilur
1254 5385 1380 5442 d0110V³
1403 5384 1510 5440 110l'iler
1533 5397 1631 5450 081188,
1655 5381 1699 5440 vel
1720 5398 1738 5440 ⁸
1760 5392 1786 5440 ῑθ

135 5487 252 5544 consultu
267 5486 327 5546 sive
342 5500 488 5553 consensu,
503 5500 558 5542 non
574 5485 761 5544 ecclesiastico
777 5485 826 5541 scd
841 5501 930 5544 saecn-
980 5490 1055 5553 acta,
1071 5482 1115 5539 vel
1138 5482 1187 5537 tibi
1212 5482 1303 5550 illata,
1329 5489 1457 5555 expetere
1480 5480 1632 5558 synodum,
1649 5488 1679 5541 ut
1692 5489 1737 5541 aut
1750 5480 1784 5538 de

137 4603 179 4644 non
191 4605 272 4647 norae
281 4590 485 4648 constitutionis
495 4600 599 4657 auctor,
612 4592 661 4646 sed
675 4591 776 4647 vetoris
790 4592 929 4647 constituti

138 4687 270 4737 exsecutor
284 4678 409 4736 existam.

433 4811 545 4868 CAPUT
569 4812 626 4867 Vll.

140 4925 166 4982 lle
180 4943 209 4985 eo
223 4927 297 5001 qaod
316 4929 450 4984 secutori
468 4928 615 4986 consultus
636 4929 754 5000 purgari
775 4929 927 5000 quaesierit.

164 5045 200 5099 Tu
212 5052 307 5100 autem
321 5052 414 5100 contra
429 5051 534 5099 veteres
550 5043 766 5110 constitutiones,
778 5058 832 5098 non
843 5043 930 5099 solum

138 5133 218 5200 toties,
244 5139 274 5187 ut
298 5132 437 5204 praemisi,
462 5148 478 5187 a
502 5131 641 5202 provincia
664 5132 847 5198 Rhemorum,
871 5131 930 5186 sine
