3794 6104
58 237 115 293 ἥδ
811 226 989 285 EPISTOLAE
1656 233 1708 288 226

60 356 164 429 Spiritu
182 356 232 411 Dei
247 355 371 412 conditos
385 354 515 421 insiliunt,
531 353 557 409 id
587 362 628 408 est
655 354 781 426 regimen
808 354 864 408 Ec·
878 353 907 414 A
920 352 1054 411 cularibus
1077 354 1150 409 curis
1178 353 1291 422 inhient,
1317 361 1343 408 et
1367 353 1439 424 quod
1466 353 1611 427 uuicuique
1626 356 1713 412 visum

60 454 152 510 clasiae
166 453 276 524 rapiunt
291 452 380 523 potius
406 467 487 522 quam
514 458 704 521 assequuntur,
730 450 782 517 Qui
806 467 863 506 non
914 442 1121 527 lueritliberius
1144 452 1236 516 agant.
1262 444 1326 497 »Et
1349 442 1410 509 alia,
1435 460 1496 514 quae
1518 443 1545 498 in
1568 442 1623 499 suis
1647 445 1714 502 locis

60 545 163 609 imm,
182 541 279 614 inquit,
294 557 345 613 per
359 541 464 596 ostium
478 542 510 595 in
525 539 595 595 ovate
610 541 712 606 ortium,
735 539 864 594 ascendit
914 532 999 587 lector
1027 532 1150 587 invenire
1180 531 1288 587 valebit.
1318 532 1372 587 Sed
1401 539 1427 586 et
1451 533 1521 587 sicut
1545 533 1572 587 in
1600 533 1715 604 epistola

61 632 188 695 affunde,
205 631 252 687 pic
265 633 315 701 su,
330 634 373 686 θη
387 633 416 684 eg
431 630 503 685 rag-0
520 631 611 698 (poan,
629 644 657 694 x,
677 631 713 697 ι),
731 628 770 682 De
795 644 863 698 qua.
914 620 1002 675 beatae
1019 621 1156 676 memoriae
1167 621 1359 692 Nicolaipapae
1370 621 1404 676 ad
1419 622 1552 691 quosdam
1569 622 1714 693 episcopos

62 720 131 774 libus
145 719 221 774 idem
236 733 286 789 per
299 718 458 788 prophetam
472 716 539 773 dicit
556 718 825 788 :lpairegacaerant
835 720 864 772 et
913 708 1030 779 belgicae
1044 710 1191 780 provincia
1205 710 1310 765 directa
1324 709 1486 775 continetur,
1503 710 1592 766 Graeci
1620 719 1715 767 contra

61 806 861 880 noncaraeprinoipescxstitcruat,ctnoacognocitdac.
913 814 975 852 enm
991 798 1169 865 fremuerunt,
1187 798 1250 870 uuiu
1266 799 1334 868 ipse,
1361 798 1429 854 Siuul
1455 806 1480 853 ul
1503 799 1715 869 Pfuduuuffluuuu

60 912 117 962 vni,
134 897 173 966 l).
193 915 204 946 ι
218 898 312 964 «Asc,
324 893 409 965 inquit
420 894 697 964 Gregorius(Postor.
709 909 728 963 r,
739 910 798 964 cap.
824 893 860 963 t),
913 886 964 952 sui,
982 887 1139 942 sacerdotes
1154 886 1189 941 ab
1203 887 1332 942 uxoribus
1346 886 1485 942 abstinere
1499 889 1639 959 praecepit,
1662 905 1714 945 vo·

31 1009 35 1018 -
60 993 154 1040 ernon
169 999 203 1038 ex
218 983 329 1038 arbitrio
345 983 571 1037 summj1·ect0rjs
586 990 712 1054 regnant,
741 982 787 1053 qui
814 997 863 1036 sua
913 975 1000 1030 lentes
1029 992 1080 1047 per
1103 991 1222 1030 canonas
1244 983 1361 1029 statuere
1384 983 1413 1029 ut
1433 976 1512 1030 liceat
1534 976 1588 1030 illis
1612 992 1713 1033 uxores

15 1086 17 1090 ⁴
60 1073 208 1144 cupiditate
223 1071 343 1136 accensi,
361 1071 469 1126 culmen
484 1071 626 1142 regiminis
641 1071 749 1141 rapiunt
773 1070 862 1140 potius
912 1064 1024 1119 habere·
1042 1066 1099 1119 Nes
1114 1073 1205 1119 autem
1222 1064 1345 1119 moderni
1375 1072 1400 1118 et
1424 1064 1558 1122 Gallicani
1579 1066 1712 1137 episcopi,

59 1167 332 1232 quamassequuntur
344 1177 350 1213 :
364 1159 749 1231 questameninternusjudex
764 1167 790 1213 et
800 1174 862 1228 pro·
912 1168 998 1207 novos
1014 1168 1133 1208 canones
1149 1152 1242 1209 faeere
1257 1168 1396 1215 conamur,
1413 1161 1440 1207 ιιι
1454 1152 1532 1208 liceat
1546 1153 1625 1209 nobis
1640 1155 1712 1225 quod

61 1250 142 1318 vehit,
151 1258 179 1304 et
189 1248 402 1319 noncognoscit,
412 1247 475 1318 quia
485 1263 553 1318 qnos
561 1248 744 1318 permittendo
755 1246 859 1313 tolerat,
912 1241 1022 1312 gravius
1050 1249 1091 1296 est
1129 1256 1210 1312 quum
1248 1241 1350 1296 01111111
1378 1241 1558 1310 commercio,
1598 1241 1714 1313 spirituli

59 1337 183 1410 prolecto
197 1336 377 1408 perjudicium
404 1336 604 1406 reprobationis
632 1336 782 1408 ignorat.»
814 1335 861 1389 Ti·
912 1328 1054 1393 adulterio,
1071 1337 1116 1384 aut
1132 1330 1200 1385 duas
1210 1345 1318 1391 uxores,
1335 1329 1363 1383 id
1379 1337 1420 1383 est
1433 1331 1502 1384 duas
1526 1330 1605 1385 sedes
1633 1331 1714 1386 simul

59 1427 157 1482 menda
173 1425 313 1497 estigitur
327 1424 367 1479 eis
381 1424 427 1495 qui
441 1424 540 1478 talibus
556 1423 676 1480 lavante
701 1425 778 1478 beato
803 1423 860 1477 Ge·
911 1418 1021 1483 babere,
1045 1427 1089 1472 ant
1116 1435 1227 1473 uxorem
1252 1418 1331 1472 simul
1360 1427 1386 1472 et
1414 1418 1592 1474 concubinam
1608 1428 1711 1491 tenere,

59 1516 127 1570 iasio
143 1515 180 1569 ad
191 1529 303 1568 sensum
318 1512 458 1584 praemissa
467 1513 599 1568 sententia
616 1513 701 1577 Pauli,
713 1529 767 1584 (pua
775 1512 858 1566 dicit:
911 1506 953 1559 vel
969 1507 1076 1562 vivente
1091 1507 1153 1561 lieul
1167 1506 1272 1561 iusuuu¹
1296 1523 1391 1573 uuul'ur
1412 1507 1439 1561 id
1455 1516 1496 1563 0⁵1
1511 1507 1635 1563 Eculusiu
1658 1525 1710 1564 ¹10·

59 1605 116 1660 Non
144 1604 296 1674 solumqui
310 1602 432 1672 saciant,
444 1600 860 1674 3εάᾳυίεοπειιιιίιιηιίαεὶοιι-
911 1605 965 1648 stra
989 1595 1179 1665 persecutione
1203 1595 1323 1667 qualibet
1344 1596 1426 1650 rebus
1439 1612 1470 1651 ac
1489 1596 1713 1666 possessionibus

61 1692 590 1762 tibuadignitantmortatltomn,aa),
602 1689 774 1760 quia,ntLeo
785 1689 859 1753 dicit,
875 1682 1061 1766 Bimminuta,
1079 1684 1113 1738 ad
1136 1684 1248 1739 alterius
1274 1685 1400 1754 copulam
1425 1685 1629 1756 transmigrare.
1645 1687 1712 1741 Cum

57 1781 83 1834 in
99 1779 195 1834 talium
209 1778 370 1849 praelatione
385 1793 439 1833 nou
453 1786 495 1832 est
509 1777 616 1848 populis
630 1778 783 1841 consulere,
813 1777 862 1832 sed
912 1772 980 1826 sicut
1000 1773 1041 1827 ιιι·
1064 1789 1119 1827 non
1144 1773 1226 1826 babet
1252 1782 1415 1843 potestatem
1438 1773 1560 1844 corporis
1587 1775 1639 1845 sui,
1664 1777 1712 1831 sed

57 1883 165 1935 nocere,
178 1883 231 1922 nec
240 1872 372 1937 praestare
382 1866 514 1939 regimen,
528 1866 578 1920 sed
592 1881 694 1938 augere
705 1867 861 1932 discrimen,
912 1860 1018 1928 mulier,
1035 1862 1154 1932 quandiu
1170 1878 1236 1916 uxor
1252 1862 1310 1929 ejus
1325 1861 1388 1917 licet
1408 1862 1528 1917 intirmat
1543 1862 1617 1927 vivit,
1635 1864 1670 1918 ita
1686 1872 1713 1920 et

107 1957 183 2011 XlV.
203 1954 283 2023 Quod
297 1955 440 2025 scripsisti,
457 1955 615 2025 episcopum
630 1955 664 2009 de
692 1971 746 2025 quo
770 1955 861 2026 agitur
912 1945 1057 2015 episcopus
1072 1961 1126 2000 non
1141 1945 1223 1999 habet
1237 1952 1399 2015 potestatem
1414 1946 1569 2014 ecclesiam,
1586 1947 1712 2003 videlicet

56 2045 145 2101 dicere
160 2044 196 2099 ad
211 2044 382 2099 excusandas
396 2044 584 2098 exeusationes
599 2043 626 2096 in
642 2044 771 2112 peccatis,
793 2058 860 2113 quo·
911 2031 1017 2101 plebum
1046 2048 1123 2087 suum
1148 2035 1289 2102 (lusul'ulur
1318 2042 1345 2088 θῑ
1373 2033 1486 2088 ulturum
1509 2034 1641 2090 inludere
1668 2036 1711 2092 lul

56 2130 124 2184 niam
139 2129 245 2183 suntin
272 2128 380 2183 civitate
404 2127 557 2197 metropoli,
583 2127 611 2180 in
640 2143 694 2198 qua
721 2127 860 2182 ordinatus
910 2136 1051 2191 usurpare,
1078 2122 1208 2192 quaudiu,
1235 2121 1304 2185 Sicut
1327 2129 1436 2177 uuuulus
1456 2123 1623 2194 Augustinus
1647 2124 1712 2180 dieii

56 2217 148 2287 fuerat,
173 2217 292 2271 ministri
320 2215 508 2281 ecclesiastici,
540 2215 587 2285 qui
615 2215 793 2287 indigentium
808 2232 859 2271 ne·
910 2210 1003 2281 (epist.
1022 2214 1083 2276 tat,
1100 2211 1261 2279 llonorato),
1280 2211 1356 2265 inea
1371 2210 1473 2266 residui
1496 2219 1557 2265 sunt
1585 2213 1710 2268 conservi

53 2304 224 2361 cessitatibus
238 2311 354 2375 possunt
375 2303 529 2368 consulere,
546 2303 594 2357 sed
619 2303 678 2372 ipse
703 2319 757 2358 non
788 2304 858 2359 lrabe
909 2297 960 2363 sui,
976 2298 1073 2369 quibus
1087 2299 1208 2369 praebeat
1221 2299 1333 2363 cibaria,
1359 2316 1428 2370 quos
1449 2299 1528 2355 aliter
1549 2299 1641 2356 vivere
1656 2317 1710 2358 non

56 2393 247 2449 sufficientiam
263 2409 356 2447 rernm
370 2408 400 2448 ac
414 2390 580 2456 facultatum,
598 2391 697 2463 quibus
712 2391 738 2445 in
762 2407 795 2447 ca
809 2393 859 2447 bo·
907 2401 990 2456 posse
1006 2388 1092 2442 norit.
1113 2386 1192 2456 Quod
1206 2387 1229 2443 si
1243 2387 1348 2453 fecerit,
1364 2396 1439 2443 tanto
1452 2389 1540 2458 majus
1567 2390 1710 2446 committit

54 2482 210 2538 notabiliter
223 2481 310 2553 possit
325 2480 484 2546 subsistere,
514 2481 586 2535 unde
615 2496 644 2534 50
672 2489 785 2535 conatur
813 2497 860 2535 0¹.
908 2475 1081 2541 adulterium,
1098 2484 1197 2547 quanto
1217 2475 1369 2546 spiritaliter
1396 2477 1540 2543 adulterat,
1562 2486 1588 2533 et
1601 2478 1709 2550 plebem

56 2587 161 2636 cosme,
177 2569 242 2624 inde
257 2569 348 2642 magis
363 2569 468 2623 videtur
481 2583 623 2633 accusare,
651 2576 678 2622 et
703 2569 860 2639 cupiditatis
908 2578 985 2617 suam
1014 2564 1165 2620 adulterare
1190 2564 1264 2631 facit,
1294 2564 1317 2619 si
1344 2565 1420 2620 alteri
1442 2581 1475 2621 eo
1503 2566 1611 2621 vivente
1632 2576 1658 2622 et
1681 2568 1709 2623 in

55 2668 129 2731 atque
143 2658 268 2714 cauterio
284 2656 441 2712 ambitionis
455 2657 575 2721 inurere,
592 2656 637 2728 qui
660 2657 722 2728 plus
745 2673 858 2727 posses·
908 2652 1052 2707 sacerdotii
1071 2652 1255 2707 incolumitate
1279 2662 1406 2708 manente
1429 2671 1458 2708 se
1484 2654 1614 2722 junxerit,
1645 2655 1710 2726 quia

56 2749 143 2802 aiones
168 2756 294 2802 terrenas
318 2761 400 2817 quam
426 2745 575 2800 animarum
604 2745 678 2801 lucra
706 2745 813 2801 videtur
827 2763 858 2802 ac
907 2740 1004 2795 muller
1018 2757 1073 2795 u0u
1088 2741 1170 2794 hebel
1185 2749 1347 2812 potestatem
1362 2741 1487 2811 0011101ίὸ
1502 2742 1552 2807 sui.
1579 2742 1628 2797 sud
1655 2743 1707 2810 Vir,

56 2837 169 2908 quirem.
187 2834 415 2889 Debueratenim
431 2834 458 2887 in
471 2842 562 2889 mente
577 2834 681 2889 habere
697 2835 770 2905 quod
799 2835 853 2906 spi·
908 2829 1024 2898 quandiu
1039 2829 1080 2883 vir
1098 2829 1156 2898 ejus
1185 2829 1259 2898 vivit,
1289 2839 1316 2884 et
1337 2830 1446 2900 plebem
1469 2846 1551 2902 quam
1578 2831 1709 2886 invaserit

55 2923 115 2977 ritus
131 2923 218 2978 Paulo
234 2922 311 2988 dixit,
327 2931 354 2978 ut
370 2937 424 2977 non
453 2922 537 2977 exiret
561 2921 595 2977 de
623 2922 731 2977 civitate
755 2924 782 2976 in
806 2940 858 2994 qna
908 2932 1000 2971 seeum
1024 2917 1181 2972 adulterare
1205 2918 1278 2985 lacit,
1309 2927 1338 2972 ut
1366 2919 1461 2973 beatus
1491 2919 1664 2975 Innocentius
1679 2920 1707 2974 in

53 3012 74 3066 ei
87 3013 190 3066 multus
206 3011 325 3083 populus
341 3020 406 3081 erat,
427 3011 477 3066 sed
503 3019 658 3067 constanter·
686 3011 854 3081 praedicaret.
881 3083 887 3091 ἡ
908 3005 1025 3060 decretis
1039 3006 1095 3060 suis
1110 3006 1237 3073 ostendit,
1254 3007 1369 3078 loquens
1383 3009 1417 3061 de
1434 3007 1545 3078 repudio
1560 3008 1612 3064 viri
1627 3016 1708 3082 atque

54 3098 117 3168 Quid
134 3101 212 3155 enim
227 3100 289 3167 scit,
304 3106 394 3155 utrum
409 3100 534 3155 multide
549 3101 664 3172 paganis
679 3100 741 3169 illis,
759 3101 805 3171 qui
829 3100 857 3155 in
908 3094 1008 3159 uxoris,
1039 3096 1111 3166 quod
1142 3095 1240 3150 merito
1264 3096 1470 3167 intelligendum
1485 3112 1517 3153 ac
1541 3098 1709 3168 sequendum

55 3190 144 3244 eadem
158 3189 270 3244 civitate
285 3187 415 3255 habitant,
434 3189 486 3243 sint
501 3204 518 3243 a
536 3190 594 3243 Deo
621 3188 807 3259 predestinati
823 3189 857 3243 ad
908 3184 979 3237 etde
995 3183 1106 3254 spiritali
1121 3184 1242 3255 episcopi
1256 3193 1282 3239 et
1296 3184 1438 3254 Ecclesia,
1463 3185 1490 3239 in
1513 3200 1566 3257 qua
1589 3186 1707 3256 primum

55 3277 142 3344 rium,
160 3277 209 3349 qui
224 3293 276 3347 per
299 3277 522 3347 pradicationem
543 3277 601 3344 eius
629 3277 683 3331 oris
711 3286 738 3332 et
766 3278 857 3347 operis
908 3281 1119 3346 ordinatusfuit,
1138 3281 1336 3350 conjunctione.
1577 3264 1586 3288 ⁵

55 3366 174 3421 converti
203 3372 338 3436 poterant,
367 3373 394 3420 et
425 3365 472 3419 ubi
495 3365 640 3420 Christiani
667 3374 728 3420 sunt
759 3366 856 3420 salvari
946 3367 1081 3436 «Deliis,
1097 3367 1705 3440 inquittepist,ll‚adExuperiam),requi-

55 3455 183 3520 ruerent,
202 3453 270 3508 siin
282 3468 315 3508 ea
331 3462 462 3519 maneret,
484 3454 593 3508 etiamsi
618 3455 769 3509 necessitas
795 3471 856 3508 eum
908 3454 968 3508 sirit
983 3455 1092 3510 dilectio
1107 3464 1162 3519 tua,
1185 3455 1231 3524 qui
1252 3455 1446 3509 interveniente
1470 3455 1582 3525 repudio
1610 3456 1662 3511 alio
1677 3473 1707 3511 se

54 3541 149 3597 ibidem
165 3541 258 3596 taliter
272 3557 386 3597 manere
400 3549 522 3613 cogeret,
540 3542 610 3597 sicut
627 3541 726 3596 l‘aulus
741 3558 771 3596 se
782 3557 858 3596 man·
907 3542 1077 3597 matrimonio
1092 3543 1263 3612 copularunt,
1282 3560 1350 3614 quos
1365 3543 1393 3596 in
1408 3551 1522 3614 utraque
1536 3552 1612 3614 parte
1626 3545 1705 3599 adul-

55 3630 115 3686 sisse
137 3630 215 3702 apud
240 3630 395 3685 Corinthios
417 3630 506 3684 dixit:
523 3633 589 3702 Ego,
612 3630 748 3701 inquiens,
767 3633 797 3685 in
812 3633 856 3685 irt-
907 3638 1047 3685 lerosesse
1054 3630 1228 3685 manifestum
1236 3638 1286 3685 est.
1295 3630 1348 3698 Qui
1365 3631 1423 3686 viro
1436 3631 1479 3687 vel
1488 3648 1572 3687 uxore
1586 3632 1703 3701 vivente,

55 3719 186 3786 bmuate
201 3723 230 3774 et
247 3721 347 3774 timore
361 3723 390 3775 et
405 3723 526 3775 tremore
541 3719 632 3775 mallo
655 3720 700 3790 sati
715 3720 799 3789 apud
813 3736 858 3776 voa
906 3719 1031 3789 quamvis
1055 3719 1232 3774 dissociatum
1256 3719 1380 3774 rideatur
1403 3736 1464 3775 esse
1488 3721 1654 3793 conjugium,
1670 3723 1704 3776 ad

57 3807 144 3877 (lCor.
162 3822 194 3874 ιι,
213 3811 251 3876 3).
276 3806 362 3880 Legat
375 3806 459 3879 igitur
482 3807 615 3862 decimam
640 3815 761 3877 quartam
784 3808 857 3865 beati
906 3806 986 3861 aliam
1001 3807 1125 3878 copulam
1140 3806 1311 3873 festinarunt,
1334 3824 1424 3879 neque
1448 3817 1562 3878 possunt
1587 3810 1704 3865 adulteri

55 3895 174 3969 Gregorii
191 3894 332 3950 homiliam
348 3912 380 3950 ex
394 3896 511 3951 lectione
526 3895 613 3951 sancti
628 3895 783 3968 Evangelii,
801 3898 854 3966 Epo
905 3912 959 3950 non
975 3896 1070 3962 videri,
1086 3897 1230 3951 intantum
1246 3906 1274 3951 nt
1288 3897 1367 3952 etiam
1381 3898 1440 3952 baec
1454 3913 1580 3967 personae
1608 3899 1705 3970 quibus

55 3999 107 4039 tant
120 3989 223 4056 pastor
237 3984 325 4039 bonas
341 3985 431 4052 (loon.
448 3998 488 4052 ιιι,
508 3986 561 4053 tlt,
573 3991 600 4038 et
610 3982 730 4037 inveniet
741 3984 855 4054 qualiter
905 3984 972 4038 tales
987 3985 1122 4053 conjuncti
1137 3994 1207 4051 sunt,
1224 3985 1305 4041 etiam
1328 3986 1380 4056 ipsi
1403 3986 1565 4041 adulterium
1588 3989 1705 4042 commi·

56 4079 228 4144 acquantum
242 4073 277 4126 ab
292 4072 452 4128 auctoritate
467 4080 493 4127 et
508 4088 558 4127 suo
571 4072 668 4127 ordine
692 4073 852 4128 deviaverit.
905 4071 973 4127 sisse
1002 4073 1152 4143 videantur,
1178 4075 1326 4129 secundum
1350 4075 1415 4131 illud
1436 4076 1509 4147 quod
1537 4075 1653 4148 legimus
1677 4077 1705 4131 in

57 4157 99 4215 Sed
113 4170 141 4216 et
151 4160 317 4216 scandalum
331 4160 359 4214 in
374 4160 500 4215 Ecclesia
514 4160 597 4228 irrisit,
614 4160 684 4216 sicut
698 4168 725 4215 et
742 4161 853 4232 quidam
903 4161 1053 4232 Evangelio
1069 4179 1076 4216 ε
1092 4162 1144 4228 Qui
1159 4163 1299 4218 dimiserit
1314 4179 1432 4219 uxorem
1447 4181 1529 4219 suam
1544 4169 1573 4219 et
1587 4165 1705 4221 deberit

58 4248 176 4320 episcopi,
195 4249 278 4303 etiam
293 4265 308 4301 a
324 4249 406 4319 longe
427 4248 647 4319 precedentibus
673 4249 851 4319 temporibus,
903 4251 1701 4323 aliam,moecltatatr2rirnilitereiqaidiatisramdoecrit,

58 4338 206 4392 sandalum
225 4353 276 4408 pro
287 4352 338 4391 sua
352 4336 442 4408 quiete
457 4345 484 4391 et
499 4336 683 4407 voluptatibus
698 4337 726 4391 in
752 4338 850 4393 Eccle-
902 4339 1059 4393 maecltatar
1073 4339 1182 4406 ltllattlr.
1200 4355 1226 4402 v,
1243 4341 1298 4406 all,
1312 4348 1338 4392 et
1354 4339 1414 4393 ideo
1430 4354 1524 4395 omnes
1543 4356 1559 4393 a
1581 4356 1702 4396 commu·

60 4423 112 4480 siam
134 4425 355 4491 intromiserunt,
386 4426 541 4480 ordinantes
571 4426 793 4496 chorepiscopos,
823 4415 885 4482 etD
900 4425 1111 4481 nionesrdelium
1126 4426 1357 4482 abstinendos.at
1372 4427 1406 4482 sit
1420 4444 1489 4482 uxor
1503 4427 1634 4498 episcopi,
1651 4444 1700 4484 cc-

61 4511 159 4585 a'squa
175 4513 291 4569 summis
305 4512 478 4584 pontificibus
492 4514 657 4569 conveniunt
678 4530 762 4586 agere
785 4531 850 4585 per·
901 4514 983 4569 clesia
998 4514 1101 4570 scilicet
1115 4531 1147 4570 ac
1161 4515 1291 4586 parochia
1306 4516 1373 4585 ejus,
1394 4515 1473 4570 luerit
1501 4515 1621 4587 qualibet
1646 4531 1698 4586 op-

60 4601 194 4658 nittentes.
212 4603 289 4670 Quos
303 4603 456 4672 apostolica
471 4603 553 4659 sedes
569 4603 669 4674 saepius
684 4603 849 4673 reprobavit,
901 4603 1043 4674 pressione
1064 4604 1229 4674 peccationis
1250 4604 1382 4670 desolata,
1398 4604 1427 4659 id
1441 4612 1482 4658 est
1495 4604 1530 4658 de
1554 4603 1613 4659 solo
1643 4603 1699 4659 ela·

61 4696 79 4741 et
89 4691 241 4761 apostolico
255 4706 386 4746 mucrone
400 4691 506 4758 recidit,
522 4691 590 4746 sicut
613 4692 641 4747 in
669 4692 851 4747 decretalibus
900 4708 959 4762 psa,
975 4700 1003 4746 ut
1017 4691 1045 4747 in
1059 4708 1092 4747 ea
1106 4708 1160 4749 non
1175 4703 1330 4749 remaneant
1346 4693 1442 4765 quibus
1464 4708 1578 4748 necesse
1600 4693 1635 4747 sit
1648 4693 1699 4748 mi·

62 4790 138 4834 aarum
154 4779 203 4851 qui
227 4779 343 4834 voluerit
364 4794 508 4835 recensere
531 4779 660 4834 inveniet.
686 4781 759 4835 Inter
782 4796 851 4852 quos
900 4781 1027 4847 nistrare,
1044 4781 1116 4838 licite
1130 4784 1202 4838 valet
1220 4783 1364 4853 episcopus
1388 4782 1422 4836 ad
1450 4789 1594 4838 vacantem
1617 4782 1699 4838 aliam
1756 4833 1758 4838 .

62 4861 180 4923 Damasus
196 4883 269 4938 papa
284 4868 318 4923 de
334 4867 430 4922 talibus
445 4867 510 4924 dicit
525 4867 660 4938 episcopis
675 4870 768 4939 (epist.
785 4872 801 4923 5
816 4870 851 4924 ad
900 4869 1044 4925 ecelesiam
1060 4872 1263 4944 transmigrare,
1280 4871 1348 4927 sicut
1363 4887 1444 4940 supra
1454 4870 1546 4926 verbis
1557 4871 1698 4927 beatorum

65 4956 134 5020 leisc.
151 4956 304 5026 Numidica)
320 4975 329 5010 .·
346 4977 357 5007 ι
375 4955 426 5021 Illi,
438 4955 574 5027 inquiens,
585 4956 715 5028 episcopi,
726 4957 771 5028 qui
786 4957 852 5011 talia
900 4960 1043 5031 Augustini
1057 4970 1137 5032 atque
1152 4960 1279 5032 Gregorii
1294 4960 1565 5016 estdemonstratum.
1577 4961 1697 5032 Etplebs

66 5040 106 5096 sibi
134 5053 314 5114 praesumunt,
338 5044 464 5099 videntur
486 5045 552 5100 milri
575 5061 636 5100 esse
666 5046 854 5102 meretricibus
900 5047 1029 5118 episcopo
1045 5065 1094 5103 suo
1108 5048 1225 5112 viduata,
1242 5048 1269 5101 id
1285 5055 1326 5102 est
1341 5064 1448 5115 vacans,
1471 5065 1554 5106 carne
1584 5050 1626 5105 vel
1650 5066 1697 5105 re-

68 5128 167 5199 similes,
182 5149 244 5204 quae
258 5133 350 5187 atatim
373 5140 401 5187 ut
416 5133 532 5203 pariunt,
556 5133 675 5190 infantes
700 5150 766 5189 suos
792 5135 851 5188 aliis
900 5135 1168 5206 gulariterdeluncto
1192 5136 1346 5192 sacerdotio
1369 5137 1527 5209 episcopum
1550 5137 1697 5204 viduatum,

66 5221 200 5276 uutncibns
215 5222 325 5278 tradunt
342 5221 506 5288 educandos,
524 5231 552 5277 ut
580 5239 657 5278 suam
684 5223 764 5278 citius
786 5224 851 5278 libi-
899 5223 927 5278 id
942 5233 983 5280 est
998 5234 1146 5289 vacantem,
1162 5225 1324 5295 regulariter
1339 5235 1428 5296 potest
1442 5227 1591 5297 suscipere,
1612 5225 1696 5281 veluti

68 5304 142 5364 dinem
159 5311 271 5382 explere
286 5310 403 5365 valeant.
421 5311 464 5366 Sic
480 5319 506 5365 et
520 5310 564 5366 isti
589 5310 705 5368 infantes
733 5328 807 5378 suos,
823 5312 850 5381 id
899 5312 1045 5382 Apostolus
1060 5313 1093 5367 de
1107 5312 1221 5367 muliera
1236 5312 1301 5369 dicit
1317 5332 1323 5368 :
1340 5317 1453 5381 Mortuo,
1470 5314 1604 5386 inquiens,
1624 5316 1693 5381 viro,

65 5404 95 5449 est
107 5399 218 5470 populos
231 5399 283 5455 sibi
299 5400 476 5467 commissos,
487 5400 547 5455 aliis
561 5401 716 5456 educandos
729 5401 847 5468 tradunt,
898 5402 987 5456 nabot
1001 5401 1048 5456 cai
1061 5402 1131 5467 vult,
1150 5406 1264 5458 taratara
1279 5405 1310 5458 ia
1326 5405 1442 5459 Domino
1471 5403 1496 5472 (l
1505 5404 1565 5459 Cor.
1576 5417 1625 5474 ιιι,
1638 5407 1694 5474 39).

64 5490 85 5543 ut
96 5501 152 5544 suas
165 5488 294 5547 libidines
309 5488 446 5561 expleant,
471 5489 499 5545 id
514 5497 554 5546 est
567 5505 617 5561 pro
632 5504 680 5545 suo
699 5489 775 5547 libitu
794 5506 849 5546 sae·
899 5489 1015 5547 Sanctus
1029 5489 1129 5561 quippe
1144 5490 1281 5559 Leo,inter
1294 5491 1447 5564 precipuos
1462 5491 1536 5549 sedis
1547 5492 1696 5563 Romanae,
