3794 6104
126 214 178 274 998
622 215 651 273 S.
667 215 845 274 humanat
859 215 1039 275 munuae.
1055 219 1165 278 EPISC.
1587 241 1596 267 ¹
1730 230 1784 285 996

131 338 254 396 sitatione
268 337 434 397 certificatus
448 339 475 395 in
488 348 589 406 mente,
604 341 662 396 sine
682 341 854 398 cunctatione
868 359 929 414 quae
943 340 1119 414 Aquaerebat
1134 344 1264 414 coelestia,
1281 362 1342 418 quae
1356 363 1405 418 per
1419 347 1597 419 hyacinthum
1622 348 1785 422 significan·

127 429 235 503 agenda
250 437 337 495 erant,
354 429 524 500 disponebat.
543 450 554 479 ι
572 431 634 485 llaec
648 430 682 485 de
699 430 758 485 Vita
782 431 840 499 ejus
863 431 924 487 ido·
977 439 1035 497 tur;
1051 449 1102 504 pro
1117 434 1217 489 Christi
1232 435 1342 491 nornine
1356 453 1441 507 usque
1460 437 1497 492 ad
1517 437 1680 509 martyrium
1702 454 1782 508 para-

128 533 197 573 neus
211 518 360 574 inseruisse
375 517 460 573 lector
473 517 615 590 intelligat,
627 527 656 573 ut
666 535 698 574 ex
709 520 761 575 hoc
771 519 927 575 testimonio
978 528 1029 586 tus,
1047 523 1118 593 quod
1133 523 1292 596 intelligitur
1305 524 1333 577 in
1348 541 1487 596 purpura;
1504 541 1599 582 amore
1611 527 1663 581 Dei
1679 535 1706 582 et
1720 543 1782 599 pro-

130 607 362 677 comprobarctur,
377 606 443 660 nihil
458 622 519 661 eum
534 607 569 661 ad
584 607 741 678 petitionem
755 608 835 677 hujus
859 623 926 662 san·
977 609 1041 664 rimi
1055 610 1182 683 flagrans,
1200 612 1272 683 quod
1287 630 1337 683 per
1352 629 1465 670 coccum
1480 615 1523 669 bis
1547 615 1664 671 tinctum
1689 616 1780 687 expri-

129 694 241 751 ctissimi
269 693 394 765 discipuli
422 694 464 749 sui
491 695 630 751 humberti
659 696 850 766 respondisse,
874 695 926 750 nisi
976 699 1067 753 mitur.
1085 700 1118 754 Et
1134 699 1204 756 sicut
1220 701 1318 771 byssus
1334 701 1368 757 de
1379 710 1449 757 terra
1457 711 1533 758 eruta
1543 703 1632 776 longo
1641 705 1779 769 exercitio,

130 784 203 855 quod
217 783 243 837 in
259 783 311 837 hoc
326 783 406 838 tridui
422 783 510 854 spatio
524 784 607 839 menti
622 785 680 852 ejus
690 784 807 856 Spiritus
818 793 926 840 sanctus
977 786 1106 854 siccandi,
1132 789 1272 858 tundendi,
1299 791 1443 863 purgandi,
1466 792 1615 863 coquendi,
1639 800 1667 847 et
1688 792 1779 858 nendi,

127 870 234 934 infudit,
247 872 324 940 juxta
339 873 509 937 sententiam,
536 889 618 943 quam
642 873 723 928 etiarn
746 873 871 945 superius
892 873 926 928 de
976 876 1149 948 gramineum
1164 878 1233 933 solet
1247 879 1373 948 perdere,
1388 888 1414 934 et
1429 879 1577 935 candidum
1601 881 1631 935 in
1656 897 1687 936 se
1709 881 1775 937 reci·

127 959 240 1015 Actihus
253 959 439 1031 apostolorum
454 960 625 1032 protulimus.
792 1034 795 1039 Ι
976 979 1040 1034 pere
1065 965 1185 1020 colorem
1207 983 1214 1020 ε
1236 967 1271 1020 ita
1298 968 1358 1036 ipsc
1386 983 1447 1023 cum
1475 984 1576 1041 magno
1606 969 1779 1026 continentia

976 1051 1070 1109 labore
1086 1054 1163 1125 quasi
1180 1054 1296 1110 nativum
1313 1056 1446 1111 exsudans
1461 1057 1618 1125 humorem,
1645 1057 1680 1112 ad
1695 1058 1778 1114 dero-

428 1125 541 1183 CAPUT
565 1125 623 1181 Vll·
976 1157 1035 1195 rem
1050 1141 1142 1214 dignae
1156 1143 1214 1198 Deo
1227 1144 1332 1214 puratis
1352 1145 1444 1200 solerti
1463 1145 1635 1214 jejuniorum
1654 1155 1686 1201 et
1709 1146 1778 1218 vigi-

976 1228 1072 1283 liarum
1102 1237 1128 1286 et
1155 1231 1308 1286 orationum
1341 1241 1367 1287 et
1394 1233 1548 1299 lectionis,
1583 1233 1725 1304 patientiae
1755 1243 1779 1290 et

127 1355 197 1410 risio
214 1354 337 1427 quaedam
353 1355 387 1410 de
402 1355 462 1425 ipso
476 1355 597 1410 revelato
611 1355 781 1425 procuratori
798 1353 925 1410 antistitis
976 1318 1136 1372 humfflmus
1150 1320 1277 1375 mmmm
1291 1321 1423 1390 pervenit·
1439 1320 1546 1389 onibus
1569 1322 1703 1377 munibus
1726 1323 1777 1378 ‘in‘

128 1445 217 1515 ΡΜ
241 1460 303 1498 mox
332 1451 412 1499 noem
435 1442 567 1497 adventus
591 1444 649 1511 ejus
673 1443 923 1516 Hammaburgum,
976 1406 1117 1461 tinnabula
1132 1408 1224 1505 habuit
1239 1408 1371 1507 permista
1389 1428 1396 1464 :
1413 1410 1475 1481 quia
1488 1425 1553 1508 raro
1574 1411 1652 1508 aliud
1675 1411 1778 1509 abillo

128 1549 189 1588 cum
205 1532 264 1603 ipse
280 1533 369 1587 adhuc
383 1532 410 1585 in
425 1531 514 1602 prima
526 1539 604 1586 aetate
619 1531 808 1587 adolescentiae
821 1531 923 1587 fuisset.
976 1511 1056 1565 quam
1085 1496 1274 1565 mmmmm
1304 1506 1434 1552 *mutum
1464 1513 1648 1553 ⁵u³v¹⁸⁵¹m¹¹⁵
1677 1510 1777 1554 ⁵⁰⁰¹¹¹¹⁵

129 1620 280 1675 Videbatur
300 1619 373 1674 enirn
395 1619 483 1676 eidem
508 1620 678 1691 procuratori
700 1619 861 1691 conperisse
884 1636 923 1688 se,
975 1583 1144 1649 mmmm*
1175 1601 1221 1656 ‘¹¹¹¹
1249 1602 1358 1639 rursum
1386 1602 1499 1656 ⁰p⁹r¹¹m
1528 1603 1591 1655 ²¹⁰⁸
1616 1586 1777 1644 snbhm'm‘

127 1708 217 1779 ipsum
233 1708 406 1764 liembertum
428 1708 533 1763 sedisse
557 1708 584 1762 in
610 1707 719 1781 fastigio
740 1708 859 1774 oratorii,
885 1671 1141 1762 si·l3⁸¹¹d¹eanum
1172 1673 1306 1772 &⁰⁸¹¹qu
1337 1675 1610 1773 ⁰⁰¹nm⁶⁰q⁸b³mh
1649 1684 1719 1774 ΜΨ
1739 1685 1775 1774 ,⁰³

127 1796 673 1871 gnumqueecclesiaeunum,qu0d1103
697 1797 818 1853 cloccam
842 1813 924 1853 ,003-
976 1775 1093 1830 sequens
1115 1761 1150 1815 de
1173 1761 1219 1816 ilio
1243 1761 1322 1831 hujus
1346 1763 1469 1833 opusculi
1494 1771 1585 1818 textus
1609 1763 1776 1820 manifestius

127 1902 198 1954 mus,
227 1886 255 1939 in
278 1885 348 1941 coelo
371 1885 540 1956 apparuisse,
563 1902 578 1939 a
603 1901 657 1957 quo
678 1886 797 1958 ligamen
813 1885 923 1953 lineum,
975 1849 1111 1904 ‘’stende“

126 1982 155 2029 ut
182 1973 302 2041 assolet,
329 1973 355 2028 in
377 1972 488 2028 modum
514 1973 586 2028 lunis
607 1974 756 2029 demissum
780 1990 867 2046 usque
891 1974 926 2030 ad
1272 2006 1385 2065 CAPUT
1406 2009 1466 2064 vm

127 2062 216 2133 ipsum
230 2063 398 2133 dependeret
414 2062 592 2128 llimbertunr,
609 2079 660 2134 per
678 2063 750 2134 quod
771 2063 830 2134 ipse
854 2063 926 2118 idem
1469 2051 1476 2064 ⁹

127 2150 235 2224 signum
264 2151 385 2206 hilariter
412 2151 543 2217 traxisse,
574 2159 600 2205 et
629 2166 697 2207 sono
725 2151 783 2220 ejus
811 2151 927 2206 dulciter
1011 2147 1079 2203 Cum
1091 2148 1180 2204 adhuc
1195 2157 1267 2205 esset
1284 2149 1310 2203 in
1321 2150 1622 2222 ohsequiodecessoris
1631 2152 1674 2206 sui
1688 2153 1771 2207 domni

126 2239 276 2296 delectatus
304 2255 365 2294 esse
394 2238 546 2295 videbatur.
574 2239 623 2294 Cui
647 2240 752 2295 somnio
777 2256 926 2312 congruam
975 2237 1114 2308 hosgarii,
1137 2237 1262 2308 apparuit
1282 2238 1307 2293 ei
1331 2239 1476 2310 presbyter
1500 2239 1636 2294 Amulius
1655 2241 1711 2310 jam
1732 2243 1770 2295 diu

126 2344 159 2383 er
191 2327 289 2384 divinis
315 2328 463 2399 Scripturis
489 2327 738 2399 interpretationem
773 2328 926 2399 reperimus
975 2323 1129 2391 defunctus,
1145 2334 1173 2380 et
1187 2327 1356 2397 percontanti
1371 2328 1405 2382 dc
1425 2328 1484 2396 ejus
1508 2344 1595 2384 causa
1616 2329 1644 2383 in
1669 2329 1770 2384 alterius

126 2416 227 2488 (deod.
245 2430 347 2471 xxviii.
381 2416 538 2486 Praecipitur
552 2416 620 2472 hiosi
641 2431 658 2470 a
681 2417 807 2484 Domino,
830 2424 859 2471 ut
881 2416 925 2471 in·
976 2413 1068 2468 saculi
1082 2413 1137 2468 vita
1151 2414 1275 2470 dolenter
1290 2415 1428 2486 respondit
1446 2432 1452 2470 :
1469 2416 1540 2488 Ego,
1559 2417 1700 2488 inquiens,
1715 2418 1769 2472 dun

125 2512 166 2560 ter
179 2504 233 2560 alia
246 2504 330 2560 vestis
350 2504 528 2560 sacerdotalis
551 2504 666 2576 mystica
689 2504 844 2560 indumenta
866 2506 925 2560 hmo
974 2501 1062 2556 adhuc
1076 2502 1102 2556 in
1118 2518 1201 2558 carue
1216 2519 1316 2582 essem,
1339 2504 1511 2577 negligenter
1527 2505 1565 2561 de
1587 2507 1688 2561 anima
1711 2523 1770 2561 mea

125 2593 206 2649 etiam
220 2592 285 2648 fiant
297 2611 303 2647 :
315 2596 459 2657 deorsum,
477 2593 572 2665 iuquit,
590 2594 625 2648 od
643 2594 726 2666 pedes
736 2593 861 2666 ejusdcm
876 2597 924 2648 tu·
973 2589 1088 2661 agebam
1102 2591 1199 2656 salute,
1216 2591 1376 2663 gravitatem
1390 2608 1514 2663 persona
1528 2609 1601 2650 meae
1615 2604 1768 2666 competen-

125 2684 198 2738 m’coe
211 2698 262 2754 por
280 2683 434 2739 circuitum
450 2683 531 2754 quusi
547 2682 625 2736 molo
644 2683 753 2737 Punico
775 2683 864 2753 facim
887 2697 924 2736 ea
974 2685 1029 2732 tem
1043 2694 1098 2732 non
1113 2695 1233 2747 servans,
1248 2680 1304 2735 otio
1318 2680 1417 2751 saepius
1441 2696 1555 2747 vacans,
1580 2691 1608 2737 et
1631 2683 1768 2755 aliquando

126 2770 278 2843 hyacintho
291 2774 319 2826 et
331 2786 461 2843 purpura
471 2773 499 2825 et
509 2786 588 2826 cocco
597 2770 637 2825 his
646 2772 746 2837 tincto,
759 2774 796 2836 et,
809 2778 837 2824 ut
847 2770 874 2824 in
884 2785 926 2825 se·
974 2765 1056 2820 etiam
1072 2767 1099 2821 iu
1113 2767 1214 2824 indicto
1227 2768 1329 2837 jeiunio
1343 2784 1453 2827 munem
1467 2769 1653 2835 manducans,
1671 2771 1768 2842 diuque

126 2857 423 2929 quentibusinrenitur,
438 2874 475 2912 ex
491 2859 567 2930 bysso
583 2862 703 2924 retorto,
715 2858 855 2914 mistirio
865 2874 923 2914 mc·
973 2853 1098 2910 similiter
1111 2854 1253 2911 interdicta
1268 2857 1295 2911 in
1310 2872 1375 2912 esca
1388 2865 1416 2912 et
1429 2865 1495 2928 potu
1510 2857 1677 2930 hequcnter
1699 2876 1769 2914 usur

125 2945 169 3001 dio
181 2943 394 3000 denuncietis.
408 2944 499 3013 Quare
514 2952 604 3000 autem
619 2946 663 3002 hic
679 2945 857 3000 tintinnabula
871 2946 923 3000 ad·
972 2957 1051 3012 paus.
1069 2944 1121 2998 Pro
1136 2943 1234 2998 talibus
1256 2945 1409 3000 commissis
1430 2945 1561 3017 indignus
1585 2945 1625 3002 fui
1649 2948 1769 3004 hacoeuus

120 3032 200 3105 jungi
209 3040 345 3104 praecepta
354 3033 418 3099 siut,
429 3031 541 3088 interius
550 3033 701 3089 ostenditur
713 3050 719 3088 :
732 3035 919 3102 utuudiotur,
937 3031 1008 3111 Cad
1022 3032 1196 3101 presentiam
1206 3033 1256 3088 Dei
1265 3033 1359 3089 venire
1376 3051 1383 3088 :
1400 3033 1449 3089 sed
1460 3035 1483 3088 si
1493 3043 1550 3100 tua,
1562 3035 1610 3102 ait,
1623 3034 1769 3091 [nemim

125 3122 221 3193 inquit,
237 3122 348 3178 sonitus
359 3122 640 3194 quondoingreditur
650 3125 783 3194 pontifex
793 3127 928 3179 runcino-
978 3134 1049 3190 pane
1064 3127 1091 3175 et
1105 3121 1161 3176 sale
1176 3130 1202 3177 et
1216 3137 1286 3193 aqua
1301 3130 1436 3189 contenta,
1453 3123 1592 3179 acaeteris
1616 3124 1769 3181 victualibus

123 3212 200 3267 rium
215 3211 541 3283 inconspectollomini,
554 3212 812 3267 etnonmorictur.
826 3211 936 3271 Sason,
976 3207 1167 3263 abstinentiam
1196 3210 1376 3282 quadraginta
1411 3210 1507 3266 diebus
1534 3227 1585 3282 pro
1613 3228 1661 3268 me
1689 3213 1770 3269 tacere

122 3298 173 3355 dos
181 3315 300 3370 namque
311 3298 469 3372 ingrediens
480 3298 524 3354 vel
532 3299 678 3370 egrediens
688 3299 810 3367 moritur,
818 3299 841 3355 si
851 3299 886 3355 dc
892 3316 926 3356 eu
975 3296 1066 3359 rellet,
1082 3298 1224 3353 crederem
1237 3315 1281 3353 me
1296 3315 1345 3369 per
1359 3299 1408 3354 Dei
1417 3299 1638 3356 misericordiam
1649 3302 1685 3356 ab
1698 3302 1769 3370 hujus

123 3387 228 3444 sonitus
238 3403 293 3443 nou
303 3387 697 3459 audiatur:quiairamcontra
708 3403 737 3443 se
747 3387 844 3443 occulti
852 3387 926 3442 Judi·
975 3384 1138 3454 repulsionis
1152 3403 1220 3442 meae
1244 3387 1377 3443 sententia
1400 3404 1449 3443 seu
1475 3403 1559 3458 poena
1579 3388 1703 3445 liberari.
1725 3388 1768 3445 Cui

121 3476 162 3532 cis
171 3475 265 3549 exigit,
278 3475 301 3531 si
310 3476 368 3531 sine
377 3475 578 3547 praedicationis
587 3475 790 3532 sonituincedit.
803 3475 925 3548 Quiaigi·
974 3472 1129 3545 cumipse,
1155 3483 1184 3528 ut
1203 3474 1228 3529 ei
1250 3475 1402 3543 videbatur,
1428 3477 1464 3530 itu
1491 3492 1522 3532 sc
1550 3475 1688 3533 iacturum
1713 3491 1767 3533 esse

122 3570 168 3619 tur
177 3563 296 3619 futurum
305 3573 372 3631 erat,
383 3571 525 3620 utsummo
534 3564 752 3638 ecclesiaegradu
761 3579 921 3633 conscenso,
974 3560 1160 3632 polliceretur,
1177 3563 1383 3635 expergefactus
1398 3564 1432 3619 de
1447 3579 1556 3631 somno,
1578 3581 1646 3621 mox
1667 3575 1697 3622 ut
1714 3566 1768 3636 epi·

124 3652 167 3707 vir
190 3652 299 3708 Domini
323 3653 492 3708 ornamentis
520 3653 704 3725 spiritualibus
723 3653 841 3709 eniteret
859 3671 866 3718 ;
890 3662 924 3709 ,ut
974 3664 1087 3720 scopum
1101 3650 1201 3722 alloqui
1218 3652 1314 3722 potuit,
1331 3653 1621 3709 visionemciomnem
1633 3654 1767 3725 exposuit:

162 1266 273 1324 Accedit
288 1265 368 1321 etiam
387 1267 421 1321 ad
445 1266 609 1337 praesagium
632 1266 759 1321 virtutum
780 1266 852 1321 beati
877 1264 926 1319 riri

126 3740 208 3796 etiam
221 3740 424 3813 predicationis
438 3740 556 3798 otiicium
574 3741 718 3815 insigniter
740 3741 831 3812 egisse
854 3757 922 3812 pro-
972 3746 1139 3810 acceptoque
1153 3739 1187 3794 ab
1203 3755 1237 3795 eo
1251 3740 1373 3807 consilio,
1390 3749 1446 3797 toto
1467 3742 1656 3815 quadraginta
1669 3742 1767 3799 diarum

119 3836 241 3897 haretur,
272 3838 347 3886 recte
375 3829 402 3884 in
430 3828 541 3903 fastigio
564 3830 667 3902 templi,
694 3829 767 3901 quod
789 3829 923 3902 significat
972 3827 1059 3897 spatio
1074 3829 1149 3884 nullo
1164 3828 1218 3883 alio
1232 3829 1292 3884 cibo
1307 3829 1351 3885 rel
1369 3836 1435 3900 potu
1459 3838 1501 3884 est
1521 3846 1601 3900 usus,
1628 3831 1684 3886 nisi
1699 3845 1768 3906 ,puae

120 3917 226 3989 apicem
256 3916 448 3989 pontificalem,
474 3934 536 3975 cum
558 3918 689 3974 doctrina
709 3918 871 3975 suavissimo
895 3927 922 3974 et
973 3923 1074 3971 tanturn
1101 3924 1128 3971 ct
1154 3931 1235 3988 aqua.
1264 3917 1368 3973 Eodem
1396 3927 1520 3989 tempore
1548 3926 1625 3975 tanto
1655 3920 1765 3976 denumn

118 4005 226 4061 coelitus
252 4013 366 4062 attracto
394 4005 483 4060 sonitu
512 4007 546 4061 ad
574 4008 780 4063 convocandam
812 4007 921 4063 servitiu
971 4002 1066 4058 dolore
1089 4005 1245 4071 vexabatur,
1271 4014 1299 4060 ut
1317 4006 1384 4077 ipsis
1403 4006 1454 4060 sibi
1472 4022 1572 4076 panem
1591 4007 1631 4063 ad
1650 4007 1765 4063 reicien-

121 4091 212 4149 divino
228 4107 332 4149 sacram
344 4093 442 4148 Christi
454 4093 564 4164 plebem
574 4094 691 4150 sedisset
701 4095 853 4150 videbatur.
863 4097 920 4151 Hoc
971 4092 1035 4147 dum
1055 4093 1197 4148 commotis
1227 4094 1361 4150 sustinere
1374 4110 1429 4149 uon
1458 4103 1563 4165 posset.
1589 4095 1767 4165 Quamobrem

121 4181 194 4237 enirn
210 4181 332 4252 inhujus
348 4181 504 4238 ostensione
519 4182 630 4238 visionis
642 4199 793 4254 personans
808 4192 921 4240 attractu
970 4180 1059 4251 ipsum
1073 4196 1173 4252 panem
1188 4182 1401 4238 comminutatim
1422 4183 1547 4250 terendo,
1575 4200 1628 4240 seu
1651 4185 1764 4240 manibus

121 4269 178 4339 ejus
194 4270 303 4343 signum
317 4270 429 4327 coeleste
445 4269 830 4345 signiticarepotest,quodin
844 4281 919 4328 reste
970 4268 1144 4325 confricando
1171 4271 1198 4324 in
1229 4271 1314 4342 ipsam
1336 4285 1436 4342 aquam
1460 4271 1669 4339 commiscebat,
1695 4281 1720 4328 et
1735 4271 1763 4326 ad

119 4358 256 4431 pontilicis
271 4359 448 4415 tintinnabula
465 4369 616 4416 monstrare
639 4362 798 4431 probantur.
822 4361 917 4430 Quali·
971 4356 1094 4413 levamen
1108 4359 1229 4414 dentium
1246 4359 1446 4430 quodammodo
1468 4359 1555 4416 instar
1579 4361 1666 4432 putus
1686 4359 1762 4417 enrol-

120 4455 163 4502 ter
177 4448 257 4503 etiam
271 4457 378 4512 caetera,
396 4465 456 4520 quae
471 4449 505 4504 de
520 4449 658 4520 Scriptura
674 4465 750 4505 sacra
772 4450 917 4521 proposui·
974 4445 1064 4501 liebat.
1082 4447 1111 4500 ln
1126 4463 1180 4518 quo
1195 4447 1276 4502 etiam
1290 4448 1324 4503 ad
1338 4456 1515 4520 augmentum
1534 4449 1715 4516 abstinentia,
1736 4463 1763 4502 ea

118 4551 190 4603 mus,
207 4536 380 4592 sacerdotalis
395 4536 504 4591 habitus
519 4546 679 4594 ornamenta
694 4537 869 4609 spiritualiter
890 4538 917 4592 in
968 4551 1029 4606 qua
1045 4535 1071 4589 in
1088 4535 1204 4605 simplici
1218 4536 1377 4592 decoctione
1390 4538 1470 4609 panis
1481 4553 1544 4593 esse
1554 4537 1762 4609 possent,pluri·

120 4640 181 4681 sese
197 4640 306 4696 semper
322 4625 484 4692 exhibuerit,
501 4626 534 4680 ad
548 4626 702 4697 protectum
720 4626 801 4680 simul
814 4636 842 4681 et
855 4626 919 4680 irni-
969 4639 1044 4677 mum
1056 4623 1222 4692 deiecerunt,
1234 4633 1260 4680 et
1270 4624 1311 4680 ris
1322 4624 1425 4681 scilicet
1432 4625 1564 4693 alimenti,
1574 4635 1601 4682 et
1610 4628 1726 4682 suavitas
1734 4639 1759 4678 ac

118 4713 248 4769 tationem
273 4713 427 4786 legentibus
457 4730 595 4786 exponere
620 4715 811 4782 judicavimus.
842 4714 920 4770 Malis
970 4711 1114 4767 delectatio
1147 4712 1263 4783 saporis·
1296 4712 1418 4783 Explctis
1446 4721 1538 4769 autem
1569 4712 1669 4771 diebus
1695 4714 1759 4769 istius

118 4801 212 4873 utique
237 4802 345 4858 Punicis
367 4802 501 4869 utebatur,
527 4803 555 4858 in
579 4803 678 4874 quibus
699 4803 783 4859 multa
807 4804 920 4858 interius
970 4799 1149 4866 abstinentiae,
1166 4800 1225 4871 ipse
1239 4801 1382 4873 presbyter
1395 4816 1446 4872 pro
1462 4817 1517 4873 quo
1532 4803 1593 4860 haec
1609 4804 1757 4875 agebantur,

119 4883 205 4961 grarr'a
221 4906 275 4945 uno
289 4889 357 4946 foris
372 4892 473 4947 cortice
488 4899 616 4964 teguntur
632 4909 639 4945 ε
656 4891 720 4963 quia
736 4892 795 4961 ipse
810 4905 920 4962 semper
969 4887 1122 4958 pervisum
1137 4889 1262 4959 apparuit
1277 4889 1384 4947 atridam
1398 4889 1517 4956 feminae,
1529 4907 1593 4962 quae
1608 4891 1697 4946 multis
1710 4889 1756 4944 die

120 4978 297 5033 multifariam
323 4978 448 5034 virtutum
481 4980 668 5051 operationem
696 4996 750 5036 uno
782 4979 919 5036 charitatis
969 4976 1019 5031 hus
1033 4977 1180 5047 paralytica
1192 4976 1307 5046 jacebat,
1332 4978 1440 5034 nomine
1465 4978 1613 5046 Helahvib,
1630 4981 1673 5037 cui
1687 4979 1755 5048 longa

116 5067 265 5122 munimine
294 5067 526 5138 undiqueversum
559 5076 657 5125 tectam
687 5069 822 5142 gestabat.
853 5071 918 5126 Hauc
967 5065 1078 5136 quidem
1095 5063 1237 5120 infirmitas
1253 5066 1376 5121 membra
1392 5066 1537 5137 gravarit;
1558 5069 1610 5124 sed
1625 5077 1719 5131 tamen,
1732 5071 1754 5118 ut

118 5164 208 5212 autem
222 5155 295 5211 mala
311 5155 413 5210 Punica
425 5172 457 5211 ex
473 5172 595 5228 purpura
605 5165 632 5212 et
642 5158 789 5230 hyacintho
799 5166 825 5212 et
835 5173 917 5215 cocco
967 5153 1001 5207 de
1016 5154 1133 5224 quodum
1150 5154 1246 5209 beatus
1260 5153 1412 5226 Gregorius
1422 5162 1435 5189 ⁸
1449 5154 1526 5220 dicit,
1550 5155 1611 5226 ipsa
1629 5154 1752 5211 infirmitas

116 5242 158 5298 bis
184 5244 268 5299 tincto
290 5252 317 5299 et
339 5244 422 5316 bysso
443 5253 546 5300 retorta
568 5255 652 5315 eraut,
676 5263 737 5317 qua
758 5255 855 5303 cuncta
879 5247 918 5302 illi
967 5241 1063 5296 eudem
1079 5242 1202 5297 membra
1217 5258 1233 5296 a
1248 5242 1321 5297 bono
1335 5257 1418 5314 opere
1437 5258 1492 5298 nou
1516 5242 1623 5316 ligavit.
1645 5240 1751 5313 Quotidie

118 5331 257 5401 aptissime
272 5333 447 5390 conueniunt.
462 5332 544 5389 Omni
559 5335 631 5390 enirn
646 5333 784 5390 desiderio
806 5351 917 5408 semper
967 5338 1038 5393 enim
1065 5356 1094 5395 se
1119 5341 1152 5394 ad
1181 5340 1325 5396 ecclesiam
1351 5340 1492 5412 deportari
1516 5339 1631 5410 iaciens,
1655 5340 1750 5397 verbum

59 5479 61 5485 ’
147 5504 272 5560 *suren
283 5509 314 5562 us
323 5510 583 5576 somnulentia
595 5514 822 5581 lanariorum,
834 5519 861 5568 a
870 5515 915 5567 ru.
926 5529 951 5568 ιν
962 5515 1025 5570 niu.
1038 5528 1093 5580 cap.
1107 5515 1148 5569 rr.
