3794 6104
135 338 176 393 ms
566 331 737 389 timentum
751 330 951 389 udnfflsls
963 331 1230 392 tucsfflrtscorr
1718 336 1751 392 58
1765 338 1889 409 ao

128 475 152 516 m
172 457 364 523 commuuione
385 456 535 530 discipline
562 455 754 514 ecclesiastieae
781 454 917 528 perstitis·
932 456 1086 519 homnium
1105 458 1264 530 prodiderat
1277 457 1441 529 rolunutea,
1455 456 1644 532 transgressio
1658 465 1701 514 est
1714 473 1788 530 pu—
1805 478 1881 525 ι.

124 556 195 605 sent.
969 546 1023 602 nita
1038 553 1207 603 cunctorum.
1226 571 1237 596 a

158 637 237 695 Unde
251 636 348 694 bestus
361 634 522 692 Ambrosius
536 633 564 690 in
580 633 692 705 epistola
707 634 741 689 ad
756 632 919 689 Valentinis·
1004 636 1037 690 Et
1052 636 1115 707 quia
1136 651 1246 692 saemm
1267 634 1408 692 Nicaenum
1422 636 1568 694 concilium
1583 634 1759 715 metropohta
1792 662 1869 703 ῃ,

123 742 189 782 ιιιιιιι
209 724 408 798 imperatorem,
431 724 477 796 qui
492 722 632 795 petebatur
647 729 739 778 contra
759 722 919 795 religionem
968 738 1020 778 nos
1034 722 1203 797 singularum
1216 724 1419 796 provinciarum
1434 724 1580 798 episcopos
1594 724 1858 798 privilegium

123 814 302 871 Chrbtianam
324 813 380 885 legi
403 811 600 868 subscribere:
619 832 630 861 ι
657 811 796 866 convenio
822 810 919 866 iterum
968 812 1070 867 habere
1086 811 1217 869 decrerit.
1233 812 1310 869 Unde
1325 812 1379 868 Leo
1388 812 1422 869 ad
1434 812 1592 869 Anatolium
1602 812 1673 870 dicit
1683 814 1845 885 (episae,

122 901 205 959 iidem
220 909 303 971 tuam,
319 899 453 958 convenio
466 906 584 956 mentem
599 907 684 966 tuam,
700 915 736 955 ne
750 898 794 956 rel
804 914 920 970 respon·
969 901 1014 971 55)
1031 916 1038 954 r
1057 899 1141 967 «Dte,
1154 900 1290 973 inquiens,
1301 901 1476 957 Nicaenoruru
1490 915 1632 958 canonum
1646 916 1701 973 per
1716 916 1801 961 sam
1811 944 1832 956 .

121 988 240 1047 (lendum
254 988 403 1046 secundum
418 986 573 1057 hujusmodi
597 987 756 1058 petitionem
777 985 919 1057 gentilium
969 995 1043 1043 eturn
1056 1004 1120 1045 vere
1142 987 1272 1060 Spiritum
1293 989 1418 1044 ordinata
1447 989 1568 1046 conditio
1593 989 1625 1045 in
1646 989 1727 1045 nulla
1741 1006 1819 1057 est

120 1092 246 1145 census,
260 1075 305 1134 rel
318 1075 345 1132 in
360 1075 493 1145 eiusmodi
508 1090 639 1147 respousa
655 1073 829 1146 sacrilegium
854 1073 918 1128 sub·
968 1084 1047 1146 parte
1072 1074 1206 1132 solubilis.
1225 1097 1237 1127 ι
1255 1076 1310 1133 Sed
1332 1084 1360 1132 et
1373 1076 1428 1133 aha
1450 1076 1589 1134 catholice
1608 1075 1731 1134 concilia
1744 1076 1800 1139 ita

121 1164 277 1245 aeripdoms
289 1164 425 1236 adjungas
443 1180 449 1219 :
465 1180 519 1221 vox
535 1161 608 1219 enim
623 1171 679 1230 tua,
696 1177 792 1217 uranus
813 1169 869 1232 tua,
893 1168 920 1216 et
969 1164 1003 1218 ab
1017 1164 1144 1221 omnibus
1158 1164 1246 1222 teneri
1260 1163 1444 1222 difinierunt:
1459 1165 1521 1238 quia
1537 1180 1637 1222 eorum
1652 1164 1785 1222 immobi-

120 1252 287 1326 subsoriptio
299 1260 344 1311 tua
358 1268 426 1325 opus
441 1259 483 1307 est
498 1259 583 1307 tuum.
604 1271 615 1300 r
632 1251 667 1306 Et
681 1251 854 1322 antiquomm
868 1249 919 1305 Pa·
968 1250 1040 1306 libus
1055 1252 1173 1309 decretis
1186 1252 1320 1310 contraria
1335 1252 1506 1324 subscripsit,
1521 1269 1563 1323 se,
1577 1252 1692 1328 sibique
1707 1268 1780 1312 com·

119 1350 190 1399 trum
202 1356 323 1399 mnones
336 1340 517 1397 decreverunt
531 1338 654 1394 dicentes
683 1355 690 1392 ι
713 1338 791 1409 Saepe
813 1336 919 1409 princi·
968 1339 1055 1409 plicas
1070 1339 1232 1397 acatholica
1253 1341 1443 1398 communione
1466 1356 1638 1415 segregasse
1658 1340 1769 1399 videtur.

118 1447 169 1503 pes
182 1437 279 1488 contra
288 1428 424 1501 quoslibet
431 1427 582 1496 maiestatis
590 1425 723 1482 ebnoxios
732 1424 919 1482 sacerdotibus
970 1428 1045 1484 Sicut
1059 1427 1124 1485 item
1138 1429 1192 1486 Leo
1206 1429 1234 1483 in
1250 1429 1366 1500 epistola
1380 1429 1415 1485 ad
1429 1428 1607 1485 Pulcheriam
1625 1431 1768 1503 Augustam

118 1518 232 1592 negotia
245 1531 296 1573 sua
309 1515 479 1573 committunt
495 1531 502 1572 ι
518 1522 545 1572 et
559 1515 623 1588 quia
646 1514 804 1570 sacerdotes
819 1512 920 1568 Christi
970 1514 1063 1586 (epist.
1080 1517 1125 1587 55)
1145 1517 1286 1574 manifeste
1309 1517 1477 1573 demonstrat
1499 1515 1625 1574 dicens:
1645 1538 1659 1569 ι
1677 1517 1770 1574 Contu

119 1606 155 1663 od
168 1603 349 1662 ministerium
370 1604 464 1661 salutis
488 1603 568 1661 electi
589 1610 660 1670 sunt,
689 1602 726 1658 ibi
751 1601 921 1658 consentiant
970 1610 1067 1660 statuta
1081 1618 1217 1660 canonum
1238 1605 1423 1672 Patemorum,
1449 1621 1509 1677 quae
1526 1612 1592 1661 ente
1606 1603 1768 1679 longissime

118 1693 230 1767 regibus
239 1692 357 1764 judices,
373 1691 420 1748 ubi
432 1691 610 1761 jurejurando
633 1690 758 1763 supplicii
772 1688 920 1763 indulgen·
969 1691 1055 1746 aetatis
1070 1706 1157 1748 annos
1172 1691 1199 1746 in
1214 1693 1280 1747 urbe
1294 1692 1407 1749 Nicaena
1427 1691 1619 1764 spiritualibus
1634 1703 1701 1749 sunt
1714 1693 1768 1749 inn-

119 1780 158 1839 tio
172 1780 359 1850 committitur,
374 1795 429 1836 nou
452 1780 498 1836 nbi
518 1779 684 1836 discriminis
700 1778 834 1835 sententia
847 1793 920 1849 prae-
931 1807 958 1867 Β
971 1779 1034 1834 data
1048 1780 1174 1847 decretis,
1190 1779 1256 1835 nihil
1277 1780 1403 1853 cuiquam
1417 1779 1520 1837 audere
1535 1781 1705 1838 conceditur
1719 1799 1726 1836 ι
1740 1781 1771 1837 ita

119 1877 240 1943 paratur.
256 1868 358 1941 Siquis
373 1868 453 1924 etium
468 1868 642 1925 sacerdotum
664 1874 760 1924 contra
775 1880 919 1922 commune
971 1875 1000 1923 ut
1015 1868 1039 1923 si
1052 1867 1114 1941 quis
1128 1868 1267 1924 diversum
1289 1868 1391 1940 aliquid
1412 1867 1563 1925 decernere
1587 1869 1666 1938 vetit,
1681 1885 1712 1926 se
1725 1885 1770 1943 pe

120 1956 275 2018 semotum
287 1956 427 2013 discussor
440 1956 468 2010 in
478 1955 575 2011 alienis
590 1954 720 2027 periculis
735 1953 879 2020 exstiterit,
890 1959 920 2008 ut
970 1954 1023 2011 tius
1037 1955 1139 2011 minuat
1153 1972 1234 2029 quarn
1248 1956 1293 2011 illa
1317 1963 1482 2027 corrumpat.
1502 1977 1514 2007 ι
1530 1956 1568 2013 Et
1582 1957 1660 2030 qnia,
1676 1965 1706 2012 ιιι
1719 1957 1772 2031 ipse

118 2061 184 2104 reus
196 2043 277 2103 effusi
290 2044 431 2119 sanguinis
446 2044 518 2117 apud
532 2043 681 2112 Christum,
698 2050 725 2098 ct
740 2042 813 2113 apud
828 2041 921 2098 Ecole-
971 2043 1066 2099 beatus
1079 2042 1143 2113 Leo,
1160 2052 1186 2099 et
1201 2050 1263 2100 ante
1276 2043 1352 2099 illum
1367 2044 1511 2111 Damasus,
1523 2051 1550 2100 et
1567 2044 1734 2112 Boniiacius,
1749 2053 1772 2101 et

119 2133 188 2193 siam
208 2133 305 2208 perdet
323 2132 466 2206 proprium
494 2131 621 2204 gradum.
641 2152 653 2182 ι
670 2131 720 2187 llic
734 2137 825 2187 autem
843 2128 920 2185 nullo
971 2139 1034 2203 post
1047 2148 1109 2188 eum
1123 2131 1169 2188 alii
1184 2131 1425 2203 apostolicaesedis
1437 2130 1773 2206 pontificesscripserunt‚

118 2222 302 2282 comminante
330 2236 419 2293 neque
442 2219 566 2290 jubente,
598 2219 685 2293 gratis
707 2217 876 2289 subscripsit,
892 2224 922 2272 ut
971 2219 1054 2276 iidem
1068 2219 1138 2276 sacri
1153 2234 1282 2289 canones,
1295 2219 1772 2293 mansuraescilieetusqueinfinem

119 2309 236 2369 delatori
251 2317 298 2366 cut
320 2309 414 2382 lingua
428 2311 579 2381 capuletur,
595 2315 643 2363 aut
656 2313 738 2379 caput
756 2313 921 2376 amputetur,
974 2307 1066 2364 saeculi
1080 2305 1166 2380 leges,
1184 2307 1286 2381 Spiritu
1308 2307 1359 2363 Dei
1383 2315 1446 2364 sunt
1467 2308 1581 2365 conditi.
1601 2306 1657 2378 Qui
1674 2308 1773 2366 seilicet

122 2396 212 2471 etqui
224 2396 341 2454 noluerit
355 2395 416 2452 fieri
432 2396 524 2452 socius
538 2396 618 2464 hujus
634 2393 794 2466 disciplinae,
809 2409 860 2450 nec
874 2394 923 2448 ha·
972 2395 1099 2467 Spiritus,
1119 2395 1198 2466 juxta
1219 2394 1407 2467 evangelicam
1433 2403 1460 2451 et
1483 2396 1665 2467 apostolicam
1678 2398 1773 2454 cerita-

122 2485 222 2544 beatur
235 2485 375 2557 particeps
400 2483 599 2541 communionis
620 2498 686 2539 suae.
701 2483 737 2539 Et
749 2497 804 2549 non
817 2479 923 2538 suffecit
973 2492 1026 2540 tem
1041 2483 1157 2556 Spiritus
1172 2492 1213 2540 est
1226 2483 1322 2551 Patris,
1334 2483 1450 2555 Spiritus
1464 2491 1506 2540 eat
1520 2484 1591 2553 Filii,
1603 2484 1672 2558 quia
1684 2488 1774 2559 'aeque

120 2573 161 2631 illi
173 2581 204 2630 ut
217 2573 412 2642 subscriberet,
425 2579 559 2645 quatenus
574 2571 700 2629 convicto
713 2569 826 2628 delatori
842 2576 923 2641 caput
973 2572 1063 2628 litera
1077 2572 1158 2629 Patre
1173 2572 1298 2644 procedit
1312 2579 1338 2628 et
1353 2571 1430 2639 Filio,
1447 2580 1474 2628 et
1488 2579 1560 2628 totus
1574 2580 1617 2630 est
1632 2574 1731 2642 Patris,
1746 2590 1775 2630 ac

122 2669 296 2737 amputetur,
310 2677 407 2720 verum
431 2669 457 2718 et
484 2660 624 2717 ministros
652 2659 854 2716 ecclesiasticos
868 2673 924 2714 suae
975 2667 1046 2716 totns
1061 2667 1103 2718 est
1117 2659 1177 2715 Filii
1200 2654 1336 2732 Spiritus;
1352 2667 1379 2716 et
1392 2659 1483 2729 Pater,
1510 2667 1538 2717 et
1551 2659 1648 2731 Filius,
1665 2670 1691 2719 et
1704 2661 1772 2719 idern

122 2749 272 2824 parochie,
285 2750 495 2822 hucpemersae
507 2749 648 2805 sententiae
661 2746 724 2805 lecit
738 2747 923 2803 subscribere.
975 2748 1088 2820 Spiritus
1112 2755 1230 2815 sanctus,
1261 2764 1376 2821 quorum
1396 2756 1438 2805 est
1459 2764 1514 2804 una
1535 2749 1701 2819 substantia,
1725 2765 1774 2806 nna

121 2838 301 2897 Reclamantc
324 2838 434 2895 Gelasio
448 2837 477 2893 in
491 2837 608 2909 epistola
631 2835 850 2892 adduastasium
870 2835 924 2890 im-
975 2836 1108 2905 veluntas,
1131 2844 1157 2892 et
1180 2837 1319 2908 operati03
1336 2836 1440 2894 scilicet
1461 2837 1521 2908 ipsa
1544 2845 1642 2895 sancta
1660 2838 1774 2895 Trinitss

121 2934 276 3000 perstarem
296 2927 391 2999 (epist.
410 2928 454 2995 ld)
471 2943 478 2980 ε
498 2925 598 2982 «Dicit
622 2923 779 2996 Apostolus,
803 2923 848 2996 qui
870 2937 926 2978 nen
974 2941 1045 2981 nnus
1059 2931 1101 2981 est
1123 2925 1207 2992 Deus,
1223 2941 1255 2981 ac
1269 2924 1411 2980 Dominus.
1438 2925 1551 2982 Constat
1574 2925 1640 2997 quis
1655 2926 1772 2993 aPstre,

120 3013 209 3072 solum
229 3013 426 3070 nonfacienda
449 3011 562 3078 iaciunt,
578 3027 641 3068 reos
664 3011 761 3078 videri,
782 3011 865 3069 etiam
879 3011 926 3083 qui
976 3021 1002 3068 et
1017 3012 1095 3080 Filio,
1111 3021 1138 3068 et
1158 3012 1258 3084 Spiritu
1279 3019 1383 3084 sancto,
1408 3019 1463 3069 tota
1484 3012 1614 3071 videlicet
1636 3012 1772 3079 lhinitate,

120 3100 294 3159 consentiunt
310 3098 481 3156 facientibus.
496 3099 617 3172 Legibus
630 3106 705 3155 certe
719 3097 818 3155 reatris
832 3097 925 3155 crimi·
975 3116 1029 3157 uno
1042 3102 1102 3158 Deo
1120 3108 1147 3157 et
1161 3100 1277 3157 Domino
1300 3100 1352 3173 ipsi
1376 3115 1497 3171 canones
1525 3108 1589 3158 sunt
1617 3101 1721 3160 conditi
1736 3118 1743 3157 ε
1758 3116 1774 3156 a

120 3204 186 3247 num
207 3187 343 3255 conscios,
370 3194 600 3260 susceptoresque
626 3185 845 3243 latrocinantium
874 3202 925 3258 par
973 3189 1072 3262 quibua
1086 3189 1132 3260 qui
1151 3205 1200 3261 per
1223 3196 1410 3261 contemptum
1432 3188 1610 3260 pertinaciter
1631 3189 1773 3258 deviatis

116 3275 279 3348 indiciorum
301 3291 385 3349 paena
409 3274 596 3347 constringit:
612 3289 663 3331 nec
683 3290 781 3347 expers
796 3273 923 3330 facinoris
972 3278 1090 3345 Patrem,
1107 3284 1134 3333 et
1144 3277 1289 3344 Filinm‚et
1300 3276 1431 3350 Spiritum
1443 3284 1577 3347 sanctum,
1592 3279 1773 3335 unumDenm
1837 3330 1859 3338 -

118 3362 481 3438 estimetur,quilicetipse
496 3378 552 3419 non
567 3361 671 3431 iecerit,
688 3361 818 3418 iacientes
833 3369 923 3418 tamen
973 3381 1005 3421 ac
1044 3365 1191 3423 Dominum
1226 3373 1332 3436 peccat.
1369 3364 1405 3421 Et
1429 3365 1458 3421 in
1485 3366 1538 3422 hac
1576 3365 1860 3439 subscriptions=

118 3452 148 3511 in
158 3451 370 3510 familiaritatem
384 3450 529 3523 ludusque
544 3449 687 3522 receperit.
702 3470 713 3499 s
726 3449 778 3507 llic
792 3457 882 3506 autern
897 3457 924 3506 et
973 3452 1096 3525 Apostoli
1120 3461 1162 3509 est
1184 3453 1316 3509 sententia
1340 3452 1514 3521 Hincmams,
1529 3453 1560 3508 in
1573 3468 1631 3526 qna
1645 3453 1858 3514 sollicitu-

118 3540 191 3612 ieoit,
207 3549 234 3598 et
249 3539 381 3598 iacientes
395 3539 430 3595 ad
445 3538 585 3612 agendum
600 3545 695 3595 eontra
710 3537 823 3609 regulas
837 3552 923 3609 quos·
973 3539 1092 3598 nonfuit
1107 3557 1216 3598 servare
1230 3541 1362 3597 unitatem
1378 3540 1494 3613 Spiritus
1508 3541 1536 3597 in
1550 3540 1661 3598 vinculo
1675 3541 1751 3615 pacis
1765 3560 1856 3600 =

117 3628 183 3687 dom
197 3629 311 3700 impulit,
329 3628 493 3703 quibusdam
507 3625 652 3700 persuasit.
669 3625 739 3682 ilinc
753 3624 922 3696 Apostolus:
974 3629 1025 3685 sed
1038 3627 1168 3685 sollicitus
1177 3627 1228 3684 tuit
1238 3628 1389 3686 dissolvere
1398 3628 1532 3685 unitatem
1541 3627 1671 3700 Spiritus,
1682 3637 1856 3687 contre

118 3716 165 3775 Sic
180 3719 258 3775 enim
271 3721 422 3791 peccantes
434 3717 592 3788 insanires,
611 3718 640 3771 et
647 3715 839 3786 percutientes
853 3729 924 3771 coe·
973 3716 1110 3774 vinculum
1124 3716 1210 3788 pacis.
1227 3715 1297 3773 Dicit
1311 3716 1385 3773 enirn
1399 3716 1558 3789 Apostolus,
1574 3717 1655 3788 cujus
1667 3725 1853 3774 senten——

125 3806 279 3864 scientim
288 3805 550 3874 eorumicfirmcm,
558 3804 589 3858 in
602 3802 926 3874 Christumpeccctiszet
973 3803 1038 3860 dam
1053 3803 1242 3877 subscriptioni
1258 3820 1315 3860 suae
1336 3819 1475 3877 perversae
1499 3803 1615 3860 inseruit
1631 3822 1639 3861 ι
1655 3805 1762 3863 Sollicit
1840 3806 1850 3860 i

120 3894 225 3967 peribit
234 3894 369 3962 acfirmus
379 3894 411 3948 in
423 3891 714 3962 tusscienticfrcter‚
724 3905 775 3961 pro
786 3905 838 3961 goe
850 3889 926 3945 dirri-
973 3908 1085 3950 seruare
1100 3893 1244 3949 unitatem
1259 3894 1379 3965 spiritus
1393 3893 1425 3948 tc
1443 3893 1557 3950 vinculo
1570 3893 1668 3966 pacta·
1686 3909 1845 3950 ιιιιιιιι-ι

119 3985 183 4038 stoc
193 3984 323 4036 mortuus
333 3983 376 4036 cst
387 3980 413 4049 (l
423 3979 485 4036 cor.
497 3977 569 4048 ιιιι).
580 3978 614 4032 Et
625 3977 720 4033 beatus
732 3975 882 4047 Gregorius
895 3975 925 4031 in
974 3995 1169 4053 emesenus
1186 3980 1315 4051 spiritus,
1328 3981 1403 4036 sicot
1420 3982 1513 4037 euecti
1530 3980 1601 4037 estio
1618 3982 1792 4052 inaccep—
1828 3996 1844 4036 c

118 4065 378 4139 llegnlapastcrali:
392 4063 925 4136 «seire,inquit,prae1atusdeeer‚quia
974 4069 1129 4127 vocationis
1139 4072 1238 4124 oestroe
1249 4067 1360 4141 (Epiros.
1374 4068 1424 4138 rr).
1437 4068 1516 4125 Unde
1528 4067 1626 4125 beatus
1642 4067 1788 4142 Greger's.
1813 4096 1837 4109 -

120 4155 288 4227 siperrersa
309 4169 429 4226 unquam
452 4159 621 4226 perpetrant,
637 4158 677 4208 tot
699 4151 829 4209 mortibus
846 4150 925 4225 digni
975 4172 1021 4213 us:
1035 4155 1096 4211 «dd
1105 4172 1186 4212 uuam
1196 4155 1280 4229 igitur
1288 4155 1439 4214 rocahonis
1448 4171 1527 4228 spem
1535 4171 1709 4230 nequaquam
1716 4168 1833 4228 per·

119 4251 192 4312 sunt,
208 4249 275 4315 quot
301 4242 337 4298 ad
363 4240 488 4298 subditos
518 4255 584 4296 snos
612 4239 774 4313 perditionis
801 4237 924 4311 exempla
974 4242 1096 4316 tingitur,
1112 4244 1136 4298 si
1150 4259 1205 4300 non
1219 4244 1326 4300 adeam
1351 4243 1427 4300 unita
1450 4259 1513 4301 curn
1537 4244 1673 4318 proximis
1686 4250 1827 4301 mente

120 4330 317 4389 hansmittunt.
334 4330 413 4387 Unde
428 4344 544 4386 necesse
558 4337 600 4386 est
614 4336 644 4386 ut
657 4335 732 4385 tante
744 4345 775 4385 se
790 4327 925 4385 cautiusa
974 4339 1110 4388 curratur.
1136 4333 1195 4404 Est,
1214 4332 1311 4405 inquit,
1336 4332 1468 4390 Dominus
1491 4331 1528 4388 ad
1550 4333 1685 4406 lloysem,
1701 4332 1820 4388 loeus

120 4419 203 4494 culpa
231 4419 396 4488 custodiant,
425 4426 527 4491 quanto
553 4434 604 4489 per
630 4431 716 4489 prava
738 4432 799 4490 qure
813 4415 922 4484 iaciunt,
973 4435 1059 4492 penes
1073 4436 1128 4487 me,
1144 4427 1171 4476 et
1185 4420 1269 4476 stabis
1294 4436 1378 4492 supra
1397 4427 1515 4493 petrem.
1535 4441 1547 4470 ι
1564 4420 1654 4478 Locum
1669 4420 1815 4494 quiden

118 4523 173 4567 non
189 4508 242 4566 soli
255 4508 414 4565 momuntur.
428 4508 485 4563 »Et
498 4507 564 4564 item
579 4505 706 4562 Gelasius
716 4505 744 4561 in
759 4505 877 4564 decretis
887 4505 924 4560 ad
937 4500 1048 4580 Dapud
1071 4507 1217 4565 Dominum
1240 4516 1281 4565 est
1297 4516 1397 4565 sanctae
1418 4507 1552 4564 Ecclesiae
1566 4508 1667 4576 unitas,
1683 4508 1712 4564 in
1726 4519 1811 4579 qut

119 4598 264 4672 episcopos
287 4613 338 4670 per
356 4596 524 4653 Dardaniam
549 4595 720 4662 constitutos,
745 4609 778 4650 ac
793 4593 817 4651 si
832 4594 867 4650 de
881 4593 924 4650 his
975 4613 1057 4668 super
1070 4604 1176 4667 petrum
1192 4604 1288 4664 statur,
1304 4595 1368 4652 dum
1384 4594 1566 4654 confessionis
1580 4596 1640 4667 eius
1656 4594 1808 4652 soliditas

119 4687 245 4760 loquatur
259 4700 329 4758 quos
343 4700 438 4742 secum
453 4683 518 4741 lecit
528 4683 702 4740 subscribere
711 4681 827 4754 (Gelas,
839 4684 922 4753 epist.
974 4684 1074 4742 utiliter
1088 4692 1204 4741 tenetur.
1221 4684 1255 4739 lli
1269 4684 1341 4740 enim
1357 4684 1385 4740 in
1399 4683 1461 4741 loco
1475 4684 1522 4757 qui
1535 4699 1623 4757 penes
1631 4683 1802 4741 bominum

119 4779 164 4842 ll,
180 4775 231 4831 snb
246 4772 308 4845 un.)
324 4791 331 4829 ι
350 4796 361 4821 ιι
381 4772 467 4843 Sicut,
495 4771 591 4843 inquit,
616 4770 644 4827 in
666 4770 747 4826 simili
770 4770 924 4827 conditione
974 4780 1026 4843 est,
1043 4780 1070 4830 et
1083 4788 1168 4844 super
1188 4780 1293 4844 petram
1309 4779 1391 4842 stant,
1416 4770 1462 4844 qui
1476 4787 1526 4843 per
1539 4772 1673 4839 haereses,
1690 4779 1715 4826 et
1726 4778 1799 4841 pet

119 4863 267 4933 constricti,
290 4877 345 4919 nen
371 4869 486 4935 possunt
506 4859 669 4933 complicem
696 4874 776 4915 suum
799 4859 924 4929 judicare
973 4861 1121 4919 schismata
1135 4861 1169 4916 ab
1184 4860 1287 4917 unitate
1302 4876 1332 4916 se
1347 4858 1478 4916 Ecclesiae
1492 4874 1548 4915 non
1559 4859 1695 4917 dividunt.
1707 4850 1792 4927 Quis

120 4966 177 5008 non
202 4951 265 5022 jure
292 4952 461 5018 damnatum,
489 4965 578 5022 neque
592 4948 632 5005 rei
647 4947 696 5020 [ct.
712 4963 767 5005 om.
782 4946 832 5020 rei]
847 4963 924 5004 rcum
974 4957 1004 5004 ut
1016 4956 1125 5006 sanctus
1140 4948 1248 5005 llilarus
1261 4964 1334 5021 papa
1354 4947 1420 5004 dicit
1434 4948 1530 5020 (epist.
1547 4946 1576 5020 l)
1593 4963 1600 5004 :
1619 4970 1630 4996 α
1647 4947 1707 5003 Non
1720 4938 1788 5000 rni-

118 5046 233 5111 possunt
247 5037 593 5110 competenterabsolvere
605 5053 613 5092 ι
625 5036 665 5093 sic
678 5035 805 5104 itlojusre
813 5051 923 5107 praeva-
973 5053 1025 5094 nus
1039 5037 1068 5093 in
1082 5045 1235 5094 sanctarum
1258 5036 1434 5093 traditionum
1457 5035 1615 5092 sanctiones
1629 5024 1781 5092 committi·

118 5127 235 5185 rioatore
257 5125 396 5193 damnato,
422 5126 467 5183 isti
482 5142 591 5199 quoquc
611 5124 672 5199 pari
690 5124 781 5194 jacent
806 5123 923 5180 damna-
973 5134 1027 5194 tur,
1042 5141 1122 5199 quam
1148 5124 1175 5180 in
1199 5125 1325 5196 injuriam
1353 5123 1440 5196 ipsius
1461 5123 1573 5181 Domini
1593 5121 1773 5195 prosilitur.»

117 5216 193 5273 tione
205 5213 335 5289 prostroti
351 5230 358 5270 :
375 5230 463 5287 neque
487 5215 552 5271 inde
566 5213 620 5270 nisi
633 5212 826 5285 resipiscentes
841 5220 922 5287 pote·
972 5215 1007 5272 Et
1020 5215 1094 5271 beati
1103 5213 1201 5270 Leonis
1211 5212 1383 5270 decernentis
1394 5212 1435 5283 (S.
1446 5212 1511 5279 Leo,
1525 5212 1576 5270 loc.
1588 5212 1662 5284 cit),
1672 5209 1729 5284 qnia
1743 5201 1769 5257 1¹¹

117 5312 182 5361 runt
196 5319 310 5377 prorsus
324 5301 450 5371 absolvi;
467 5302 530 5374 quia
544 5303 613 5360 sicut
626 5317 677 5373 per
696 5317 782 5357 unum
795 5301 922 5359 scriben·
973 5304 1062 5361 causis
1091 5320 1151 5376 quse
1173 5303 1209 5359 ad
1229 5301 1387 5375 generalem
1412 5299 1616 5358 observantiam
1637 5293 1764 5370 pertinent

119 5397 177 5447 tem
190 5406 287 5450 corum
301 5391 424 5449 omniurn
437 5389 547 5464 vulgata
568 5389 752 5463 transgressio
766 5397 817 5457 est,
834 5390 881 5462 qui
893 5390 924 5445 in
973 5392 1094 5450 omnium
1108 5392 1217 5450 Domini
1240 5390 1425 5457 sacerdotum,
1449 5388 1519 5445 nihil
1533 5388 1593 5445 sine
1617 5381 1759 5459 primatibus

120 5477 246 5536 eamdem
267 5478 390 5554 pertidia
413 5478 570 5537 ceciderunt
589 5478 740 5547 actionem;
764 5478 805 5536 sic
825 5478 853 5534 in
867 5492 923 5535 nno
973 5488 1081 5554 opertet
1095 5480 1212 5551 impleri,
1227 5494 1282 5536 non
1294 5477 1343 5534 tuit
1358 5476 1450 5534 socius
1466 5475 1620 5549 disciptinas
1636 5492 1642 5531 :
1658 5462 1759 5530 undet't

120 5572 272 5650 eodemque
285 5576 332 5651 qni
345 5590 397 5650 pro
411 5574 538 5635 omnibus
552 5573 768 5648 scripseratis!
775 5574 923 5634 scribendo
972 5578 1103 5635 mendum
1117 5584 1159 5635 est
1172 5585 1202 5634 ut
1214 5592 1269 5634 non
1284 5575 1318 5632 sit
1334 5574 1415 5632 etiam
1435 5588 1552 5632 consors
1575 5560 1753 5630 communionis
