3826 6098
490 203 493 212 '
583 210 756 270 flmcltattl
781 204 981 269 nnauacsls
1010 211 1285 273 Aacfflarlscort.

326 335 498 395 lllNcllARl
516 336 720 395 lillllllENSlS
937 334 1179 397 Areconciliando
1195 354 1256 396 eum
1270 339 1368 399 viatico
1381 355 1494 400 munere
1508 341 1702 414 penitentiam·
1720 361 1775 416 pe·

431 442 467 482 nn
482 439 609 483 ιιιιιιιι.
974 432 1072 494 tentes,
1090 426 1248 499 sepeliendo
1276 437 1419 499 mortuos;
1448 446 1512 488 cum
1529 431 1638 504 penitus
1663 432 1699 489 ab
1729 433 1775 490 his

161 515 325 571 Hmeuxnns
348 514 515 572 llhemnrum
548 514 693 586 episeopus
720 513 819 571 dilecto
844 512 923 571 fratri
972 514 1100 570 omnibus
1114 516 1244 587 prohibiti
1259 517 1354 573 simus.
1373 540 1384 568 a
1401 520 1436 575 Et
1450 518 1531 591 paulo
1545 528 1630 592 post:
1649 542 1660 573 ι
1680 524 1776 594 inpa-

127 604 274 660 llrucuxno
290 603 463 659 landunensi
474 603 638 675 coepiscopo
652 611 746 659 nostro
759 604 888 659 salutem.
972 603 1064 659 rochia
1077 611 1171 660 nostra
1184 605 1224 660 uti
1240 605 1346 674 debeat,
1362 621 1398 662 an
1412 622 1476 675 non,
1494 615 1521 665 et
1545 608 1659 681 reliqna.
1677 600 1776 679 'Quam

160 692 251 749 Pridie
261 691 321 748 llal.
337 692 429 748 lunias
442 692 585 765 presentis
600 692 729 749 secunde
767 690 924 748 indictionis
972 691 1119 748 novitatem
1133 708 1151 748 a
1165 693 1266 752 seculo
1280 695 1413 753 hactenus
1429 696 1588 765 inauditam,
1606 696 1692 755 frater
1705 699 1776 755 cha-

124 781 199 838 misit
211 781 246 836 ad
259 797 304 837 me
318 796 386 854 grex
401 780 589 838 laudunensis
600 780 723 837 ecclesie
739 796 788 852 per
816 780 923 854 legatos
972 779 1090 851 tissime,
1107 781 1174 839 sctis
1188 783 1400 840 contremiscens
1414 785 1552 855 exhorrui,
1578 786 1644 842 satis
1671 802 1776 859 super-

126 885 200 939 sucs,
217 885 332 943 qnorum
347 870 457 926 nomina
471 870 574 942 scripta
587 870 730 936 hebernus,
745 868 867 925 oblatam
874 886 924 942 pe·
972 885 1026 940 que
1040 868 1124 926 dolui.
1140 871 1218 928 Unde
1233 880 1368 945 augentur
1380 873 1446 929 mihi
1475 874 1603 946 lacrymae
1619 892 1627 931 ε
1651 875 1776 950 gemitus

126 958 257 1026 titionem,
273 959 301 1014 in
316 958 453 1032 quainter
467 966 566 1015 cetera
580 958 735 1015 continetur
751 975 758 1012 ε
775 959 845 1014 Dum
871 973 923 1014 ιιιιι
973 973 1003 1013 ιι
1017 957 1046 1012 in
1060 974 1121 1015 meo
1135 960 1218 1016 corde
1231 976 1287 1018 non
1300 961 1418 1033 capiunt,
1435 968 1515 1034 atque
1525 978 1559 1020 ex
1569 961 1664 1020 intimo
1681 963 1776 1022 visce-

126 1048 187 1104 Kal.
203 1047 286 1103 blaias
293 1047 366 1104 idem
380 1055 474 1119 pastor
498 1054 592 1103 noster
618 1046 647 1101 in
673 1053 765 1102 monte
793 1047 923 1103 Lauduno
972 1045 1143 1104 cumdolore
1158 1048 1279 1120 peccatis
1294 1049 1481 1122 meisreputo,
1499 1050 1573 1122 quod
1586 1058 1616 1109 tu
1625 1051 1693 1109 ralia
1702 1051 1776 1110 filius

125 1135 155 1192 in
170 1152 217 1193 sua
231 1136 336 1208 synodo
348 1136 383 1193 de
397 1135 572 1207 perplurimis
585 1134 745 1190 utilitatibus
755 1150 812 1192 sue
822 1143 924 1193 sancte
972 1150 1051 1191 meus
1066 1135 1093 1192 iu
1109 1142 1230 1208 tempore
1247 1138 1298 1194 isto
1313 1137 1441 1196 novitatis
1465 1141 1689 1212 presumptione,
1715 1157 1777 1214 que

126 1225 257 1282 Ecclesiae
270 1224 422 1281 ordinando
436 1232 463 1280 et
474 1222 660 1280 emeliorando
684 1224 808 1295 quedam
832 1224 861 1279 in
883 1223 923 1280 eis
972 1221 1008 1279 de
1023 1223 1150 1295 superbia
1164 1224 1333 1282 descendere
1347 1227 1479 1295 noscitur,
1495 1228 1565 1301 agis,
1583 1228 1676 1301 qualia
1700 1245 1776 1287 nun·

125 1313 413 1387 disputaret,”occurrit
426 1328 477 1384 pro
492 1328 621 1370 successu
634 1319 789 1384 temporum
799 1313 924 1385 quedam
973 1326 1056 1383 quam
1083 1311 1156 1369 ullus
1181 1313 1371 1386 episcoporum
1390 1315 1490 1387 legitur
1507 1317 1730 1390 presumpsisse.
1762 1338 1774 1370 ι

125 1419 192 1475 pars
205 1401 328 1474 ejusdem
341 1401 541 1473 disputationis,
557 1417 608 1474 pro
623 1416 678 1473 qua
698 1401 763 1475 quia
782 1401 925 1459 ordinandi
973 1401 1044 1457 Nam
1059 1401 1130 1458 sicut
1143 1402 1171 1457 in
1186 1416 1266 1459 sacra
1280 1402 1400 1459 ilistoric
1414 1402 1514 1475 legitur
1529 1407 1650 1463 :Petrus
1660 1407 1776 1480 quidem

126 1508 219 1547 rerum
233 1490 481 1547 ecclesiasticarum
494 1496 616 1562 potestas
631 1489 666 1544 ab
680 1505 723 1556 eo,
740 1505 801 1546 curn
826 1491 871 1560 J'us
900 1498 926 1546 et
974 1491 1139 1546 servabatar
1154 1490 1186 1546 in
1199 1507 1321 1558 carcere,
1343 1493 1433 1550 oratio
1448 1492 1534 1562 fiebat
1548 1495 1611 1550 rinc
1629 1495 1777 1552 intenuit·

126 1580 171 1636 ιιι
186 1595 322 1636 canonum
333 1578 454 1648 jubendo
468 1577 602 1651 precipit,
618 1578 853 1650 ntepiscopusres
868 1596 926 1637 sue
974 1579 1406 1653 sioneobcrclestoedllcampro
1425 1581 1534 1654 eotlct.
1554 1581 1618 1656 xri).
1647 1583 1776 1640 Liberius

126 1667 260 1735 ecelesiae,
276 1667 375 1740 quibus
389 1666 504 1724 volucrit
519 1675 545 1722 at
560 1667 696 1740 quomodo
710 1667 836 1734 voluerit,
866 1668 925 1723 dis·
937 1692 964 1752 B
974 1682 1054 1738 papa,
1062 1666 1177 1740 vigilius
1185 1668 1388 1739 papa,Joannes
1397 1684 1476 1741 papa,
1485 1669 1659 1742 etpontiiices
1671 1678 1777 1729 sancte

127 1755 254 1829 poncndo
276 1755 426 1828 dispenset,
446 1754 611 1822 auferretur,
634 1755 808 1829 perplurime
830 1764 926 1813 aucto·
975 1757 1105 1812 Romane
1119 1755 1251 1813 Ecclesiae
1265 1756 1293 1812 in
1308 1757 1432 1813 exsilium
1447 1758 1533 1826 missi,
1549 1766 1577 1814 et
1590 1759 1704 1831 qnidam
1726 1775 1778 1816 eo·

1720 221 1773 278 bib

126 1844 218 1901 ritates
233 1844 318 1901 sancti
329 1843 400 1901 Petri
414 1859 658 1916 successorumque
668 1846 736 1916 eJus,
749 1847 848 1918 quibus
858 1861 926 1919 qua·

24 1964 31 1973 ·
127 1933 190 1989 liter
204 1940 230 1989 et
244 1934 382 2005 quomodo
397 1933 461 1989 data
469 1933 492 1988 si
502 1940 624 2005 potestas
635 1933 739 2006 ligandi
753 1943 780 1991 et
789 1933 924 2002 solvendi,

127 2021 161 2078 ab
176 2021 271 2078 eodem
286 2029 395 2094 pastore
408 2029 501 2078 nostro
516 2022 543 2077 in
557 2022 704 2094 presentia
718 2023 802 2080 totius
830 2023 927 2096 synodi

126 2126 173 2168 eas
187 2110 335 2183 retegendo
350 2111 468 2167 recitate
483 2117 554 2183 sunt.
567 2109 672 2178 Quibus
680 2111 811 2180 recitatis,
820 2127 927 2170 memor

126 2199 283 2270 injuriarum
307 2216 427 2269 suarum,
455 2215 515 2272 que
548 2199 574 2255 ei
606 2200 740 2257 moderno
772 2201 927 2258 acciderant

126 2294 260 2359 tempore,
272 2289 347 2344 addit
361 2288 435 2360 quod
449 2287 604 2344 immineret
618 2296 726 2360 tempus
749 2290 926 2362 comprovin-

125 2375 201 2434 cialia
215 2376 323 2448 synodi,
339 2393 400 2449 que
412 2375 441 2431 in
455 2373 599 2432 vermeria
608 2377 707 2448 palatio
729 2378 807 2450 regio
835 2395 852 2435 a
878 2394 927 2436 vo·

127 2465 170 2522 bis
183 2465 337 2537 vestrisque
347 2463 531 2538 suffraganeis
545 2480 596 2520 vur
610 2466 864 2525 Kalliaiasbabita
874 2477 925 2536 est,

127 2554 162 2611 ad
177 2570 258 2629 quam
271 2554 369 2611 vestris
383 2552 481 2610 litteris
496 2562 625 2611 evocatus
638 2553 733 2612 libenti
747 2557 838 2613 animo
876 2573 927 2615 co·

127 2658 187 2699 ram
201 2642 326 2700 omnibus
340 2641 481 2714 professus
495 2649 578 2699 estse
593 2643 653 2700 sine
659 2643 713 2700 ulla
721 2644 927 2718 intercapedine

126 2748 348 2806 progressurum.
366 2731 420 2788 Sed
441 2731 504 2804 quia
525 2732 653 2789 credebat
676 2733 705 2789 in
725 2734 786 2806 ipsc
810 2736 925 2807 synodo,

85 2891 87 2895 .
127 2822 199 2888 quod
213 2838 273 2877 mos
288 2820 361 2877 haud
376 2822 498 2892 exposcit
512 2821 659 2878 canonicus
673 2822 793 2894 aliquam
821 2823 928 2880 violen-

976 1860 1035 1899 rum
1051 1859 1159 1902 carcere
1173 1845 1295 1901 conclusi
1310 1844 1442 1903 fuerunt:
1464 1847 1627 1904 Athanasius
1652 1848 1778 1904 Alexan-

976 1932 1063 1990 drine
1078 1934 1206 1990 secunde
1220 1933 1293 1990 sedis
1308 1934 1463 2006 episcopus,
1479 1942 1504 1991 et
1518 1943 1627 1992 sanctus
1651 1935 1778 1993 lleletins

975 2023 1152 2079 Antiocheae
1166 2022 1254 2079 tertie
1267 2023 1342 2079 sedis
1356 2023 1511 2096 episcopus,
1529 2031 1556 2080 et
1571 2024 1689 2097 cyrillus
1710 2026 1778 2083 Hie·

976 2111 1188 2183 rosolymitanus
1211 2113 1365 2184 episcopus,
1394 2113 1514 2169 loannes
1528 2113 1778 2188 Constantinopoli·

976 2208 1056 2256 tanus
1071 2199 1227 2272 episcopus,
1263 2201 1392 2257 Paulinus
1410 2200 1586 2258 Treverensis
1619 2203 1777 2276 episcopus,

977 2295 1087 2345 sanctus
1106 2287 1225 2345 hilarius
1243 2289 1421 2346 Pictaviensis
1453 2290 1607 2363 episcopus,
1641 2291 1779 2348 Eusebius

977 2377 1160 2434 vercellensis
1174 2376 1320 2449 episcopus
1333 2378 1369 2435 de
1381 2379 1518 2450 parochiis
1531 2379 1589 2436 snis
1612 2379 1725 2437 abducti
1752 2387 1781 2437 et

977 2464 1006 2521 in
1019 2466 1144 2523 exsilium
1159 2467 1235 2522 missi
1250 2466 1368 2535 luerunt,
1385 2475 1413 2523 et
1427 2467 1481 2524 tale
1496 2468 1560 2540 quid
1583 2483 1679 2542 agere,
1709 2468 1781 2525 sicut

977 2554 1068 2627 egisti,
1084 2570 1140 2611 non
1154 2563 1394 2626 presumpserunt.
1411 2556 1510 2612 Βιιιιι
1524 2556 1686 2612 Ambrosius
1696 2556 1726 2612 in
1736 2571 1781 2614 ec·

978 2642 1062 2698 clesia
1088 2641 1288 2701 Mediolanensi
1314 2644 1420 2700 lustina
1438 2645 1562 2702 heretice
1603 2643 1780 2717 imperatrice

976 2731 1162 2803 precipiente,
1193 2731 1349 2800 conclusus,
1366 2740 1392 2789 et
1415 2733 1527 2789 armatis
1541 2733 1617 2790 circa
1631 2733 1781 2791 ecclesiam

978 2819 1174 2876 excubantibus
1189 2820 1329 2888 obsessus,
1345 2829 1372 2876 et
1393 2828 1519 2892 carpemo
1537 2821 1627 2893 posito
1644 2830 1710 2879 ante
1733 2837 1782 2881 os-

127 2909 192 2964 tiam
207 2909 258 2964 sibi
272 2908 416 2981 illegaliter
429 2916 456 2963 ιι
468 2915 565 2964 ιοιιιι
578 2909 656 2982 leges
671 2925 832 2966 canonuma
861 2927 929 2984 quo·
977 2907 1055 2978 bum,
1071 2922 1124 2980 quo
1139 2908 1167 2963 in
1182 2908 1306 2965 exsilium
1321 2911 1483 2979 traheretur,
1500 2909 1617 2965 animam
1633 2925 1714 2966 suam
1737 2917 1783 2968 te-

128 3012 235 3068 cunque
249 2995 317 3066 fieri,
348 3012 474 3052 sermone
494 2997 686 3054 contestatorio
714 3006 741 3054 ιι
768 3000 927 3056 auctoritate
978 3012 1046 3052 nens
1060 2995 1226 3053 inmanibus
1242 2997 1308 3066 suis,
1326 2999 1392 3070 quid
1406 2998 1460 3055 tale
1471 3013 1527 3054 non
1539 2997 1784 3072 egialliyobertus

128 3085 214 3141 sancti
228 3083 309 3154 Petri,
326 3083 432 3156 quodsi
447 3084 472 3141 ei
486 3083 596 3141 licentia
611 3085 693 3142 eundi
707 3087 926 3160 Romamprohi-
977 3080 1145 3137 Rhemorum
1159 3082 1304 3153 episcopus
1319 3083 1421 3139 crudeli
1434 3082 1562 3140 violentia
1588 3098 1605 3140 a
1634 3082 1702 3139 sede
1733 3097 1785 3140 sua

128 3175 248 3240 beretur,
267 3173 387 3245 antipae
402 3181 496 3245 captus
511 3173 686 3242 obtineretur,
707 3191 803 3233 omnes
832 3193 925 3234 sacer·
978 3169 1117 3241 expulsus,
1133 3177 1159 3226 et
1173 3169 1203 3226 in
1213 3171 1378 3242 proprietate
1393 3171 1442 3227 sua
1456 3187 1511 3227 non
1525 3172 1608 3244 longe
1624 3172 1659 3227 ab
1681 3171 1785 3229 eadem

127 3263 206 3321 dotes
219 3262 302 3319 totins
315 3262 453 3334 parochie
468 3278 525 3318 sue
538 3262 686 3337 colligavit,
703 3260 820 3322 utnorn'o
830 3283 926 3323 eorum
978 3258 1045 3314 urbe
1059 3274 1121 3316 cum
1136 3274 1238 3332 magna
1252 3259 1402 3331 indigentia
1416 3259 1537 3332 pluribus
1553 3259 1633 3316 annis
1653 3261 1785 3317 residens

127 3353 156 3407 in
169 3367 204 3408 aa
217 3351 377 3409 sacerdotali
398 3351 548 3408 ministerio
572 3352 666 3408 tandin
689 3361 819 3423 ureretur,
840 3371 927 3429 usque
978 3347 1083 3419 deguit,
1099 3349 1148 3404 sed
1163 3349 1228 3420 quid
1243 3349 1297 3405 tale
1312 3365 1374 3406 cum
1389 3348 1558 3422 coepiscopis
1573 3348 1630 3405 suis
1644 3363 1701 3406 nnn
1712 3349 1784 3422 egit.

127 3440 193 3497 dum
206 3440 252 3497 ille
266 3440 326 3512 ipse
339 3439 484 3497 nobiscum
497 3440 594 3497 iterum
607 3441 670 3499 viva
679 3457 747 3499 voce
755 3443 925 3516 loqueretur,
978 3437 1097 3492 Fuerunt
1110 3437 1192 3494 etiarn
1206 3437 1251 3492 alii
1266 3445 1361 3494 nostra
1375 3446 1454 3494 etate
1468 3453 1501 3493 ac
1511 3445 1632 3509 tempore
1642 3437 1786 3494 caedibus

128 3529 279 3587 sorbuere
289 3529 388 3601 exipsa
396 3537 490 3586 ancre
499 3530 927 3604 sedebearireniapostolinobis
978 3525 1035 3580 suis
1049 3541 1100 3596 pro
1114 3525 1230 3583 diversis
1244 3527 1334 3583 causis
1348 3527 1383 3582 ad
1404 3534 1512 3598 tompus
1534 3526 1649 3598 expulsi,
1667 3525 1785 3599 quidam

127 3617 309 3675 mitterentur.
321 3617 381 3686 Quo
396 3618 476 3686 lacto,
490 3617 564 3691 quod
578 3627 643 3675 tunc
656 3635 712 3675 non
725 3619 833 3689 accidit,
855 3635 928 3678 nunc
978 3613 1059 3670 eliam
1072 3613 1321 3686 irrecuperabiliiel
1335 3614 1443 3684 abjecti·
1460 3623 1486 3671 θῐ
1500 3614 1553 3670 ¹⁸10
1570 3614 1635 3687 quid
1650 3629 1707 3671 ¹1⁰ss
1717 3631 1786 3690 ett-

127 3707 156 3762 in
170 3706 278 3764 Silvaco
292 3706 392 3778 palatio
407 3707 484 3779 regio
498 3722 526 3762 v.
543 3706 604 3762 llal.
615 3707 710 3762 lunias
723 3717 865 3779 peractum
875 3716 926 3765 est.
978 3708 1059 3769 runt;
1075 3703 1245 3760 attendentes
1259 3703 1311 3759 sibi
1326 3703 1427 3759 dixisse
1441 3701 1611 3776 Apostolum,
1626 3711 1699 3760 etex
1718 3719 1787 3776 pro-

128 3794 190 3865 Qua
202 3803 294 3851 ιιιιιι
303 3795 348 3851 die
358 3795 518 3867 prinsquam
526 3794 561 3849 ad
568 3795 658 3866 ipsum
677 3795 815 3852 Silvanum
829 3813 928 3869 perve·
978 3790 1087 3862 phetico
1095 3791 1249 3847 testimonio
1259 3790 1436 3848 confirmasse
1446 3809 1452 3846 :
1464 3793 1524 3850 Non
1533 3808 1578 3848 vos
1584 3790 1784 3863 defendentes,

127 3883 206 3950 niret,
223 3883 353 3956 prescius
375 3892 494 3940 venture
513 3881 649 3940 violentie
669 3900 725 3940 sue
748 3885 871 3957 predixit
885 3902 928 3941 sa·
979 3879 1152 3950 clamatori,
1163 3879 1284 3936 reddata
1295 3881 1386 3937 locam
1397 3880 1458 3936 ιιι.
1472 3881 1617 3953 Scriptum
1627 3883 1672 3937 est
1691 3882 1785 3937 enim.

127 3969 232 4029 cerdoti
245 3979 337 4027 nostro
346 3971 481 4028 clarentio
495 3971 630 4043 simulque
640 3970 756 4029 diacono
766 3974 926 4043 Teutlando,
980 3968 1046 4023 Μὶὴί
1054 3966 1189 4037 vindicta,
1199 3983 1246 4040 eoo
1256 3970 1422 4040 carnonam,
1441 3968 1514 4026 dicit
1528 3970 1669 4026 Dominus
1688 3970 1785 4041 (Rom.

129 4067 160 4116 ut
171 4059 251 4116 nobis
265 4059 456 4116 denuntiarent
465 4075 517 4132 per
527 4059 618 4116 omnia
628 4077 679 4117 nos
689 4070 855 4131 servaturos,
868 4079 929 4137 que
979 4070 1021 4111 xu
1033 4072 1040 4123 3
1050 4057 1130 4112 ΜΤ·
1146 4072 1185 4125 ¹3
1202 4059 1315 4114 Deuter-
1331 4057 1436 4130 mn)-
1452 4058 1487 4113 El
1499 4055 1524 4111 Si
1537 4056 1610 4113 enim
1636 4056 1713 4115 aliud
1740 4056 1788 4114 vel

129 4163 214 4206 causa
227 4164 337 4205 suarum
351 4148 518 4219 injuriarum,
534 4156 561 4204 ιι
576 4156 605 4204 ut
619 4149 703 4206 satius
717 4151 851 4222 dicamus,
879 4167 930 4223 pro
979 4143 1032 4200 hoc
1046 4153 1072 4200 te
1087 4144 1122 4199 ab
1137 4144 1187 4200 hac
1202 4146 1414 4217 presumptione
1429 4145 1558 4202 cohibere
1573 4144 1718 4214 debuerat,
1748 4158 1788 4202 ιιι

129 4244 199 4294 statu
209 4245 365 4296 sanctarum
375 4237 554 4295 ecclesiarum
563 4237 756 4311 inprescripta
766 4240 930 4311 synodoxrrr
979 4232 1056 4288 solus
1070 4232 1134 4288 talia
1149 4232 1265 4302 laceres,
1283 4250 1344 4305 que
1358 4249 1439 4290 nemo
1453 4233 1523 4289 alius
1537 4232 1601 4290 iecit
1617 4242 1627 4290 t
1641 4233 1711 4290 Cum
1719 4233 1789 4290 bea·

129 4325 191 4384 Kal.
207 4326 292 4383 blaias
307 4328 434 4385 omnibus
448 4326 639 4385 sacerdotibus
653 4343 709 4384 sue
723 4329 861 4400 parochie
875 4329 929 4384 ob·
980 4328 1024 4377 21¹⁵
1033 4322 1130 4377 Pelius
1141 4322 1280 4393 al³⁰i¹0¹¹¹⁸
1290 4322 1376 4378 dicat:
1393 4323 1478 4380 Νθιηθ
1499 4325 1625 4379 ”⁶⁸in
1651 4323 1790 4396 latim?

129 4432 242 4475 servare
256 4417 415 4475 auctoritate
430 4416 518 4474 sancti
530 4416 604 4473 Petri
614 4417 672 4489 ipse
698 4426 873 4490 preceperat.
944 4407 973 4472 D
986 4413 1123 4483 tanquam
1136 4409 1287 4481 homicida,
1301 4415 1353 4467 ant
1367 4414 1426 4483 sar,
1439 4409 1686 4482 autmalcdicus(l
1703 4413 1787 4468 Patr.

163 4507 199 4563 Et
214 4515 275 4580 post
296 4506 457 4581 aliquanta:
483 4527 494 4556 r
520 4504 693 4578 Quapropter
716 4507 780 4579 quia
800 4507 927 4564 eumdem
982 4502 1033 4563 vv).
1058 4499 1197 4570 Tanquam
1205 4497 1363 4565 maledicus,
1373 4499 1497 4571 inquiunt
1507 4498 1633 4555 catholici
1646 4497 1790 4566 doctores,

129 4597 270 4653 dominum
284 4603 409 4653 nostrum
423 4594 498 4668 regia
512 4601 646 4665 potestate
671 4602 806 4652 retentum
830 4603 857 4651 et
879 4611 927 4652 pe.
977 4586 1088 4659 patitur,
1100 4587 1147 4660 qui
1161 4586 1358 4659 persecutionis
1373 4603 1430 4644 stlae
1443 4595 1567 4659 iempore
1581 4586 1610 4643 in
1625 4585 1669 4642 sui
1684 4586 1790 4644 saliem

128 4685 234 4742 clusum
248 4684 310 4742 viva
324 4699 392 4742 voce
406 4683 483 4740 adire
496 4699 552 4739 non
567 4690 733 4755 poteramus,
760 4692 787 4741 et
800 4685 928 4742 sacerdo-
978 4674 1077 4744 iniuria
1091 4677 1275 4748 persecutoris
1286 4674 1443 4732 effrenatur·
1461 4678 1496 4732 El
1516 4675 1583 4731 item
1609 4674 1686 4732 idem
1716 4690 1791 4748 apo·

128 4773 177 4829 tali
189 4772 344 4830 ministerio
358 4771 487 4845 prohibiti
503 4771 538 4827 ab
547 4787 580 4828 eo
590 4771 642 4827 irui
653 4787 709 4828 non
720 4772 889 4830 audebamus
896 4787 928 4829 ιιι
979 4763 1113 4821 stolorum
1120 4765 1249 4837 princeps
1258 4765 1323 4822 dicit
1335 4783 1342 4819 ε
1354 4766 1589 4838 Christaspaasas
1600 4767 1644 4820 cst
1659 4781 1715 4836 pro
1734 4781 1791 4822 cro-

129 4861 192 4918 Kal.
207 4861 303 4918 lunias
316 4862 352 4918 ad
366 4860 522 4934 capitolium
537 4868 663 4917 nostrum
684 4861 871 4930 convenimus,
901 4869 929 4919 et
979 4852 1792 4927 bibvobt'trtlt'ntwntexemplumdtttettmminivetfipia

129 4948 230 5006 ibidem
244 4950 382 5008 communi
397 4949 534 5022 colloquio
549 4956 729 5007 retractantes
752 4958 857 5006 ratum·
869 4949 929 5007 tore
980 4945 1041 5013 ejas
1047 4943 1268 5030 cquipeccotaor
1274 4959 1331 5000 non
1339 4941 1792 5014 fecitneciovcntarestdolasr'rr

128 5037 266 5110 duximus,
282 5045 311 5094 nt
325 5038 426 5095 exinde
441 5038 584 5097 consilium
596 5046 696 5095 nostre
711 5037 805 5094 salutis
819 5054 837 5096 a
850 5054 930 5097 sacra
950 5037 954 5044 “
981 5047 1028 5088 orc
1040 5033 1111 5104 ejas,
1128 5032 1176 5105 qai
1192 5048 1258 5089 com
1271 5030 1492 5088 malediceretur
1510 5046 1568 5087 non
1586 5029 1789 5100 maledicebat,

127 5128 290 5200 paternitate
304 5127 429 5184 almitatis
442 5136 542 5185 vestre
558 5127 697 5185 humiliter
705 5128 928 5201 deposceremus,
981 5136 1047 5177 cvm
1064 5125 1212 5193 palmiti?
1228 5119 1538 5186 '2⁰”00mml'nabaittrt
1550 5117 1791 5176 tradebatssttlcm

128 5225 218 5274 utrum
233 5216 411 5275 sacerdotalis
425 5216 567 5273 ministerii
576 5216 665 5274 officio
675 5216 776 5274 missas
785 5216 930 5274 celebran·
980 5209 1124 5276 iudicanti
1133 5207 1690 5282 rotojastetll’ctrnt.Trndecarautem,
1699 5214 1792 5265 etnon

129 5306 174 5373 do,
194 5314 222 5363 et
240 5306 352 5365 domino
369 5320 420 5378 pro
439 5305 596 5377 receptione
627 5307 745 5378 pastoris
778 5305 867 5363 nostri
898 5321 931 5363 ac
983 5297 1235 5354 excommunicabat
1248 5312 1337 5371 neque
1352 5295 1541 5353 maledicebat.
1554 5296 1589 5352 Et
1597 5295 1701 5351 Paulus
1718 5310 1792 5368 apo-

130 5394 267 5451 communi
280 5394 395 5452 utilitate
408 5393 491 5450 totius
510 5401 611 5450 sancte
637 5393 770 5453 Ecclesiae
798 5391 933 5452 sacdficia
983 5384 1793 5458 siolusdiciitNeminidanlttvllam‘lffemfftmssm.”lm

130 5479 281 5553 offerendo,
296 5483 458 5557 baptizando
481 5497 592 5557 pueros,
625 5482 762 5543 visitando
795 5482 929 5552 infirmos,
982 5483 1366 5557 nitapcrctarmtnistcrr'am
1380 5487 1527 5551 cornamr
1540 5480 1635 5541 sedin
1652 5480 1792 5543 omnibus
