3794 6104
74 247 118 302 lot
428 241 550 300 OPUSC.
580 242 625 298 ΕΤ
647 241 756 298 EPlS'f.
787 241 823 294 ΙΝ
852 238 966 295 CAUSA
989 238 1160 296 unientur
1184 239 1336 297 LAUDUN.
1673 241 1725 298 Μ

80 373 189 437 amnt,
207 371 326 441 etegent
334 366 481 440 plorioDei
492 368 580 434 (som.
592 365 645 436 su).
658 381 727 420 uuus
742 362 874 429 occultus,
886 362 915 423 Α
928 361 992 417 latio
1008 378 1110 428 eorum,
1128 363 1173 435 qui
1188 363 1320 420 versutias
1342 363 1443 436 agendi
1457 363 1572 420 eredunt
1581 379 1643 420 esse
1657 358 1729 420 sou-¹

79 468 102 514 et
115 457 185 513 alter
199 455 362 512 manifestus
378 471 478 519 zonas,
488 455 521 509 de
539 469 593 525 quo
605 454 786 524 scriptumest
800 470 806 505 :
825 454 875 507 lie·
926 451 996 517 silis,
1013 468 1151 523 nunquam
1176 453 1338 508 innocentiae
1352 469 1451 508 nomen
1467 453 1593 523 accipiet.
1604 451 1724 509 Confite-

79 544 376 616 sccndiisiculplouia
386 545 418 599 io
429 544 518 598 uellus
528 544 615 611 (Psoi.
625 543 752 607 suxi),et
762 540 831 594 alter
841 539 876 594 de
925 548 967 594 tur
981 541 1053 595 euim
1068 542 1103 596 de
1118 541 1244 596 omuibus
1265 542 1387 613 quisquis
1402 558 1432 597 se
1447 541 1638 615 subterfugere
1647 540 1724 610 judi·

79 633 410 706 quoscriptumestzneas
419 630 769 702 manifestaveniei(l‘sol.
783 627 874 697 xntx);
925 627 996 682 oium
1021 628 1194 683 dilationibus
1208 637 1292 699 putat.
1310 630 1383 683 Nihil
1411 629 1483 685 enim
1506 631 1620 685 interest
1634 637 1725 685 utrum

79 737 144 777 uuus
157 721 193 776 de
208 735 264 792 quo
280 719 395 774 dicitur:
416 720 496 774 l'enil
515 718 594 787 tilius
612 719 743 781 hominis,
766 733 824 772 non
842 719 874 770 nl
924 715 1091 785 inpraesenti
1109 717 1232 771 examine
1247 717 1339 771 omnia
1354 734 1415 789 quta
1428 717 1503 773 dicta
1517 726 1579 771 sunt
1594 732 1724 789 compro-

73 809 181 882 judicet
195 808 348 872 mundum,
359 808 406 863 aad
416 805 873 877 nisolvelurmnndospert'psnm
925 803 1033 869 bentur,
1051 805 1188 874 cumipse
1206 820 1314 876 quoque
1335 820 1385 875 pro
1395 804 1567 860 confessione
1577 812 1724 875 procurata

76 898 167 968 (toan.
184 896 239 965 ιιι),
250 895 320 950 alter
333 895 874 967 quandoucnieijtedicoreriooselinor·
924 892 1003 946 toties
1025 900 1130 946 constet
1145 892 1279 948 absentia.
1296 892 1375 961 Quod
1393 893 1415 946 si
1439 893 1537 948 adesse
1558 892 1721 964 neglexerit,

77 992 136 1042 tuos
152 988 181 1040 el
193 984 333 1056 faculam
353 999 403 1056 per
418 985 529 1055 ignem
545 982 582 1036 ita
603 982 657 1036 duo
678 989 740 1036 sunt
760 980 872 1050 judicia,
923 980 1082 1035 dilationem
1098 981 1238 1035 sententiae
1254 981 1287 1035 de
1303 981 1427 1036 absentia
1437 997 1493 1036 non
1507 982 1658 1036 lucretur.»
1676 980 1723 1038 Sic

76 1089 158 1128 uuum
172 1071 321 1137 ocettltum,
338 1079 364 1126 et
379 1070 496 1126 alterum
510 1069 703 1134 manifestum
720 1077 745 1123 et
760 1068 815 1123 duo
827 1068 886 1137 jar-1
923 1068 1085 1122 Caelestinus
1101 1070 1194 1138 (episi.
1215 1068 1283 1129 lide
1299 1069 1568 1124 DanieleGalliarum
1584 1069 1721 1142 quondam

73 1160 179 1217 diciorii
193 1160 314 1226 ordines,
330 1175 400 1213 unus
413 1158 448 1213 de
460 1174 513 1228 quo
523 1157 588 1213 dicit
598 1157 744 1228 Apostolus
757 1174 763 1211 :
775 1157 873 1228 Siquis
923 1155 1052 1226 episcopo
1063 1157 1203 1225 judicarit.
1223 1177 1233 1205 ι
1253 1157 1286 1211 Et
1300 1156 1362 1227 quia
1383 1172 1462 1211 nemo
1476 1172 1662 1229 praepropere,
1678 1155 1723 1212 trel

72 1253 164 1320 frater
178 1250 348 1305 nominatur
357 1248 514 1317 fornicator
524 1246 550 1315 tl
559 1246 619 1302 Cor.
632 1245 670 1315 r),
683 1252 747 1309 etc,
758 1260 817 1298 eam
828 1259 873 1298 no·
922 1251 1099 1314 prepostero,
1117 1244 1220 1299 scilieet
1230 1258 1283 1299 non
1294 1245 1485 1309 commonitus,
1502 1261 1591 1317 neque
1601 1260 1722 1300 conveu-

73 1337 252 1392 miuationem
264 1334 379 1406 intelligi
400 1334 505 1400 volens,
530 1342 557 1387 ut
572 1333 637 1388 dicit
654 1332 821 1405 Augustinus
845 1331 872 1385 in
922 1340 966 1385 tus
982 1341 1022 1385 est
1033 1332 1206 1400 judicandus,
1224 1334 1258 1388 de
1269 1332 1448 1387 conventione
1463 1333 1617 1401 hujusmodi
1630 1341 1722 1404 patra·

71 1425 142 1480 libro
156 1424 192 1479 de
208 1422 370 1478 Poenitentia
384 1424 458 1495 (cop.
473 1424 511 1491 3),
528 1438 589 1492 ιιι
605 1419 633 1475 frt
655 1421 682 1474 in
697 1436 873 1491 quemquam,
922 1419 989 1473 toris
1011 1419 1214 1474 manifestorum
1230 1420 1372 1476 criminum
1396 1419 1439 1474 les
1454 1420 1518 1475 dicit
1536 1437 1542 1474 :
1561 1418 1721 1492 Quicunque

70 1524 133 1565 eum
147 1506 284 1563 sententia
300 1504 396 1561 ordine
417 1504 562 1573 Judiciario
584 1513 610 1558 et
638 1520 699 1557 eum
717 1502 873 1575 integritate
922 1507 1010 1562 tribus
1025 1508 1232 1562 auctoritatibus
1253 1507 1353 1577 judicis
1381 1516 1546 1577 conventus,
1570 1507 1614 1564 vel
1636 1508 1722 1564 tribus

71 1595 222 1669 profertur.
238 1594 331 1650 Noluit
345 1594 417 1648 euim
431 1593 570 1648 homiuem
584 1591 618 1646 ab
633 1591 742 1647 homine
754 1589 872 1660 judicari
921 1596 1018 1651 edictis
1041 1596 1075 1650 ad
1096 1596 1215 1664 jndicem
1240 1595 1320 1652 fuerit
1343 1605 1514 1667 provocatus,
1528 1603 1574 1651 aut
1602 1611 1656 1652 uno
1673 1610 1723 1668 pro

70 1701 103 1741 ex
124 1683 242 1739 arbitrio
267 1681 441 1754 suspicionis,
471 1680 514 1736 rel
542 1680 624 1736 etiam
655 1678 908 1772 extraordinarioB
924 1684 1050 1738 omnibus
1070 1685 1264 1754 peremptorio,
1279 1685 1306 1739 id
1332 1693 1382 1751 est,
1409 1686 1482 1757 quod
1497 1700 1607 1741 caumm
1631 1684 1721 1741 extin-

70 1779 204 1844 usurpato
211 1771 318 1841 judicio
335 1788 342 1825 :
358 1770 406 1826 sed
421 1769 510 1841 potius
520 1786 553 1824 ex
567 1768 629 1841 lege
648 1768 700 1823 Dei
722 1767 872 1823 secuudum
923 1773 991 1843 guit,
1009 1770 1089 1826 fuerit
1103 1781 1241 1835 evocatus,
1258 1782 1284 1827 ιι
1298 1773 1473 1843 praesentiam
1488 1788 1564 1829 suam
1578 1772 1651 1844 apud
1658 1789 1721 1830 eum

70 1861 197 1918 ordinem
211 1859 354 1923 Ecclesia,
371 1858 429 1913 sive
444 1858 516 1913 ultro
530 1855 696 1917 confessum.
718 1856 775 1910 site
789 1871 872 1911 occu·
920 1860 1040 1929 judieem
1067 1877 1083 1914 ι
1100 1861 1381 1931 quoeidenuntiatum
1396 1870 1438 1916 est
1446 1862 1576 1918 exhibere
1591 1861 1718 1930 uoluerit,

70 1958 157 2006 satum
177 1958 262 2020 atque
283 1946 437 2005 conuictum
460 1945 531 2001 Nam
555 1945 577 1999 si
600 1942 747 1999 nominatio
764 1943 870 2009 sufficit,
922 1949 1054 2003 adversus
1070 1965 1131 2003 eum
1147 1949 1223 2020 quasi
1247 1949 1274 2003 in
1286 1957 1476 2005 contumacem
1486 1949 1602 2019 judicari
1619 1957 1719 2022 potest,

69 2037 143 2093 mdti
158 2035 312 2093 damnandi
328 2042 389 2090 sunt
403 2035 572 2099 innocentes,
589 2033 653 2104 quis
673 2048 745 2103 sepe
760 2032 830 2087 falso
845 2033 872 2085 in
921 2036 1043 2108 quinimo
1058 2053 1108 2092 ιιι
1132 2037 1288 2092 ιιιιιιιιιιί
1303 2053 1351 2107 per
1375 2037 1582 2108 appellationem
1611 2037 1723 2111 negotia

67 2140 234 2199 quemquam
248 2123 352 2179 crimen
366 2122 532 2178 nominatur.
557 2119 611 2189 Qui
625 2120 693 2176 ordo
710 2119 872 2190 judiciarius
922 2134 1045 2195 possunt,
1063 2125 1168 2196 quoties
1183 2125 1209 2179 in
1239 2133 1426 2181 contumacem
1441 2124 1523 2180 fuerit
1533 2124 1691 2195 judicatum.
1707 2146 1718 2175 s

67 2213 184 2286 qualiter
197 2212 313 2284 exsequi
327 2209 436 2278 debeat,
453 2210 547 2265 beatus
562 2209 716 2282 Gregorius
740 2209 768 2262 in
793 2223 871 2265 com·
957 2213 990 2267 Et
1000 2215 1071 2268 hauc
1091 2213 1254 2268 seutentiam
1274 2214 1309 2268 de
1325 2214 1412 2268 tribus
1429 2213 1631 2269 auctoritatibus
1657 2228 1723 2269 con·

68 2300 216 2357 monitorio
230 2299 264 2355 ad
286 2299 419 2355 loannem
443 2296 614 2353 defensorem
639 2304 748 2351 euntem
771 2296 799 2349 in
821 2296 872 2349 lli·
922 2302 1009 2356 rentis
1029 2317 1062 2355 ex
1082 2301 1240 2372 evangelica
1255 2302 1380 2371 veritate,
1396 2301 1561 2356 Coelestinus
1577 2301 1720 2357 adNesto·

68 2388 180 2460 spanias
192 2386 260 2443 dicit
274 2386 384 2457 (ιιι,
397 2385 458 2442 ind.
476 2389 502 2454 n,
514 2387 597 2457 episi.
611 2386 656 2453 52)
673 2400 679 2438 :
699 2405 710 2432 ι
728 2382 870 2449 Videlicet,
922 2389 991 2443 rium
1006 2390 1140 2456 scribens,
1157 2397 1182 2443 et
1202 2389 1340 2460 Ephesius
1359 2390 1480 2461 synodus
1501 2388 1536 2444 de
1555 2389 1653 2445 eodem
1674 2389 1722 2445 de·

35 2527 42 2535 .
69 2486 95 2533 ut
108 2477 157 2533 alii
170 2476 228 2531 sint
241 2483 431 2540 accusatores,
443 2481 469 2528 et
484 2473 531 2527 alii
546 2481 631 2528 testes
647 2490 653 2525 ι
669 2472 769 2527 deinde
780 2486 873 2527 eausa·
922 2493 1048 2543 cernens,
1065 2486 1091 2532 et
1114 2478 1208 2532 beatus
1223 2476 1372 2550 Gregorius
1391 2478 1427 2533 ad
1440 2479 1573 2533 loannem
1597 2476 1721 2534 scribens

67 2582 124 2621 rum
153 2562 276 2636 qualitas
302 2571 345 2617 est
373 2560 561 2630 examinanda,
586 2568 613 2615 et
635 2569 663 2614 ut
678 2566 811 2630 praesente
827 2575 872 2614 ao·
921 2567 1106 2636 comprobant.
1123 2567 1163 2620 De
1190 2566 1374 2636 peremptorio
1401 2573 1491 2620 autem
1520 2565 1631 2636 scripto,
1648 2564 1719 2621 diri-

68 2662 163 2710 euesto
179 2652 233 2707 sub
244 2649 420 2720 jurejurando
433 2648 541 2704 dicatur
555 2648 738 2703 testimonium
761 2647 872 2718 scriptis
921 2668 1018 2709 canum
1035 2653 1179 2708 concilium
1197 2660 1329 2707 monstrat
1345 2653 1378 2708 de
1395 2653 1543 2708 cresconio
1558 2654 1634 2721 (coss.
1652 2654 1716 2708 liii:

67 2741 227 2815 divium,
244 2748 271 2796 θῑ
285 2746 428 2795 accusatus
450 2735 635 2809 respondendi
659 2743 685 2791 et
707 2734 872 2790 defendendi
923 2763 934 2790 e
953 2742 986 2796 Ut
1001 2741 1023 2794 si
1034 2749 1184 2795 conuentus
1203 2740 1363 2810 resipiscere
1386 2740 1578 2796 detrectaverit
1592 2755 1642 2795 suo
1652 2755 1718 2796 con·

68 2845 95 2893 tt
106 2831 202 2886 locum
215 2826 324 2892 babeat.
349 2834 376 2882 ol
395 2824 559 2881 examinatio
583 2839 763 2895 permotum
787 2838 870 2878 occu·
921 2836 1024 2899 temptu
1035 2837 1061 2883 et
1076 2828 1247 2884 coutumacia
1260 2827 1384 2894 faciente,
1399 2829 1560 2884 auctoritate
1572 2828 1719 2898 judiciaria

67 2919 187 2973 santium
200 2907 245 2972 'ac
267 2912 467 2971 testificantium
491 2912 655 2986 regulariter
678 2909 734 2966 liat.
755 2936 765 2960 r·
783 2911 870 2979 Quem
920 2917 1040 2989 protinus
1055 2916 1224 2972 excludatur.
1245 2937 1255 2965 s
1273 2918 1307 2970 Et
1322 2916 1386 2972 item
1401 2916 1497 2971 beatus
1511 2915 1663 2989 Gregorius
1681 2915 1718 2972 ιι

66 3005 203 3075 judiciarii
228 3002 334 3060 ordinis
361 3001 470 3057 modum
496 3002 576 3056 eliam
604 3000 736 3055 Dominus
764 2998 868 3064 innuit,
921 3005 1053 3060 sententia
1082 3005 1108 3058 in
1136 3013 1324 3059 contumacem
1361 3004 1484 3060 scribens
1512 3004 1547 3059 ad
1573 3003 1718 3059 llaximum

67 3108 127 3148 eum
141 3094 171 3148 in
188 3090 400 3147 resuscilalione
414 3088 513 3161 puellae
527 3089 555 3143 in
570 3088 650 3144 domo
666 3088 785 3158 jacentis
800 3058 904 3142 mor·C
919 3101 1149 3165 praesumptorem
1166 3092 1348 3148 Salonitanum
1364 3093 1524 3163 episcopum
1534 3091 1599 3153 dicit
1613 3092 1672 3161 (lib.
1689 3107 1717 3158 v,

69 3190 127 3248 ture,
145 3196 180 3236 ac
195 3179 261 3235 siin
275 3178 442 3234 revelatione
457 3191 512 3233 uon
527 3177 654 3231 omnibus
676 3191 767 3231 causae
785 3183 867 3244 notre,
919 3184 1002 3252 epist.
1017 3184 1062 3250 il:
1090 3202 1101 3230 s
1120 3181 1265 3234 Hortamur
1279 3188 1305 3233 ut
1321 3179 1354 3233 ad
1370 3195 1421 3235 uos
1442 3180 1536 3234 venire
1550 3179 1624 3234 omni
1637 3187 1717 3250 post·

68 3268 200 3342 quondm
215 3265 413 3338 discipulm'llm
426 3281 537 3321 ³¹1⁰rum
552 3272 647 3331 testes,
665 3264 714 3319 ⁸0⁶
725 3273 750 3319 θῑ
762 3272 868 3334 pafrem
918 3270 1007 3339 posita
1021 3269 1195 3324 excusatione
1206 3267 1328 3336 festines,
1338 3275 1473 3339 quatenus
1487 3274 1594 3321 seruata
1603 3266 1717 3336 justitia,

67 3365 225 3413 etmatrem
239 3355 337 3428 puellae
352 3369 446 3410 secum
462 3353 584 3409 adhibuit
602 3354 678 3415 (luc.
695 3354 766 3421 vrrs).
793 3352 869 3406 Alter
919 3357 976 3411 ιιι
989 3356 1023 3410 ιι
1052 3356 1150 3426 quibus
1178 3355 1314 3411 accusaris
1329 3363 1356 3410 et
1385 3368 1554 3427 cognoscere
1583 3361 1609 3408 et
1636 3350 1713 3410 linire

17 3486 23 3497 .
68 3462 130 3503 raro
141 3443 283 3516 judiciarii
291 3442 397 3511 ordinis
407 3442 505 3497 modus
515 3448 555 3497 est
566 3457 670 3505 eorum,
682 3457 742 3513 quae
752 3455 806 3494 nou
817 3439 867 3493 sub
918 3444 1068 3499 seeundum
1089 3443 1220 3498 canonica
1236 3443 1356 3497 instituta
1371 3441 1480 3497 Christo
1505 3441 1642 3497 reuelante
1656 3455 1718 3513 pos·

67 3549 215 3606 peccorum
230 3531 335 3598 notitia,
360 3531 438 3603 quasi
463 3529 552 3586 adhuc
575 3528 603 3584 in
624 3529 749 3585 cubiculo
770 3535 867 3584 oonte-
917 3532 1011 3587 simus.
1029 3533 1068 3586 lta
1081 3539 1172 3586 autem
1186 3529 1238 3597 fac,
1255 3537 1284 3586 ut
1298 3531 1332 3585 sd
1353 3529 1517 3586 veniendum
1531 3527 1647 3600 amplius
1658 3529 1716 3598 jam
1783 3522 1787 3529 ’

67 3631 115 3691 ctu,
145 3629 178 3678 ut
203 3627 313 3693 patrata
336 3619 484 3675 credantur
510 3617 625 3674 testibus
654 3617 787 3690 indigent,
817 3616 866 3671 sed
917 3634 1010 3674 moras
1024 3634 1078 3673 non
1094 3618 1215 3691 ingeras,
1240 3632 1275 3673 ne
1294 3618 1354 3689 ipsa
1368 3625 1394 3673 te
1415 3617 1505 3690 magis
1526 3615 1717 3674 absentiaob·

66 3711 141 3784 quasi
152 3710 213 3780 ιίιι
228 3715 304 3764 extra
319 3715 426 3780 portam
440 3705 558 3763 civitatis
573 3705 658 3761 multa
677 3705 757 3760 turba
786 3703 868 3760 comi·
916 3707 1026 3763 noxium
1042 3706 1084 3762 his
1099 3723 1160 3779 ιιι
1174 3705 1301 3762 ιὶιιιιιι
1314 3705 1446 3780 assignet,
1466 3714 1493 3762 et
1507 3720 1558 3760 nos
1572 3704 1601 3761 in
1613 3711 1641 3762 te
1656 3705 1716 3763 haec

66 3808 134 3856 unte
155 3797 248 3854 elatus
272 3797 350 3866 (lac.
366 3794 427 3865 vn),
452 3794 487 3850 sd
511 3795 657 3850 multorum
681 3792 867 3866 coguitionem
916 3812 971 3861 ses,
988 3810 1043 3851 non
1058 3794 1146 3850 solum
1159 3801 1273 3866 propter
1293 3795 1367 3852 disto
1388 3793 1501 3850 crimina
1517 3807 1579 3865 qua
1591 3807 1713 3867 purgare

67 3887 229 3944 delataesse
238 3892 398 3941 noscuntur.
407 3883 448 3939 De
458 3882 651 3955 quojudicisrii
659 3881 764 3937 ordinis
772 3880 863 3948 modo,
915 3883 1090 3957 subterfugis,
1105 3883 1251 3939 sedetiam
1266 3891 1380 3955 propter
1388 3882 1581 3939 inobedientia
1595 3880 1715 3954 culpam,

67 3974 127 4033 dicit
136 3972 292 4047 Apostolus
303 3988 310 4027 τ
322 3973 377 4044 Eoo
385 3972 601 4044 quidemoisens
609 3986 731 4042 corpore,
739 3985 865 4040 praesens
915 3971 1010 4028 dorius
1028 3972 1131 4029 scilicet
1158 3979 1187 4027 ut
1214 3973 1241 4026 in
1262 3962 1440 4027 'contumaces
1455 3978 1535 4044 cogat
1549 3986 1583 4027 ex
1601 3968 1718 4027 concilio

67 4069 160 4121 num
175 4060 294 4135 spiritu,
309 4062 368 4129 inm
377 4059 506 4133 judicavi
520 4063 552 4114 ιι
559 4074 685 4131 proesens
695 4073 759 4114 enm
770 4057 864 4130 quisic
916 4060 987 4116 ferre
999 4060 1166 4129 judicium.»
1183 4061 1218 4115 Et
1233 4058 1392 4115 Africanum
1403 4058 1549 4115 concilium
1565 4059 1640 4127 (cors.
1658 4058 1714 4128 ot),

69 4155 199 4224 operulas
214 4150 309 4219 csl,iss
321 4150 435 4206 omnine
450 4148 562 4203 Domini
573 4147 663 4202 nostri
672 4147 738 4201 lesa
748 4145 863 4211 Christi,
915 4149 950 4203 ad
965 4149 1170 4221 suggestionem
1185 4148 1228 4204 vel
1241 4148 1407 4218 postulatum
1422 4147 1566 4202 Maurentii
1581 4145 1714 4218 episcopi,

69 4241 254 4312 mqregolssa
269 4236 342 4293 uobis
352 4237 647 4308 eimeospirila,cum
658 4235 762 4290 uirtute
772 4234 865 4289 Domi-
914 4245 976 4308 post
986 4238 1125 4291 recitatam
1140 4235 1296 4291 schedulam
1312 4250 1391 4307 quam
1406 4234 1504 4289 obtulit
1519 4233 1713 4290 Placentinus:

71 4328 97 4382 st
108 4330 188 4391 iesus,
206 4323 492 4393 trodessbujusmodi
502 4323 644 4378 bonsinem
653 4322 805 4378 ιιιιηιὶη
815 4323 863 4375 in·
924 4346 934 4373 a
951 4324 1085 4380 Debuisse
1099 4324 1206 4395 quidem
1222 4338 1254 4378 ex
1270 4330 1363 4377 sancto
1378 4320 1494 4378 concilio
1503 4319 1636 4377 adsersus
1646 4334 1715 4376 con-

72 4410 397 4481 mammantes.
415 4416 455 4479 v);
466 4418 492 4465 et
502 4411 583 4482 paulo
599 4410 725 4480 superius
739 4425 744 4463 :
758 4411 790 4466 lli
807 4411 862 4465 tol·
879 4403 1030 4467 Dtumaces
1055 4412 1210 4482 episcopos,
1227 4411 1274 4481 qui
1287 4409 1418 4481 precepti
1432 4405 1568 4464 fueranta
1596 4407 1713 4479 primate

75 4502 189 4559 letarde
202 4500 297 4558 medio
320 4503 446 4555 oestrum
460 4499 510 4571 qui
528 4499 578 4554 lroc
598 4513 665 4568 opus
685 4497 869 4569 fecitiiiid.)·
921 4516 971 4555 suo
985 4507 1014 4554 ut
1034 4507 1210 4555 occurrerent
1238 4498 1272 4553 ad
1287 4497 1442 4562 concilium,
1463 4503 1490 4553 et
1503 4512 1558 4552 uon
1571 4502 1715 4562 venerunt,
1796 4558 1799 4563 ⁸

74 4587 315 4645 lludeAmbrosius
330 4609 342 4638 s
358 4587 469 4660 cognito
484 4602 568 4656 opere
589 4586 870 4656 pellendnmpeceau·
921 4587 1070 4642 seeundum
1102 4601 1259 4642 mensuram
1285 4585 1485 4642 sacerdotalem
1509 4584 1573 4639 ferri
1601 4589 1714 4639 senten·

76 4684 118 4732 tero
135 4677 223 4732 fuisse
235 4677 271 4732 de
285 4683 358 4731 coetu
371 4674 545 4730 fraternitatis
559 4695 569 4722 ι
583 4673 658 4729 dicit.
679 4672 782 4729 Omnes
798 4672 870 4727 enim
921 4676 1001 4742 tiam3
1018 4676 1066 4730 sed
1090 4683 1196 4730 serrata
1217 4674 1402 4732 ecclesiastica
1427 4670 1643 4740 mansuetudine,
1660 4670 1716 4727 dati

79 4766 171 4821 crimen
183 4765 245 4834 ejus
260 4763 392 4827 sciebant,
408 4762 436 4817 iu
450 4779 503 4834 qua
518 4778 547 4817 re
562 4778 650 4833 neque
671 4761 785 4817 testibus
801 4776 869 4832 opus
920 4771 982 4819 snut
996 4764 1031 4819 de
1041 4762 1157 4819 concilio
1172 4763 1250 4820 electi
1262 4763 1379 4832 judices,
1395 4770 1423 4817 et
1435 4762 1527 4816 missae
1541 4766 1605 4815 sunt
1618 4759 1716 4817 litterta

80 4862 135 4919 erat,
149 4868 241 4925 neque
255 4849 482 4923 tergiversatione
496 4850 586 4921 aliqua
601 4857 707 4920 poterat
730 4850 785 4922 tegi
812 4849 869 4904 cri·
920 4853 955 4907 ιι
974 4853 1122 4907 eorundem
1151 4853 1342 4922 episcoporum
1370 4850 1560 4920 primatem.»
1591 4846 1716 4917 Qualiter

80 4954 140 4996 nen.
160 4941 201 4995 lie
226 4947 366 5012 patratore
389 4946 478 4993 autem
499 4937 716 5004 manifestorum,
740 4946 766 4992 et
788 4938 810 4991 si
835 4938 868 4992 ad
920 4940 1180 4995 autemesaminatis
1195 4939 1321 4995 omnibus
1344 4945 1371 4992 et
1391 4937 1427 4992 ad
1441 4935 1572 5008 liquidum
1587 4937 1716 5010 coguitis,

78 5025 196 5095 judicium
224 5026 324 5083 adduci
352 5042 408 5082 nou
435 5035 535 5099 potest,
565 5025 719 5081 Bonifacius
740 5042 809 5096 papa
834 5025 869 5093 ιι
920 5028 1050 5083 sententia
1062 5027 1222 5101 regulariter
1235 5042 1268 5082 sc
1282 5025 1405 5096 legaliter
1424 5023 1543 5095 proferri
1565 5025 1673 5091 debeat,
1691 5031 1716 5080 et

80 5126 170 5188 eptem
185 5115 344 5189 prouincias
360 5115 512 5170 decernens
530 5114 595 5170 dicit
618 5113 653 5169 de
672 5115 799 5183 llaximo,
823 5106 870 5184 qui
919 5115 1268 5186 ecelesiasticaeetpublicm
1282 5116 1358 5186 leges
1372 5112 1561 5169 demonstrant
1576 5113 1715 5169 dicentes:

77 5214 213 5262 conventus
228 5204 313 5259 etiam
328 5203 477 5270 devitabat,
490 5211 516 5257 et
531 5203 629 5257 adesse
653 5202 765 5257 minime
790 5201 868 5256 vole·
922 5227 932 5255 s
951 5205 1105 5259 Observare
1119 5204 1224 5272 judices
1238 5201 1395 5272 specialiter
1409 5202 1519 5269 debent,
1536 5208 1566 5256 nt
1579 5202 1608 5256 iu
1621 5200 1712 5256 omni·

76 5291 134 5347 but:
154 5293 292 5356 «Nullus,
309 5290 397 5363 iuquit
417 5293 511 5361 lepist.
532 5294 570 5360 ll,
594 5291 707 5352 dubitat,
733 5290 807 5361 quod
832 5291 869 5345 ita
919 5293 969 5348 bus
984 5292 1072 5347 causis
1087 5291 1230 5353 sententia,
1253 5305 1314 5362 quse
1336 5289 1484 5346 deliberata
1502 5288 1592 5358 fuerit,
1608 5288 1714 5344 eonsti-

70 5380 191 5450 jndicium
205 5396 313 5439 nocens
329 5377 502 5453 subterfugit,
519 5379 750 5450 quemadmodum
772 5386 801 5432 ut
816 5378 866 5433 ab·
918 5381 982 5435 tutis
996 5379 1097 5450 pariter
1111 5379 1234 5450 partibus
1249 5378 1385 5445 recitetur,
1403 5386 1431 5432 ut
1458 5378 1494 5433 ab
1508 5377 1553 5432 luis
1575 5393 1592 5433 a
1615 5377 1715 5451 quibus

44 5528 47 5533 ,
70 5468 185 5527 otmar
198 5470 247 5544 qui
262 5476 308 5524 ast
321 5467 454 5522 innocens
469 5468 574 5539 quaerit.
599 5468 652 5522 Sed
677 5475 765 5521 astuta
785 5466 868 5522 cavil-
919 5467 1088 5523 causedicis
1104 5476 1145 5522 est
1160 5466 1194 5522 ad
1204 5466 1341 5538 integmm
1356 5482 1416 5538 quat
1430 5465 1504 5522 diota
1517 5466 1598 5522 fuerit
1612 5475 1719 5523 ιιιιιι-
