<?xml version="1.0" encoding="UTF-8"?>
<!DOCTYPE html PUBLIC "-//W3C//DTD XHTML 1.0 Transitional//EN"
    "http://www.w3.org/TR/xhtml1/DTD/xhtml1-transitional.dtd">
<html xmlns="http://www.w3.org/1999/xhtml" xml:lang="en" lang="en">
 <head>
  <title>
</title>
<meta http-equiv="Content-Type" content="text/html;charset=utf-8" />
  <meta name='ocr-system' content='tesseract 3.04.00' />
  <meta name='ocr-capabilities' content='ocr_page ocr_carea ocr_par ocr_line ocrx_word'/>
</head>
<body>
  <div class='ocr_page' id='page_1' title='image "./patrologiaecurs81unkngoog/patrologiaecurs81unkngoog_0489.png"; bbox 0 0 3794 6104; ppageno 0'>
   <div class='ocr_carea' id='block_1_1' title="bbox 841 265 1134 341">
    <p class='ocr_par' dir='ltr' id='par_1_1' title="bbox 841 265 1134 341">
     <span class='ocr_line' id='line_1_1' title="bbox 841 265 1134 341; baseline 0.014 -19"><span class='ocrx_word' id='word_1_1' title='bbox 841 265 1092 341; x_wconf 68' lang='lat' dir='ltr'>unumunurn</span> <span class='ocrx_word' id='word_1_2' title='bbox 1113 272 1134 327; x_wconf 92' lang='lat'>1.</span> 
     </span>
    </p>
   </div>
   <div class='ocr_carea' id='block_1_2' title="bbox 377 654 1517 795">
    <p class='ocr_par' dir='ltr' id='par_1_2' title="bbox 377 582 1517 795">
     <span class='ocr_line' id='line_1_2' title="bbox 377 654 1517 795; baseline 0.011 -14"><span class='ocrx_word' id='word_1_3' title='bbox 377 654 876 786; x_wconf 81' lang='lat' dir='ltr'>rnrvrnunrn</span> <span class='ocrx_word' id='word_1_4' title='bbox 917 655 1227 790; x_wconf 80' lang='lat' dir='ltr'>uantur</span> <span class='ocrx_word' id='word_1_5' title='bbox 1272 659 1517 795; x_wconf 77' lang='lat' dir='ltr'>raum</span> 
     </span>
    </p>
   </div>
   <div class='ocr_carea' id='block_1_3' title="bbox 510 1072 1772 1162">
    <p class='ocr_par' dir='ltr' id='par_1_3' title="bbox 510 1072 1772 1162">
     <span class='ocr_line' id='line_1_3' title="bbox 510 1072 1772 1162; baseline 0.012 -36"><span class='ocrx_word' id='word_1_6' title='bbox 510 1072 531 1126; x_wconf 93' lang='lat' dir='ltr'>l.</span> <span class='ocrx_word' id='word_1_7' title='bbox 937 1074 1019 1162; x_wconf 66' lang='lat' dir='ltr'>Avel</span> <span class='ocrx_word' id='word_1_8' title='bbox 1034 1075 1156 1131; x_wconf 80' lang='lat' dir='ltr'>ecelesiae</span> <span class='ocrx_word' id='word_1_9' title='bbox 1169 1076 1259 1132; x_wconf 85' lang='lat' dir='ltr'>oblata</span> <span class='ocrx_word' id='word_1_10' title='bbox 1283 1086 1355 1145; x_wconf 89' lang='lat' dir='ltr'>sunt,</span> <span class='ocrx_word' id='word_1_11' title='bbox 1378 1080 1422 1136; x_wconf 85' lang='lat' dir='ltr'>vel</span> <span class='ocrx_word' id='word_1_12' title='bbox 1443 1081 1538 1138; x_wconf 76' lang='lat' dir='ltr'>oderri</span> <span class='ocrx_word' id='word_1_13' title='bbox 1564 1084 1720 1156; x_wconf 83' lang='lat' dir='ltr'>contigerit,</span> <span class='ocrx_word' id='word_1_14' title='bbox 1733 1104 1772 1159; x_wconf 87' lang='lat' dir='ltr'>pe-</span> 
     </span>
    </p>
   </div>
   <div class='ocr_carea' id='block_1_4' title="bbox 272 1164 1773 1363">
    <p class='ocr_par' dir='ltr' id='par_1_4' title="bbox 272 1164 1773 1363">
     <span class='ocr_line' id='line_1_4' title="bbox 272 1164 1772 1247; baseline -0.003 -7"><span class='ocrx_word' id='word_1_15' title='bbox 272 1200 325 1240; x_wconf 79' lang='lat' dir='ltr'>nno</span> <span class='ocrx_word' id='word_1_16' title='bbox 345 1199 522 1241; x_wconf 80' lang='lat' dir='ltr'>norvtsrnnro</span> <span class='ocrx_word' id='word_1_17' title='bbox 542 1199 771 1241; x_wconf 80' lang='lat' dir='ltr'>sonrrnvuarcnsr.</span> <span class='ocrx_word' id='word_1_18' title='bbox 975 1164 1189 1236; x_wconf 64' lang='lat' dir='ltr'>¹⁹l³¹1¹¹l¹l¹¹¹l&gt;0le</span> <span class='ocrx_word' id='word_1_19' title='bbox 1212 1166 1316 1238; x_wconf 65' lang='lat' dir='ltr'>abs‘1¹¹0</span> <span class='ocrx_word' id='word_1_20' title='bbox 1338 1167 1394 1224; x_wconf 70' lang='lat'>⁰¹¹³</span> <span class='ocrx_word' id='word_1_21' title='bbox 1414 1169 1606 1242; x_wconf 80' lang='lat' dir='ltr'>inquietudine</span> <span class='ocrx_word' id='word_1_22' title='bbox 1629 1174 1705 1245; x_wconf 75' lang='lat' dir='ltr'>ipsis,</span> <span class='ocrx_word' id='word_1_23' title='bbox 1719 1178 1772 1247; x_wconf 85' lang='lat' dir='ltr'>qui·</span> 
     </span>
     <span class='ocr_line' id='line_1_5' title="bbox 434 1250 1773 1363; baseline -0.008 -44"><span class='ocrx_word' id='word_1_24' title='bbox 434 1294 526 1363; x_wconf 60' lang='lat' dir='ltr'>(Amw</span> <span class='ocrx_word' id='word_1_25' title='bbox 542 1293 617 1362; x_wconf 38' lang='lat'>383.)</span> <span class='ocrx_word' id='word_1_26' title='bbox 974 1250 1025 1306; x_wconf 94' lang='lat' dir='ltr'>bus</span> <span class='ocrx_word' id='word_1_27' title='bbox 1049 1268 1181 1309; x_wconf 87' lang='lat' dir='ltr'>concessa</span> <span class='ocrx_word' id='word_1_28' title='bbox 1206 1263 1283 1321; x_wconf 92' lang='lat' dir='ltr'>sunt,</span> <span class='ocrx_word' id='word_1_29' title='bbox 1306 1256 1445 1326; x_wconf 81' lang='lat' dir='ltr'>protutura</span> <span class='ocrx_word' id='word_1_30' title='bbox 1470 1270 1666 1329; x_wconf 75' lang='lat' dir='ltr'>permaneant,</span> <span class='ocrx_word' id='word_1_31' title='bbox 1690 1263 1773 1320; x_wconf 62' lang='lat' dir='ltr'>sunu.</span> 
     </span>
    </p>
   </div>
   <div class='ocr_carea' id='block_1_5' title="bbox 123 1341 1776 1688">
    <p class='ocr_par' dir='ltr' id='par_1_5' title="bbox 301 1341 1772 1513">
     <span class='ocr_line' id='line_1_6' title="bbox 485 1341 1772 1420; baseline 0.016 -34"><span class='ocrx_word' id='word_1_32' title='bbox 485 1398 490 1409; x_wconf 35' lang='grc' dir='ltr'>Ι</span> <span class='ocrx_word' id='word_1_33' title='bbox 974 1346 1029 1394; x_wconf 84' lang='grc' dir='ltr'>ιιιιιι</span> <span class='ocrx_word' id='word_1_34' title='bbox 1055 1341 1152 1411; x_wconf 85' lang='lat' dir='ltr'>etiam,</span> <span class='ocrx_word' id='word_1_35' title='bbox 1169 1349 1198 1396; x_wconf 92' lang='lat' dir='ltr'>ut</span> <span class='ocrx_word' id='word_1_36' title='bbox 1212 1343 1301 1408; x_wconf 80' lang='lat' dir='ltr'>nullus</span> <span class='ocrx_word' id='word_1_37' title='bbox 1323 1345 1533 1416; x_wconf 90' lang='lat' dir='ltr'>episcoporum,</span> <span class='ocrx_word' id='word_1_38' title='bbox 1560 1365 1611 1404; x_wconf 90' lang='lat' dir='ltr'>seu</span> <span class='ocrx_word' id='word_1_39' title='bbox 1636 1352 1772 1420; x_wconf 90' lang='lat' dir='ltr'>comitum,</span> 
     </span>
     <span class='ocr_line' id='line_1_7' title="bbox 301 1397 1772 1513; baseline 0.017 -41"><span class='ocrx_word' id='word_1_40' title='bbox 301 1398 390 1471; x_wconf 66' lang='grc' dir='ltr'>[ΑΡυά</span> <span class='ocrx_word' id='word_1_41' title='bbox 405 1399 502 1464; x_wconf 68' lang='lat' dir='ltr'>ll⁸⁰⁵¹r</span> <span class='ocrx_word' id='word_1_42' title='bbox 520 1397 603 1453; x_wconf 63' lang='lat'><strong>⁶⁰⁰⁰·</strong></span> <span class='ocrx_word' id='word_1_43' title='bbox 621 1397 744 1470; x_wconf 66' lang='lat' dir='ltr'>C⁰¹¹⁸0‘l</span> <span class='ocrx_word' id='word_1_44' title='bbox 975 1429 1202 1486; x_wconf 74' lang='lat' dir='ltr'><strong>mansionaticum</strong></span> <span class='ocrx_word' id='word_1_45' title='bbox 1217 1431 1263 1497; x_wconf 91' lang='lat' dir='ltr'>ibi,</span> <span class='ocrx_word' id='word_1_46' title='bbox 1281 1433 1323 1487; x_wconf 88' lang='lat' dir='ltr'>vel</span> <span class='ocrx_word' id='word_1_47' title='bbox 1337 1442 1457 1504; x_wconf 90' lang='lat' dir='ltr'>paratas,</span> <span class='ocrx_word' id='word_1_48' title='bbox 1475 1437 1518 1492; x_wconf 87' lang='lat' dir='ltr'>vel</span> <span class='ocrx_word' id='word_1_49' title='bbox 1534 1439 1673 1494; x_wconf 88' lang='lat' dir='ltr'>stationes</span> <span class='ocrx_word' id='word_1_50' title='bbox 1687 1442 1772 1513; x_wconf 88' lang='lat' dir='ltr'>requi·</span> 
     </span>
    </p>

    <p class='ocr_par' dir='ltr' id='par_1_6' title="bbox 123 1504 1776 1688">
     <span class='ocr_line' id='line_1_8' title="bbox 158 1504 1776 1592; baseline 0.012 -25"><span class='ocrx_word' id='word_1_51' title='bbox 158 1507 288 1560; x_wconf 73' lang='lat' dir='ltr'><strong>MAMNUS</strong></span> <span class='ocrx_word' id='word_1_52' title='bbox 303 1505 459 1575; x_wconf 67' lang='lat' dir='ltr'>eplSCOPUb</span> <span class='ocrx_word' id='word_1_53' title='bbox 477 1520 571 1559; x_wconf 69' lang='lat' dir='ltr'>sellus</span> <span class='ocrx_word' id='word_1_54' title='bbox 591 1519 732 1559; x_wconf 65' lang='lat' dir='ltr'>serl&#39;ffl&#39;ttm</span> <span class='ocrx_word' id='word_1_55' title='bbox 747 1504 806 1570; x_wconf 69' lang='lat' dir='ltr'>Del·</span> <span class='ocrx_word' id='word_1_56' title='bbox 822 1504 923 1560; x_wconf 51' lang='lat' dir='ltr'>dileat)</span> <span class='ocrx_word' id='word_1_57' title='bbox 981 1534 1042 1573; x_wconf 88' lang='lat' dir='ltr'>rere</span> <span class='ocrx_word' id='word_1_58' title='bbox 1058 1535 1107 1574; x_wconf 90' lang='lat' dir='ltr'>seu</span> <span class='ocrx_word' id='word_1_59' title='bbox 1131 1520 1241 1592; x_wconf 81' lang='lat' dir='ltr'>exigere</span> <span class='ocrx_word' id='word_1_60' title='bbox 1264 1531 1426 1592; x_wconf 77' lang='lat' dir='ltr'>praesumat,</span> <span class='ocrx_word' id='word_1_61' title='bbox 1451 1525 1500 1580; x_wconf 92' lang='lat' dir='ltr'>sed</span> <span class='ocrx_word' id='word_1_62' title='bbox 1524 1525 1607 1582; x_wconf 89' lang='lat' dir='ltr'>liceat</span> <span class='ocrx_word' id='word_1_63' title='bbox 1632 1529 1719 1583; x_wconf 82' lang='lat' dir='ltr'>servis</span> <span class='ocrx_word' id='word_1_64' title='bbox 1731 1531 1776 1587; x_wconf 87' lang='lat' dir='ltr'>Dei</span> 
     </span>
     <span class='ocr_line' id='line_1_9' title="bbox 123 1592 1775 1688; baseline 0.007 -39"><span class='ocrx_word' id='word_1_65' title='bbox 123 1593 214 1649; x_wconf 85' lang='lat' dir='ltr'>abbati</span> <span class='ocrx_word' id='word_1_66' title='bbox 229 1594 347 1649; x_wconf 82' lang='lat' dir='ltr'>Dtrvrnat</span> <span class='ocrx_word' id='word_1_67' title='bbox 360 1609 393 1648; x_wconf 85' lang='lat' dir='ltr'>ex</span> <span class='ocrx_word' id='word_1_68' title='bbox 408 1593 532 1648; x_wconf 90' lang='lat' dir='ltr'>coenobio</span> <span class='ocrx_word' id='word_1_69' title='bbox 543 1592 628 1647; x_wconf 91' lang='lat' dir='ltr'>sancti</span> <span class='ocrx_word' id='word_1_70' title='bbox 639 1593 709 1647; x_wconf 91' lang='lat' dir='ltr'>Petri</span> <span class='ocrx_word' id='word_1_71' title='bbox 721 1593 921 1648; x_wconf 80' lang='lat' dir='ltr'>solemniacen-</span> <span class='ocrx_word' id='word_1_72' title='bbox 973 1606 1032 1663; x_wconf 70' lang='lat' dir='ltr'>sine</span> <span class='ocrx_word' id='word_1_73' title='bbox 1047 1607 1139 1679; x_wconf 62' lang='lat' dir='ltr'>aliqua</span> <span class='ocrx_word' id='word_1_74' title='bbox 1157 1608 1343 1680; x_wconf 65' lang='lat' dir='ltr'>inquietudine</span> <span class='ocrx_word' id='word_1_75' title='bbox 1360 1613 1416 1667; x_wconf 69' lang='lat'>000</span> <span class='ocrx_word' id='word_1_76' title='bbox 1432 1614 1548 1680; x_wconf 58' lang='lat' dir='ltr'>seruire,</span> <span class='ocrx_word' id='word_1_77' title='bbox 1563 1623 1592 1671; x_wconf 65' lang='lat' dir='ltr'>eu</span> <span class='ocrx_word' id='word_1_78' title='bbox 1608 1616 1775 1688; x_wconf 54' lang='lat' dir='ltr'>hospitalia.</span> 
     </span>
    </p>
   </div>
   <div class='ocr_carea' id='block_1_6' title="bbox 123 1681 1774 1769">
    <p class='ocr_par' dir='ltr' id='par_1_7' title="bbox 123 1681 1774 1769">
     <span class='ocr_line' id='line_1_10' title="bbox 123 1681 1774 1769; baseline 0.008 -19"><span class='ocrx_word' id='word_1_79' title='bbox 123 1683 170 1750; x_wconf 68' lang='lat' dir='ltr'>sslsa</span> <span class='ocrx_word' id='word_1_80' title='bbox 188 1683 261 1754; x_wconf 75' lang='lat' dir='ltr'>qUOd</span> <span class='ocrx_word' id='word_1_81' title='bbox 274 1681 339 1737; x_wconf 74' lang='lat' dir='ltr'>⁰ll¹1¹</span> <span class='ocrx_word' id='word_1_82' title='bbox 354 1697 370 1736; x_wconf 61' lang='grc' dir='ltr'>ἃ</span> <span class='ocrx_word' id='word_1_83' title='bbox 386 1682 466 1737; x_wconf 70' lang='lat' dir='ltr'>b0³¹0</span> <span class='ocrx_word' id='word_1_84' title='bbox 481 1681 539 1736; x_wconf 70' lang='lat' dir='ltr'>Vim</span> <span class='ocrx_word' id='word_1_85' title='bbox 554 1681 644 1752; x_wconf 72' lang='lat' dir='ltr'>EllsslO</span> <span class='ocrx_word' id='word_1_86' title='bbox 658 1689 850 1747; x_wconf 70' lang='lat' dir='ltr'>⁰0⁰Sls⁰0¹l¹m›</span> <span class='ocrx_word' id='word_1_87' title='bbox 864 1696 922 1737; x_wconf 74' lang='lat'>³¹1⁰·</span> <span class='ocrx_word' id='word_1_88' title='bbox 973 1695 1008 1750; x_wconf 93' lang='lat' dir='ltr'>tis</span> <span class='ocrx_word' id='word_1_89' title='bbox 1024 1696 1250 1764; x_wconf 76' lang='lat' dir='ltr'>benevolentiam,</span> <span class='ocrx_word' id='word_1_90' title='bbox 1276 1707 1357 1769; x_wconf 89' lang='lat' dir='ltr'>prout</span> <span class='ocrx_word' id='word_1_91' title='bbox 1381 1700 1420 1755; x_wconf 88' lang='lat' dir='ltr'>eis</span> <span class='ocrx_word' id='word_1_92' title='bbox 1443 1701 1562 1769; x_wconf 90' lang='lat' dir='ltr'>libuerit,</span> <span class='ocrx_word' id='word_1_93' title='bbox 1579 1706 1688 1761; x_wconf 88' lang='lat' dir='ltr'>cunctis</span> <span class='ocrx_word' id='word_1_94' title='bbox 1711 1705 1774 1763; x_wconf 85' lang='lat' dir='ltr'>fide·</span> 
     </span>
    </p>
   </div>
   <div class='ocr_carea' id='block_1_7' title="bbox 20 1769 1776 1864">
    <p class='ocr_par' dir='ltr' id='par_1_8' title="bbox 20 1769 1776 1864">
     <span class='ocr_line' id='line_1_11' title="bbox 20 1769 1776 1864; baseline 0.002 -38"><span class='ocrx_word' id='word_1_95' title='bbox 20 1807 23 1813; x_wconf 90' lang='lat'><em>-</em></span> <span class='ocrx_word' id='word_1_96' title='bbox 122 1771 330 1842; x_wconf 83' lang='lat' dir='ltr'>caesoribusqua</span> <span class='ocrx_word' id='word_1_97' title='bbox 340 1771 393 1825; x_wconf 91' lang='lat' dir='ltr'>tuis</span> <span class='ocrx_word' id='word_1_98' title='bbox 403 1785 436 1827; x_wconf 92' lang='lat' dir='ltr'>ac</span> <span class='ocrx_word' id='word_1_99' title='bbox 446 1770 587 1827; x_wconf 85' lang='lat' dir='ltr'>monachis</span> <span class='ocrx_word' id='word_1_100' title='bbox 598 1769 664 1825; x_wconf 91' lang='lat' dir='ltr'>inibi</span> <span class='ocrx_word' id='word_1_101' title='bbox 673 1769 802 1826; x_wconf 89' lang='lat' dir='ltr'>nobiliter</span> <span class='ocrx_word' id='word_1_102' title='bbox 815 1770 921 1842; x_wconf 85' lang='lat' dir='ltr'>degen—</span> <span class='ocrx_word' id='word_1_103' title='bbox 972 1784 1043 1839; x_wconf 68' lang='lat' dir='ltr'>libus</span> <span class='ocrx_word' id='word_1_104' title='bbox 1074 1785 1244 1856; x_wconf 60' lang='lat' dir='ltr'>impendere,</span> <span class='ocrx_word' id='word_1_105' title='bbox 1270 1786 1372 1843; x_wconf 56' lang='lat' dir='ltr'>pqgcuju</span> <span class='ocrx_word' id='word_1_106' title='bbox 1396 1789 1461 1846; x_wconf 58' lang='lat' dir='ltr'>huic</span> <span class='ocrx_word' id='word_1_107' title='bbox 1488 1791 1599 1864; x_wconf 83' lang='lat' dir='ltr'>paginae</span> <span class='ocrx_word' id='word_1_108' title='bbox 1630 1793 1728 1864; x_wconf 52' lang='lat' dir='ltr'>ingeri,</span> <span class='ocrx_word' id='word_1_109' title='bbox 1751 1804 1776 1849; x_wconf 63' lang='lat' dir='ltr'><strong>m</strong></span> 
     </span>
    </p>
   </div>
   <div class='ocr_carea' id='block_1_8' title="bbox 84 1859 1777 5576">
    <p class='ocr_par' dir='ltr' id='par_1_9' title="bbox 84 1859 1777 5576">
     <span class='ocr_line' id='line_1_12' title="bbox 121 1859 1776 1954; baseline 0.014 -40"><span class='ocrx_word' id='word_1_110' title='bbox 121 1859 195 1914; x_wconf 92' lang='lat' dir='ltr'>tibus</span> <span class='ocrx_word' id='word_1_111' title='bbox 209 1859 236 1913; x_wconf 90' lang='lat' dir='ltr'>in</span> <span class='ocrx_word' id='word_1_112' title='bbox 250 1867 422 1930; x_wconf 91' lang='lat' dir='ltr'>perpetuum.</span> <span class='ocrx_word' id='word_1_113' title='bbox 973 1872 1089 1928; x_wconf 90' lang='lat' dir='ltr'>obeunte</span> <span class='ocrx_word' id='word_1_114' title='bbox 1104 1873 1201 1929; x_wconf 80' lang='lat' dir='ltr'>abbate</span> <span class='ocrx_word' id='word_1_115' title='bbox 1216 1876 1339 1945; x_wconf 84' lang='lat' dir='ltr'>praedicti</span> <span class='ocrx_word' id='word_1_116' title='bbox 1350 1878 1478 1947; x_wconf 87' lang='lat' dir='ltr'>coenobii,</span> <span class='ocrx_word' id='word_1_117' title='bbox 1488 1879 1583 1935; x_wconf 90' lang='lat' dir='ltr'>nullus</span> <span class='ocrx_word' id='word_1_118' title='bbox 1594 1881 1643 1949; x_wconf 90' lang='lat' dir='ltr'>ibi,</span> <span class='ocrx_word' id='word_1_119' title='bbox 1657 1898 1776 1954; x_wconf 86' lang='lat' dir='ltr'>quacun·</span> 
     </span>
     <span class='ocr_line' id='line_1_13' title="bbox 156 1955 1775 2042; baseline 0.004 -22"><span class='ocrx_word' id='word_1_120' title='bbox 156 1965 289 2022; x_wconf 87' lang='lat' dir='ltr'>Convenit</span> <span class='ocrx_word' id='word_1_121' title='bbox 305 1955 485 2021; x_wconf 54' lang='lat' dir='ltr'>enim‘nostro</span> <span class='ocrx_word' id='word_1_122' title='bbox 504 1964 655 2036; x_wconf 86' lang='lat' dir='ltr'>pontificio,</span> <span class='ocrx_word' id='word_1_123' title='bbox 671 1973 701 2020; x_wconf 92' lang='lat' dir='ltr'>ut</span> <span class='ocrx_word' id='word_1_124' title='bbox 716 1972 844 2036; x_wconf 91' lang='lat' dir='ltr'>quantum</span> <span class='ocrx_word' id='word_1_125' title='bbox 867 1980 922 2035; x_wconf 84' lang='lat' dir='ltr'>prae</span> <span class='ocrx_word' id='word_1_126' title='bbox 973 1977 1025 2033; x_wconf 90' lang='lat' dir='ltr'>que</span> <span class='ocrx_word' id='word_1_127' title='bbox 1041 1961 1223 2032; x_wconf 81' lang='lat' dir='ltr'>subreptionis</span> <span class='ocrx_word' id='word_1_128' title='bbox 1248 1964 1407 2035; x_wconf 76' lang='lat' dir='ltr'>ambitione,</span> <span class='ocrx_word' id='word_1_129' title='bbox 1424 1966 1552 2023; x_wconf 90' lang='lat' dir='ltr'>abbatem</span> <span class='ocrx_word' id='word_1_130' title='bbox 1568 1977 1694 2026; x_wconf 87' lang='lat' dir='ltr'>statuere</span> <span class='ocrx_word' id='word_1_131' title='bbox 1709 1987 1775 2042; x_wconf 83' lang='lat' dir='ltr'>prae·</span> 
     </span>
     <span class='ocr_line' id='line_1_14' title="bbox 122 2050 1776 2127; baseline 0.007 -18"><span class='ocrx_word' id='word_1_132' title='bbox 122 2054 248 2110; x_wconf 88' lang='lat' dir='ltr'>omnihus</span> <span class='ocrx_word' id='word_1_133' title='bbox 281 2054 382 2109; x_wconf 87' lang='lat' dir='ltr'>eminet</span> <span class='ocrx_word' id='word_1_134' title='bbox 411 2053 559 2127; x_wconf 79' lang='lat' dir='ltr'>dignitate,</span> <span class='ocrx_word' id='word_1_135' title='bbox 586 2060 661 2109; x_wconf 85' lang='lat' dir='ltr'>tanto</span> <span class='ocrx_word' id='word_1_136' title='bbox 688 2069 768 2124; x_wconf 86' lang='lat' dir='ltr'>supra</span> <span class='ocrx_word' id='word_1_137' title='bbox 795 2053 922 2108; x_wconf 86' lang='lat' dir='ltr'>universo</span> <span class='ocrx_word' id='word_1_138' title='bbox 974 2056 1072 2113; x_wconf 83' lang='lat' dir='ltr'>sumat,</span> <span class='ocrx_word' id='word_1_139' title='bbox 1089 2050 1141 2105; x_wconf 84' lang='lat' dir='ltr'>nisi</span> <span class='ocrx_word' id='word_1_140' title='bbox 1164 2067 1244 2122; x_wconf 83' lang='lat' dir='ltr'>quam</span> <span class='ocrx_word' id='word_1_141' title='bbox 1268 2052 1391 2119; x_wconf 84' lang='lat' dir='ltr'>eiusdem</span> <span class='ocrx_word' id='word_1_142' title='bbox 1406 2053 1458 2110; x_wconf 83' lang='lat' dir='ltr'>iaci</span> <span class='ocrx_word' id='word_1_143' title='bbox 1472 2057 1605 2113; x_wconf 84' lang='lat' dir='ltr'>monachi</span> <span class='ocrx_word' id='word_1_144' title='bbox 1631 2059 1776 2115; x_wconf 84' lang='lat' dir='ltr'>secundun</span> 
     </span>
     <span class='ocr_line' id='line_1_15' title="bbox 84 2138 1777 2219; baseline 0.004 -22"><span class='ocrx_word' id='word_1_145' title='bbox 84 2140 90 2152; x_wconf 84' lang='lat'><strong><em>‘</em></strong></span> <span class='ocrx_word' id='word_1_146' title='bbox 122 2143 223 2198; x_wconf 89' lang='lat' dir='ltr'>eniteat</span> <span class='ocrx_word' id='word_1_147' title='bbox 249 2142 428 2198; x_wconf 83' lang='lat' dir='ltr'>serenissima</span> <span class='ocrx_word' id='word_1_148' title='bbox 455 2141 564 2212; x_wconf 89' lang='lat' dir='ltr'>pietate.</span> <span class='ocrx_word' id='word_1_149' title='bbox 598 2141 758 2196; x_wconf 89' lang='lat' dir='ltr'>Postulastis</span> <span class='ocrx_word' id='word_1_150' title='bbox 786 2141 877 2212; x_wconf 91' lang='lat' dir='ltr'>itaque</span> <span class='ocrx_word' id='word_1_151' title='bbox 905 2155 922 2195; x_wconf 88' lang='lat' dir='ltr'>a</span> <span class='ocrx_word' id='word_1_152' title='bbox 973 2138 1155 2193; x_wconf 77' lang='lat' dir='ltr'>authenticam</span> <span class='ocrx_word' id='word_1_153' title='bbox 1177 2147 1204 2194; x_wconf 91' lang='lat' dir='ltr'>et</span> <span class='ocrx_word' id='word_1_154' title='bbox 1228 2140 1386 2212; x_wconf 83' lang='lat' dir='ltr'>regularem</span> <span class='ocrx_word' id='word_1_155' title='bbox 1410 2141 1611 2200; x_wconf 88' lang='lat' dir='ltr'>institutionem</span> <span class='ocrx_word' id='word_1_156' title='bbox 1627 2162 1661 2202; x_wconf 85' lang='lat' dir='ltr'>ex</span> <span class='ocrx_word' id='word_1_157' title='bbox 1687 2147 1777 2219; x_wconf 90' lang='lat' dir='ltr'>seipsis</span> 
     </span>
     <span class='ocr_line' id='line_1_16' title="bbox 120 2225 1776 2308; baseline 0.003 -22"><span class='ocrx_word' id='word_1_158' title='bbox 120 2232 214 2299; x_wconf 87' lang='lat' dir='ltr'>nobis,</span> <span class='ocrx_word' id='word_1_159' title='bbox 239 2241 267 2286; x_wconf 93' lang='lat' dir='ltr'>ut</span> <span class='ocrx_word' id='word_1_160' title='bbox 291 2231 433 2302; x_wconf 78' lang='lat' dir='ltr'>praelatum</span> <span class='ocrx_word' id='word_1_161' title='bbox 457 2230 610 2286; x_wconf 86' lang='lat' dir='ltr'>coenobium</span> <span class='ocrx_word' id='word_1_162' title='bbox 636 2230 687 2284; x_wconf 92' lang='lat' dir='ltr'>sub</span> <span class='ocrx_word' id='word_1_163' title='bbox 709 2228 868 2285; x_wconf 79' lang='lat' dir='ltr'>defensione</span> <span class='ocrx_word' id='word_1_164' title='bbox 890 2242 923 2284; x_wconf 93' lang='lat' dir='ltr'>ac</span> <span class='ocrx_word' id='word_1_165' title='bbox 973 2225 1106 2299; x_wconf 78' lang='lat' dir='ltr'>elegerint</span> <span class='ocrx_word' id='word_1_166' title='bbox 1121 2227 1312 2302; x_wconf 83' lang='lat' dir='ltr'>ordinandum.</span> <span class='ocrx_word' id='word_1_167' title='bbox 1331 2229 1358 2285; x_wconf 90' lang='lat' dir='ltr'>Si</span> <span class='ocrx_word' id='word_1_168' title='bbox 1372 2230 1433 2301; x_wconf 93' lang='lat' dir='ltr'>quis</span> <span class='ocrx_word' id='word_1_169' title='bbox 1447 2239 1538 2287; x_wconf 90' lang='lat' dir='ltr'>autern</span> <span class='ocrx_word' id='word_1_170' title='bbox 1561 2234 1638 2291; x_wconf 88' lang='lat' dir='ltr'>hanc</span> <span class='ocrx_word' id='word_1_171' title='bbox 1653 2236 1776 2308; x_wconf 85' lang='lat' dir='ltr'>paginam</span> 
     </span>
     <span class='ocr_line' id='line_1_17' title="bbox 120 2315 1775 2390; baseline 0.004 -17"><span class='ocrx_word' id='word_1_172' title='bbox 120 2319 233 2375; x_wconf 92' lang='lat' dir='ltr'>tuitione</span> <span class='ocrx_word' id='word_1_173' title='bbox 259 2319 399 2375; x_wconf 87' lang='lat' dir='ltr'>beatomrn</span> <span class='ocrx_word' id='word_1_174' title='bbox 427 2318 613 2390; x_wconf 92' lang='lat' dir='ltr'>apostolorum</span> <span class='ocrx_word' id='word_1_175' title='bbox 640 2317 713 2373; x_wconf 91' lang='lat' dir='ltr'>Petri</span> <span class='ocrx_word' id='word_1_176' title='bbox 736 2325 762 2372; x_wconf 90' lang='lat' dir='ltr'>ot</span> <span class='ocrx_word' id='word_1_177' title='bbox 785 2317 859 2372; x_wconf 89' lang='lat' dir='ltr'>Pauli</span> <span class='ocrx_word' id='word_1_178' title='bbox 891 2332 923 2373; x_wconf 88' lang='lat' dir='ltr'>ac</span> <span class='ocrx_word' id='word_1_179' title='bbox 972 2315 1173 2370; x_wconf 84' lang='lat' dir='ltr'>constitutionis</span> <span class='ocrx_word' id='word_1_180' title='bbox 1187 2331 1340 2389; x_wconf 88' lang='lat' dir='ltr'>agnoscens</span> <span class='ocrx_word' id='word_1_181' title='bbox 1355 2326 1451 2374; x_wconf 91' lang='lat' dir='ltr'>contra</span> <span class='ocrx_word' id='word_1_182' title='bbox 1466 2335 1526 2374; x_wconf 88' lang='lat' dir='ltr'>eam</span> <span class='ocrx_word' id='word_1_183' title='bbox 1542 2322 1640 2378; x_wconf 86' lang='lat' dir='ltr'>venire</span> <span class='ocrx_word' id='word_1_184' title='bbox 1656 2332 1775 2380; x_wconf 84' lang='lat' dir='ltr'>tentave-</span> 
     </span>
     <span class='ocr_line' id='line_1_18' title="bbox 119 2402 1774 2480; baseline 0.004 -18"><span class='ocrx_word' id='word_1_185' title='bbox 119 2415 211 2463; x_wconf 89' lang='lat' dir='ltr'>nostra</span> <span class='ocrx_word' id='word_1_186' title='bbox 226 2414 422 2472; x_wconf 88' lang='lat' dir='ltr'>statueremus,</span> <span class='ocrx_word' id='word_1_187' title='bbox 443 2407 512 2463; x_wconf 88' lang='lat' dir='ltr'>sicut</span> <span class='ocrx_word' id='word_1_188' title='bbox 536 2406 636 2462; x_wconf 87' lang='lat' dir='ltr'>lactum</span> <span class='ocrx_word' id='word_1_189' title='bbox 661 2405 777 2479; x_wconf 87' lang='lat' dir='ltr'>legimus</span> <span class='ocrx_word' id='word_1_190' title='bbox 792 2405 827 2461; x_wconf 87' lang='lat' dir='ltr'>ab</span> <span class='ocrx_word' id='word_1_191' title='bbox 842 2413 922 2460; x_wconf 89' lang='lat' dir='ltr'>ante·</span> <span class='ocrx_word' id='word_1_192' title='bbox 974 2402 1025 2469; x_wconf 90' lang='lat' dir='ltr'>rit,</span> <span class='ocrx_word' id='word_1_193' title='bbox 1041 2404 1074 2457; x_wconf 92' lang='lat' dir='ltr'>sit</span> <span class='ocrx_word' id='word_1_194' title='bbox 1093 2403 1199 2460; x_wconf 87' lang='lat' dir='ltr'>alienus</span> <span class='ocrx_word' id='word_1_195' title='bbox 1214 2420 1231 2460; x_wconf 91' lang='lat' dir='ltr'>a</span> <span class='ocrx_word' id='word_1_196' title='bbox 1246 2405 1430 2463; x_wconf 90' lang='lat' dir='ltr'>sacratissimo</span> <span class='ocrx_word' id='word_1_197' title='bbox 1451 2425 1569 2480; x_wconf 88' lang='lat' dir='ltr'>corpore</span> <span class='ocrx_word' id='word_1_198' title='bbox 1591 2411 1704 2468; x_wconf 90' lang='lat' dir='ltr'>Domini</span> <span class='ocrx_word' id='word_1_199' title='bbox 1718 2413 1774 2468; x_wconf 88' lang='lat' dir='ltr'>Jesu</span> 
     </span>
     <span class='ocr_line' id='line_1_19' title="bbox 121 2492 1773 2566; baseline 0.002 -14"><span class='ocrx_word' id='word_1_200' title='bbox 121 2512 232 2552; x_wconf 87' lang='lat' dir='ltr'>cessare</span> <span class='ocrx_word' id='word_1_201' title='bbox 254 2503 347 2552; x_wconf 91' lang='lat' dir='ltr'>nostro</span> <span class='ocrx_word' id='word_1_202' title='bbox 362 2497 443 2552; x_wconf 89' lang='lat' dir='ltr'>beato</span> <span class='ocrx_word' id='word_1_203' title='bbox 457 2496 518 2550; x_wconf 92' lang='lat' dir='ltr'>viro</span> <span class='ocrx_word' id='word_1_204' title='bbox 533 2510 613 2566; x_wconf 90' lang='lat' dir='ltr'>papa,</span> <span class='ocrx_word' id='word_1_205' title='bbox 629 2494 783 2565; x_wconf 87' lang='lat' dir='ltr'>postulante</span> <span class='ocrx_word' id='word_1_206' title='bbox 805 2493 922 2549; x_wconf 90' lang='lat' dir='ltr'>nobilis·</span> <span class='ocrx_word' id='word_1_207' title='bbox 974 2492 1086 2559; x_wconf 88' lang='lat' dir='ltr'>Christi,</span> <span class='ocrx_word' id='word_1_208' title='bbox 1116 2500 1143 2547; x_wconf 93' lang='lat' dir='ltr'>et</span> <span class='ocrx_word' id='word_1_209' title='bbox 1171 2493 1224 2548; x_wconf 87' lang='lat' dir='ltr'>uisi</span> <span class='ocrx_word' id='word_1_210' title='bbox 1251 2504 1415 2566; x_wconf 86' lang='lat' dir='ltr'>praesumpta</span> <span class='ocrx_word' id='word_1_211' title='bbox 1439 2499 1608 2566; x_wconf 86' lang='lat' dir='ltr'>correxerit,</span> <span class='ocrx_word' id='word_1_212' title='bbox 1637 2501 1683 2555; x_wconf 83' lang='lat' dir='ltr'>vel</span> <span class='ocrx_word' id='word_1_213' title='bbox 1710 2500 1773 2556; x_wconf 87' lang='lat' dir='ltr'>male</span> 
     </span>
     <span class='ocr_line' id='line_1_20' title="bbox 120 2579 1773 2660; baseline 0.003 -20"><span class='ocrx_word' id='word_1_214' title='bbox 120 2584 190 2641; x_wconf 91' lang='lat' dir='ltr'>simo</span> <span class='ocrx_word' id='word_1_215' title='bbox 214 2585 377 2641; x_wconf 85' lang='lat' dir='ltr'>Francorum</span> <span class='ocrx_word' id='word_1_216' title='bbox 402 2600 467 2657; x_wconf 85' lang='lat' dir='ltr'>rege</span> <span class='ocrx_word' id='word_1_217' title='bbox 491 2583 662 2656; x_wconf 85' lang='lat' dir='ltr'>Dagoberto,</span> <span class='ocrx_word' id='word_1_218' title='bbox 689 2591 717 2638; x_wconf 88' lang='lat' dir='ltr'>et</span> <span class='ocrx_word' id='word_1_219' title='bbox 737 2589 923 2638; x_wconf 86' lang='lat' dir='ltr'>constructore</span> <span class='ocrx_word' id='word_1_220' title='bbox 974 2579 1065 2635; x_wconf 87' lang='lat' dir='ltr'>abluta</span> <span class='ocrx_word' id='word_1_221' title='bbox 1079 2595 1134 2635; x_wconf 92' lang='lat' dir='ltr'>uon</span> <span class='ocrx_word' id='word_1_222' title='bbox 1150 2582 1307 2648; x_wconf 89' lang='lat' dir='ltr'>restituerit,</span> <span class='ocrx_word' id='word_1_223' title='bbox 1329 2583 1460 2640; x_wconf 88' lang='lat' dir='ltr'>ultionem</span> <span class='ocrx_word' id='word_1_224' title='bbox 1475 2601 1539 2641; x_wconf 91' lang='lat' dir='ltr'>cum</span> <span class='ocrx_word' id='word_1_225' title='bbox 1552 2587 1625 2642; x_wconf 82' lang='lat' dir='ltr'>luda</span> <span class='ocrx_word' id='word_1_226' title='bbox 1640 2589 1773 2660; x_wconf 83' lang='lat' dir='ltr'>proditore</span> 
     </span>
     <span class='ocr_line' id='line_1_21' title="bbox 120 2667 1772 2746; baseline 0.002 -19"><span class='ocrx_word' id='word_1_227' title='bbox 120 2673 205 2746; x_wconf 87' lang='lat' dir='ltr'>ipsius</span> <span class='ocrx_word' id='word_1_228' title='bbox 219 2673 272 2730; x_wconf 90' lang='lat' dir='ltr'>loci</span> <span class='ocrx_word' id='word_1_229' title='bbox 287 2671 529 2729; x_wconf 89' lang='lat' dir='ltr'>sanctissimoviro</span> <span class='ocrx_word' id='word_1_230' title='bbox 538 2669 922 2744; x_wconf 87' lang='lat' dir='ltr'>EligioepiscopoNovioma·</span> <span class='ocrx_word' id='word_1_231' title='bbox 973 2667 1099 2739; x_wconf 86' lang='lat' dir='ltr'>excipiat,</span> <span class='ocrx_word' id='word_1_232' title='bbox 1116 2676 1143 2724; x_wconf 92' lang='lat' dir='ltr'>et</span> <span class='ocrx_word' id='word_1_233' title='bbox 1156 2669 1264 2725; x_wconf 91' lang='lat' dir='ltr'>beatum</span> <span class='ocrx_word' id='word_1_234' title='bbox 1284 2671 1391 2726; x_wconf 88' lang='lat' dir='ltr'>Petrum</span> <span class='ocrx_word' id='word_1_235' title='bbox 1412 2674 1511 2729; x_wconf 91' lang='lat' dir='ltr'>sentiat</span> <span class='ocrx_word' id='word_1_236' title='bbox 1532 2677 1653 2731; x_wconf 88' lang='lat' dir='ltr'>hostem.</span> <span class='ocrx_word' id='word_1_237' title='bbox 1671 2677 1772 2734; x_wconf 88' lang='lat' dir='ltr'>Cunctis</span> 
     </span>
     <span class='ocr_line' id='line_1_22' title="bbox 118 2757 1771 2836; baseline 0.002 -20"><span class='ocrx_word' id='word_1_238' title='bbox 118 2761 213 2836; x_wconf 86' lang='lat' dir='ltr'>gensi,</span> <span class='ocrx_word' id='word_1_239' title='bbox 231 2771 363 2834; x_wconf 90' lang='lat' dir='ltr'>quatenus</span> <span class='ocrx_word' id='word_1_240' title='bbox 378 2761 463 2834; x_wconf 85' lang='lat' dir='ltr'>quieti</span> <span class='ocrx_word' id='word_1_241' title='bbox 476 2776 508 2816; x_wconf 91' lang='lat' dir='ltr'>oc</span> <span class='ocrx_word' id='word_1_242' title='bbox 523 2759 573 2815; x_wconf 90' lang='lat' dir='ltr'>tuti</span> <span class='ocrx_word' id='word_1_243' title='bbox 597 2776 659 2815; x_wconf 89' lang='lat' dir='ltr'>esse</span> <span class='ocrx_word' id='word_1_244' title='bbox 682 2776 732 2830; x_wconf 89' lang='lat' dir='ltr'>per</span> <span class='ocrx_word' id='word_1_245' title='bbox 753 2759 840 2814; x_wconf 84' lang='lat' dir='ltr'>lutura</span> <span class='ocrx_word' id='word_1_246' title='bbox 855 2765 924 2813; x_wconf 91' lang='lat' dir='ltr'>tem·</span> <span class='ocrx_word' id='word_1_247' title='bbox 973 2765 1065 2812; x_wconf 86' lang='lat' dir='ltr'>autem</span> <span class='ocrx_word' id='word_1_248' title='bbox 1078 2757 1167 2813; x_wconf 90' lang='lat' dir='ltr'>eidem</span> <span class='ocrx_word' id='word_1_249' title='bbox 1190 2758 1251 2814; x_wconf 90' lang='lat' dir='ltr'>loco</span> <span class='ocrx_word' id='word_1_250' title='bbox 1271 2760 1345 2829; x_wconf 90' lang='lat' dir='ltr'>justa</span> <span class='ocrx_word' id='word_1_251' title='bbox 1360 2762 1531 2818; x_wconf 80' lang='lat' dir='ltr'>servantibus</span> <span class='ocrx_word' id='word_1_252' title='bbox 1548 2764 1586 2818; x_wconf 87' lang='lat' dir='ltr'>sit</span> <span class='ocrx_word' id='word_1_253' title='bbox 1600 2780 1655 2835; x_wconf 86' lang='lat' dir='ltr'>pax</span> <span class='ocrx_word' id='word_1_254' title='bbox 1672 2765 1771 2821; x_wconf 88' lang='lat' dir='ltr'>Domini</span> 
     </span>
     <span class='ocr_line' id='line_1_23' title="bbox 119 2845 1771 2920; baseline 0.004 -17"><span class='ocrx_word' id='word_1_255' title='bbox 119 2850 325 2920; x_wconf 84' lang='lat' dir='ltr'>poravaleatis.</span> <span class='ocrx_word' id='word_1_256' title='bbox 343 2852 401 2905; x_wconf 88' lang='lat' dir='ltr'>Nos</span> <span class='ocrx_word' id='word_1_257' title='bbox 416 2864 490 2914; x_wconf 86' lang='lat' dir='ltr'>vero,</span> <span class='ocrx_word' id='word_1_258' title='bbox 509 2856 627 2903; x_wconf 88' lang='lat' dir='ltr'>vestram</span> <span class='ocrx_word' id='word_1_259' title='bbox 651 2847 818 2902; x_wconf 87' lang='lat' dir='ltr'>sanctitatem</span> <span class='ocrx_word' id='word_1_260' title='bbox 834 2862 922 2919; x_wconf 87' lang='lat' dir='ltr'>agno-</span> <span class='ocrx_word' id='word_1_261' title='bbox 972 2845 1060 2901; x_wconf 86' lang='lat' dir='ltr'>nostri</span> <span class='ocrx_word' id='word_1_262' title='bbox 1074 2846 1138 2901; x_wconf 86' lang='lat' dir='ltr'>lesu</span> <span class='ocrx_word' id='word_1_263' title='bbox 1159 2847 1271 2914; x_wconf 84' lang='lat' dir='ltr'>Christi,</span> <span class='ocrx_word' id='word_1_264' title='bbox 1287 2857 1422 2919; x_wconf 89' lang='lat' dir='ltr'>quatenns</span> <span class='ocrx_word' id='word_1_265' title='bbox 1442 2857 1469 2906; x_wconf 89' lang='lat' dir='ltr'>et</span> <span class='ocrx_word' id='word_1_266' title='bbox 1488 2851 1533 2907; x_wconf 92' lang='lat' dir='ltr'>hic</span> <span class='ocrx_word' id='word_1_267' title='bbox 1555 2852 1678 2909; x_wconf 79' lang='lat' dir='ltr'>fructum</span> <span class='ocrx_word' id='word_1_268' title='bbox 1702 2855 1771 2909; x_wconf 86' lang='lat' dir='ltr'>bone</span> 
     </span>
     <span class='ocr_line' id='line_1_24' title="bbox 120 2933 1770 3009; baseline 0.004 -17"><span class='ocrx_word' id='word_1_269' title='bbox 120 2946 244 3005; x_wconf 88' lang='lat' dir='ltr'>scentes,</span> <span class='ocrx_word' id='word_1_270' title='bbox 261 2946 413 3009; x_wconf 78' lang='lat' dir='ltr'>vestraeque</span> <span class='ocrx_word' id='word_1_271' title='bbox 436 2936 562 3007; x_wconf 78' lang='lat' dir='ltr'>religioni</span> <span class='ocrx_word' id='word_1_272' title='bbox 585 2951 727 2990; x_wconf 85' lang='lat' dir='ltr'>assensum</span> <span class='ocrx_word' id='word_1_273' title='bbox 749 2935 921 3006; x_wconf 85' lang='lat' dir='ltr'>praebentes,</span> <span class='ocrx_word' id='word_1_274' title='bbox 972 2933 1086 2990; x_wconf 90' lang='lat' dir='ltr'>actionis</span> <span class='ocrx_word' id='word_1_275' title='bbox 1109 2935 1255 2990; x_wconf 89' lang='lat' dir='ltr'>inveniant.</span> <span class='ocrx_word' id='word_1_276' title='bbox 1283 2937 1419 3008; x_wconf 88' lang='lat' dir='ltr'>Scriptum</span> <span class='ocrx_word' id='word_1_277' title='bbox 1433 2955 1482 3009; x_wconf 90' lang='lat' dir='ltr'>per</span> <span class='ocrx_word' id='word_1_278' title='bbox 1501 2955 1615 2996; x_wconf 88' lang='lat' dir='ltr'>manum</span> <span class='ocrx_word' id='word_1_279' title='bbox 1642 2942 1770 2998; x_wconf 65' lang='lat' dir='ltr'>habena</span> 
     </span>
     <span class='ocr_line' id='line_1_25' title="bbox 118 3022 1771 3097; baseline 0.002 -17"><span class='ocrx_word' id='word_1_280' title='bbox 118 3031 191 3081; x_wconf 85' lang='lat' dir='ltr'>tanta</span> <span class='ocrx_word' id='word_1_281' title='bbox 205 3025 343 3083; x_wconf 89' lang='lat' dir='ltr'>alacritate</span> <span class='ocrx_word' id='word_1_282' title='bbox 358 3025 419 3081; x_wconf 84' lang='lat' dir='ltr'>laeto</span> <span class='ocrx_word' id='word_1_283' title='bbox 440 3025 531 3080; x_wconf 90' lang='lat' dir='ltr'>animo</span> <span class='ocrx_word' id='word_1_284' title='bbox 555 3023 740 3089; x_wconf 87' lang='lat' dir='ltr'>concedimus,</span> <span class='ocrx_word' id='word_1_285' title='bbox 758 3031 859 3095; x_wconf 92' lang='lat' dir='ltr'>quanto</span> <span class='ocrx_word' id='word_1_286' title='bbox 873 3038 923 3078; x_wconf 90' lang='lat' dir='ltr'>vos</span> <span class='ocrx_word' id='word_1_287' title='bbox 973 3022 1103 3078; x_wconf 84' lang='lat' dir='ltr'>scriniarii</span> <span class='ocrx_word' id='word_1_288' title='bbox 1119 3033 1221 3079; x_wconf 74' lang='lat' dir='ltr'>sanctae</span> <span class='ocrx_word' id='word_1_289' title='bbox 1236 3025 1363 3080; x_wconf 84' lang='lat' dir='ltr'>Romanae</span> <span class='ocrx_word' id='word_1_290' title='bbox 1380 3026 1514 3084; x_wconf 86' lang='lat' dir='ltr'>Ecclesiae</span> <span class='ocrx_word' id='word_1_291' title='bbox 1529 3045 1628 3084; x_wconf 88' lang='lat' dir='ltr'>mense</span> <span class='ocrx_word' id='word_1_292' title='bbox 1643 3030 1723 3097; x_wconf 81' lang='lat' dir='ltr'>bloio,</span> <span class='ocrx_word' id='word_1_293' title='bbox 1737 3031 1771 3084; x_wconf 91' lang='lat' dir='ltr'>in-</span> 
     </span>
     <span class='ocr_line' id='line_1_26' title="bbox 119 3107 1769 3189; baseline 0.004 -22"><span class='ocrx_word' id='word_1_294' title='bbox 119 3112 178 3167; x_wconf 86' lang='lat' dir='ltr'>Deo</span> <span class='ocrx_word' id='word_1_295' title='bbox 192 3109 404 3183; x_wconf 87' lang='lat' dir='ltr'>propinquiores</span> <span class='ocrx_word' id='word_1_296' title='bbox 420 3110 447 3164; x_wconf 91' lang='lat' dir='ltr'>in</span> <span class='ocrx_word' id='word_1_297' title='bbox 463 3125 541 3164; x_wconf 90' lang='lat' dir='ltr'>sacra</span> <span class='ocrx_word' id='word_1_298' title='bbox 556 3107 763 3164; x_wconf 90' lang='lat' dir='ltr'>conversatione</span> <span class='ocrx_word' id='word_1_299' title='bbox 778 3107 922 3180; x_wconf 87' lang='lat' dir='ltr'>cognosci·</span> <span class='ocrx_word' id='word_1_300' title='bbox 972 3110 1090 3167; x_wconf 88' lang='lat' dir='ltr'>dictione</span> <span class='ocrx_word' id='word_1_301' title='bbox 1105 3110 1201 3182; x_wconf 89' lang='lat' dir='ltr'>prima.</span> <span class='ocrx_word' id='word_1_302' title='bbox 1219 3113 1291 3168; x_wconf 87' lang='lat' dir='ltr'>Beue</span> <span class='ocrx_word' id='word_1_303' title='bbox 1306 3113 1402 3170; x_wconf 89' lang='lat' dir='ltr'>valete.</span> <span class='ocrx_word' id='word_1_304' title='bbox 1419 3116 1509 3171; x_wconf 91' lang='lat' dir='ltr'>Pridie</span> <span class='ocrx_word' id='word_1_305' title='bbox 1525 3117 1591 3173; x_wconf 91' lang='lat' dir='ltr'>ldus</span> <span class='ocrx_word' id='word_1_306' title='bbox 1608 3119 1714 3185; x_wconf 81' lang='lat' dir='ltr'>lunias,</span> <span class='ocrx_word' id='word_1_307' title='bbox 1728 3135 1769 3189; x_wconf 90' lang='lat' dir='ltr'>per</span> 
     </span>
     <span class='ocr_line' id='line_1_27' title="bbox 119 3195 1771 3279; baseline 0.004 -24"><span class='ocrx_word' id='word_1_308' title='bbox 119 3200 180 3255; x_wconf 84' lang='lat' dir='ltr'>mds</span> <span class='ocrx_word' id='word_1_309' title='bbox 197 3199 265 3255; x_wconf 86' lang='lat' dir='ltr'>sore.</span> <span class='ocrx_word' id='word_1_310' title='bbox 279 3198 364 3272; x_wconf 88' lang='lat' dir='ltr'>lgitur</span> <span class='ocrx_word' id='word_1_311' title='bbox 375 3199 451 3268; x_wconf 85' lang='lat' dir='ltr'>juxta</span> <span class='ocrx_word' id='word_1_312' title='bbox 460 3197 616 3269; x_wconf 90' lang='lat' dir='ltr'>petitionem</span> <span class='ocrx_word' id='word_1_313' title='bbox 628 3203 756 3262; x_wconf 89' lang='lat' dir='ltr'>vestram,</span> <span class='ocrx_word' id='word_1_314' title='bbox 768 3195 923 3264; x_wconf 83' lang='lat' dir='ltr'>hujusmodi</span> <span class='ocrx_word' id='word_1_315' title='bbox 972 3216 1083 3255; x_wconf 89' lang='lat' dir='ltr'>manum</span> <span class='ocrx_word' id='word_1_316' title='bbox 1100 3200 1234 3256; x_wconf 87' lang='lat' dir='ltr'>Valentini</span> <span class='ocrx_word' id='word_1_317' title='bbox 1255 3202 1387 3259; x_wconf 81' lang='lat' dir='ltr'>Ecclesiae</span> <span class='ocrx_word' id='word_1_318' title='bbox 1411 3205 1569 3260; x_wconf 89' lang='lat' dir='ltr'>Portuensis</span> <span class='ocrx_word' id='word_1_319' title='bbox 1584 3206 1719 3279; x_wconf 88' lang='lat' dir='ltr'>episcopi,</span> <span class='ocrx_word' id='word_1_320' title='bbox 1734 3223 1771 3261; x_wconf 79' lang='lat' dir='ltr'>re</span> 
     </span>
     <span class='ocr_line' id='line_1_28' title="bbox 118 3284 1768 3361; baseline 0.003 -18"><span class='ocrx_word' id='word_1_321' title='bbox 118 3288 292 3361; x_wconf 83' lang='lat' dir='ltr'>privilegium</span> <span class='ocrx_word' id='word_1_322' title='bbox 316 3286 457 3358; x_wconf 81' lang='lat' dir='ltr'>praesentis</span> <span class='ocrx_word' id='word_1_323' title='bbox 484 3285 652 3341; x_wconf 85' lang='lat' dir='ltr'>auctoritatis</span> <span class='ocrx_word' id='word_1_324' title='bbox 684 3292 783 3340; x_wconf 83' lang='lat' dir='ltr'>nostrae</span> <span class='ocrx_word' id='word_1_325' title='bbox 814 3284 922 3339; x_wconf 88' lang='lat' dir='ltr'>decreto</span> <span class='ocrx_word' id='word_1_326' title='bbox 971 3296 1072 3359; x_wconf 87' lang='lat' dir='ltr'>gnante</span> <span class='ocrx_word' id='word_1_327' title='bbox 1092 3289 1119 3344; x_wconf 91' lang='lat' dir='ltr'>in</span> <span class='ocrx_word' id='word_1_328' title='bbox 1141 3299 1301 3360; x_wconf 88' lang='lat' dir='ltr'>perpetuum</span> <span class='ocrx_word' id='word_1_329' title='bbox 1330 3291 1446 3347; x_wconf 88' lang='lat' dir='ltr'>Domino</span> <span class='ocrx_word' id='word_1_330' title='bbox 1473 3294 1532 3349; x_wconf 90' lang='lat' dir='ltr'>Deo</span> <span class='ocrx_word' id='word_1_331' title='bbox 1562 3304 1669 3350; x_wconf 90' lang='lat' dir='ltr'>nostro.</span> <span class='ocrx_word' id='word_1_332' title='bbox 1700 3298 1768 3350; x_wconf 79' lang='lat' dir='ltr'>Anno</span> 
     </span>
     <span class='ocr_line' id='line_1_29' title="bbox 120 3372 1766 3455; baseline 0.004 -22"><span class='ocrx_word' id='word_1_333' title='bbox 120 3377 209 3433; x_wconf 91' lang='lat' dir='ltr'>eidem</span> <span class='ocrx_word' id='word_1_334' title='bbox 223 3372 372 3432; x_wconf 87' lang='lat' dir='ltr'>venerabili</span> <span class='ocrx_word' id='word_1_335' title='bbox 386 3373 553 3432; x_wconf 89' lang='lat' dir='ltr'>monasterio</span> <span class='ocrx_word' id='word_1_336' title='bbox 568 3373 664 3429; x_wconf 86' lang='lat' dir='ltr'>vestris</span> <span class='ocrx_word' id='word_1_337' title='bbox 687 3372 836 3443; x_wconf 82' lang='lat' dir='ltr'>futurisque</span> <span class='ocrx_word' id='word_1_338' title='bbox 850 3380 921 3427; x_wconf 90' lang='lat' dir='ltr'>tem·</span> <span class='ocrx_word' id='word_1_339' title='bbox 971 3375 1141 3447; x_wconf 85' lang='lat' dir='ltr'>pontificatus</span> <span class='ocrx_word' id='word_1_340' title='bbox 1164 3378 1257 3433; x_wconf 90' lang='lat' dir='ltr'>domni</span> <span class='ocrx_word' id='word_1_341' title='bbox 1280 3379 1377 3434; x_wconf 87' lang='lat' dir='ltr'>Marini</span> <span class='ocrx_word' id='word_1_342' title='bbox 1401 3381 1564 3437; x_wconf 87' lang='lat' dir='ltr'>universalis</span> <span class='ocrx_word' id='word_1_343' title='bbox 1582 3399 1664 3455; x_wconf 83' lang='lat' dir='ltr'>papae</span> <span class='ocrx_word' id='word_1_344' title='bbox 1678 3384 1766 3455; x_wconf 87' lang='lat' dir='ltr'>primo,</span> 
     </span>
     <span class='ocr_line' id='line_1_30' title="bbox 119 3459 1230 3538; baseline 0.001 -17"><span class='ocrx_word' id='word_1_345' title='bbox 119 3466 233 3538; x_wconf 91' lang='lat' dir='ltr'>poribus</span> <span class='ocrx_word' id='word_1_346' title='bbox 247 3464 437 3536; x_wconf 75' lang='lat' dir='ltr'>indulgemus,</span> <span class='ocrx_word' id='word_1_347' title='bbox 453 3462 643 3528; x_wconf 90' lang='lat' dir='ltr'>concedimus,</span> <span class='ocrx_word' id='word_1_348' title='bbox 667 3469 749 3532; x_wconf 89' lang='lat' dir='ltr'>atque</span> <span class='ocrx_word' id='word_1_349' title='bbox 773 3459 921 3516; x_wconf 83' lang='lat' dir='ltr'>aonsrrma-</span> <span class='ocrx_word' id='word_1_350' title='bbox 972 3465 1119 3522; x_wconf 90' lang='lat' dir='ltr'>indictione</span> <span class='ocrx_word' id='word_1_351' title='bbox 1133 3467 1230 3538; x_wconf 90' lang='lat' dir='ltr'>prima.</span> 
     </span>
     <span class='ocr_line' id='line_1_31' title="bbox 120 3549 1388 3621; baseline 0.002 -12"><span class='ocrx_word' id='word_1_352' title='bbox 120 3571 191 3609; x_wconf 93' lang='lat' dir='ltr'>mus.</span> <span class='ocrx_word' id='word_1_353' title='bbox 207 3555 241 3609; x_wconf 85' lang='lat' dir='ltr'>Et</span> <span class='ocrx_word' id='word_1_354' title='bbox 256 3553 326 3610; x_wconf 89' lang='lat' dir='ltr'>sicut</span> <span class='ocrx_word' id='word_1_355' title='bbox 340 3553 525 3609; x_wconf 92' lang='lat' dir='ltr'>nobilissimus</span> <span class='ocrx_word' id='word_1_356' title='bbox 539 3551 705 3607; x_wconf 84' lang='lat' dir='ltr'>Francorum</span> <span class='ocrx_word' id='word_1_357' title='bbox 718 3565 767 3605; x_wconf 81' lang='lat' dir='ltr'>rer</span> <span class='ocrx_word' id='word_1_358' title='bbox 782 3549 922 3621; x_wconf 86' lang='lat' dir='ltr'>Dagober·</span> <span class='ocrx_word' id='word_1_359' title='bbox 1354 3557 1388 3612; x_wconf 93' lang='lat' dir='ltr'>ll.</span> 
     </span>
     <span class='ocr_line' id='line_1_32' title="bbox 119 3636 1595 3714; baseline 0.004 -15"><span class='ocrx_word' id='word_1_360' title='bbox 119 3653 173 3708; x_wconf 91' lang='lat' dir='ltr'>tus,</span> <span class='ocrx_word' id='word_1_361' title='bbox 189 3651 216 3698; x_wconf 85' lang='lat' dir='ltr'>et</span> <span class='ocrx_word' id='word_1_362' title='bbox 230 3641 421 3714; x_wconf 83' lang='lat' dir='ltr'>gloriosissimi</span> <span class='ocrx_word' id='word_1_363' title='bbox 440 3641 566 3714; x_wconf 77' lang='lat' dir='ltr'>Augusti,</span> <span class='ocrx_word' id='word_1_364' title='bbox 593 3639 707 3694; x_wconf 86' lang='lat' dir='ltr'>Carolus</span> <span class='ocrx_word' id='word_1_365' title='bbox 722 3645 749 3693; x_wconf 91' lang='lat' dir='ltr'>et</span> <span class='ocrx_word' id='word_1_366' title='bbox 768 3636 838 3692; x_wconf 83' lang='lat' dir='ltr'>lilius</span> <span class='ocrx_word' id='word_1_367' title='bbox 863 3638 922 3707; x_wconf 89' lang='lat' dir='ltr'>ejus</span> <span class='ocrx_word' id='word_1_368' title='bbox 1148 3658 1201 3697; x_wconf 86' lang='lat' dir='ltr'>rao</span> <span class='ocrx_word' id='word_1_369' title='bbox 1220 3659 1398 3700; x_wconf 71' lang='lat' dir='ltr'>nouasrnaro</span> <span class='ocrx_word' id='word_1_370' title='bbox 1423 3660 1595 3705; x_wconf 78' lang='lat' dir='ltr'>stvrurrrrvsr.</span> 
     </span>
     <span class='ocr_line' id='line_1_33' title="bbox 119 3725 1467 3805; baseline 0.001 -16"><span class='ocrx_word' id='word_1_371' title='bbox 119 3731 283 3799; x_wconf 74' lang='lat' dir='ltr'>ludovicus,</span> <span class='ocrx_word' id='word_1_372' title='bbox 300 3740 327 3786; x_wconf 91' lang='lat' dir='ltr'>et</span> <span class='ocrx_word' id='word_1_373' title='bbox 342 3730 389 3785; x_wconf 90' lang='lat' dir='ltr'>tilii</span> <span class='ocrx_word' id='word_1_374' title='bbox 404 3737 430 3785; x_wconf 89' lang='lat' dir='ltr'>et</span> <span class='ocrx_word' id='word_1_375' title='bbox 444 3738 557 3800; x_wconf 91' lang='lat' dir='ltr'>nepotes</span> <span class='ocrx_word' id='word_1_376' title='bbox 582 3743 687 3794; x_wconf 88' lang='lat' dir='ltr'>eorum,</span> <span class='ocrx_word' id='word_1_377' title='bbox 702 3726 817 3782; x_wconf 85' lang='lat' dir='ltr'>Carolus</span> <span class='ocrx_word' id='word_1_378' title='bbox 832 3725 921 3797; x_wconf 90' lang='lat' dir='ltr'>impe·</span> <span class='ocrx_word' id='word_1_379' title='bbox 1272 3733 1364 3800; x_wconf 77' lang='lat' dir='ltr'>(Anno</span> <span class='ocrx_word' id='word_1_380' title='bbox 1394 3735 1467 3805; x_wconf 85' lang='grc'>883.)</span> 
     </span>
     <span class='ocr_line' id='line_1_34' title="bbox 118 3811 1703 3901; baseline 0.005 -25"><span class='ocrx_word' id='word_1_381' title='bbox 118 3829 202 3887; x_wconf 90' lang='lat' dir='ltr'>rator,</span> <span class='ocrx_word' id='word_1_382' title='bbox 220 3829 247 3876; x_wconf 93' lang='lat' dir='ltr'>et</span> <span class='ocrx_word' id='word_1_383' title='bbox 261 3820 383 3890; x_wconf 87' lang='lat' dir='ltr'>ejusdem</span> <span class='ocrx_word' id='word_1_384' title='bbox 400 3818 490 3875; x_wconf 90' lang='lat' dir='ltr'>Caroli</span> <span class='ocrx_word' id='word_1_385' title='bbox 506 3816 576 3872; x_wconf 82' lang='lat' dir='ltr'>filius</span> <span class='ocrx_word' id='word_1_386' title='bbox 597 3816 757 3884; x_wconf 88' lang='lat' dir='ltr'>Ludovicus,</span> <span class='ocrx_word' id='word_1_387' title='bbox 775 3831 882 3871; x_wconf 85' lang='lat' dir='ltr'>necnon</span> <span class='ocrx_word' id='word_1_388' title='bbox 896 3811 957 3874; x_wconf 89' lang='lat' dir='ltr'>etC</span> <span class='ocrx_word' id='word_1_389' title='bbox 1041 3818 1092 3891; x_wconf 72' lang='lat' dir='ltr'>[Ex</span> <span class='ocrx_word' id='word_1_390' title='bbox 1112 3820 1229 3891; x_wconf 86' lang='lat' dir='ltr'>llgbelli,</span> <span class='ocrx_word' id='word_1_391' title='bbox 1258 3821 1334 3876; x_wconf 90' lang='lat' dir='ltr'>ltalia</span> <span class='ocrx_word' id='word_1_392' title='bbox 1355 3838 1431 3878; x_wconf 88' lang='lat' dir='ltr'>sacra</span> <span class='ocrx_word' id='word_1_393' title='bbox 1446 3831 1464 3877; x_wconf 92' lang='lat' dir='ltr'>t.</span> <span class='ocrx_word' id='word_1_394' title='bbox 1483 3824 1527 3891; x_wconf 87' lang='lat' dir='ltr'>iv,</span> <span class='ocrx_word' id='word_1_395' title='bbox 1544 3841 1611 3899; x_wconf 85' lang='lat' dir='ltr'>pag.</span> <span class='ocrx_word' id='word_1_396' title='bbox 1629 3829 1703 3901; x_wconf 69' lang='lat' dir='ltr'>aaa}</span> 
     </span>
     <span class='ocr_line' id='line_1_35' title="bbox 119 3905 1766 3982; baseline 0.003 -17"><span class='ocrx_word' id='word_1_397' title='bbox 119 3909 317 3965; x_wconf 74' lang='lat' dir='ltr'>carlomannus</span> <span class='ocrx_word' id='word_1_398' title='bbox 350 3906 478 3962; x_wconf 89' lang='lat' dir='ltr'>Lndovici</span> <span class='ocrx_word' id='word_1_399' title='bbox 507 3905 597 3971; x_wconf 83' lang='lat' dir='ltr'>silius,</span> <span class='ocrx_word' id='word_1_400' title='bbox 627 3905 673 3976; x_wconf 91' lang='lat' dir='ltr'>qui</span> <span class='ocrx_word' id='word_1_401' title='bbox 703 3920 773 3960; x_wconf 89' lang='lat' dir='ltr'>nunc</span> <span class='ocrx_word' id='word_1_402' title='bbox 806 3920 921 3976; x_wconf 88' lang='lat' dir='ltr'>regnum</span> <span class='ocrx_word' id='word_1_403' title='bbox 1007 3907 1135 3963; x_wconf 77' lang='lat' dir='ltr'>blantevus</span> <span class='ocrx_word' id='word_1_404' title='bbox 1150 3908 1306 3980; x_wconf 86' lang='lat' dir='ltr'>episcopus,</span> <span class='ocrx_word' id='word_1_405' title='bbox 1322 3926 1419 3966; x_wconf 88' lang='lat' dir='ltr'>servus</span> <span class='ocrx_word' id='word_1_406' title='bbox 1435 3927 1580 3968; x_wconf 89' lang='lat' dir='ltr'>servorum</span> <span class='ocrx_word' id='word_1_407' title='bbox 1591 3915 1766 3982; x_wconf 73' lang='lat' dir='ltr'>heidilecto,</span> 
     </span>
     <span class='ocr_line' id='line_1_36' title="bbox 118 3991 1768 4067; baseline 0.004 -16"><span class='ocrx_word' id='word_1_408' title='bbox 118 3998 286 4052; x_wconf 88' lang='lat' dir='ltr'>Francorum</span> <span class='ocrx_word' id='word_1_409' title='bbox 301 3995 416 4050; x_wconf 86' lang='lat' dir='ltr'>leliciter</span> <span class='ocrx_word' id='word_1_410' title='bbox 438 3994 593 4067; x_wconf 83' lang='lat' dir='ltr'>gubernare</span> <span class='ocrx_word' id='word_1_411' title='bbox 608 3993 723 4057; x_wconf 88' lang='lat' dir='ltr'>videtur,</span> <span class='ocrx_word' id='word_1_412' title='bbox 740 3991 813 4047; x_wconf 89' lang='lat' dir='ltr'>ducti</span> <span class='ocrx_word' id='word_1_413' title='bbox 828 3992 921 4046; x_wconf 91' lang='lat' dir='ltr'>divino</span> <span class='ocrx_word' id='word_1_414' title='bbox 971 3997 1209 4063; x_wconf 89' lang='lat' dir='ltr'>reverendissimo,</span> <span class='ocrx_word' id='word_1_415' title='bbox 1222 4006 1248 4052; x_wconf 91' lang='lat' dir='ltr'>et</span> <span class='ocrx_word' id='word_1_416' title='bbox 1258 3998 1429 4054; x_wconf 91' lang='lat' dir='ltr'>sanctissimo</span> <span class='ocrx_word' id='word_1_417' title='bbox 1441 3999 1580 4056; x_wconf 81' lang='lat' dir='ltr'>Gananno</span> <span class='ocrx_word' id='word_1_418' title='bbox 1592 4006 1768 4060; x_wconf 79' lang='lat' dir='ltr'>sanctaaLau·</span> 
     </span>
     <span class='ocr_line' id='line_1_37' title="bbox 119 4079 1766 4158; baseline 0.007 -20"><span class='ocrx_word' id='word_1_419' title='bbox 119 4100 222 4152; x_wconf 84' lang='lat' dir='ltr'>amore,</span> <span class='ocrx_word' id='word_1_420' title='bbox 239 4083 273 4138; x_wconf 93' lang='lat' dir='ltr'>de</span> <span class='ocrx_word' id='word_1_421' title='bbox 287 4083 359 4137; x_wconf 90' lang='lat' dir='ltr'>villis</span> <span class='ocrx_word' id='word_1_422' title='bbox 374 4098 406 4138; x_wconf 89' lang='lat' dir='ltr'>ac</span> <span class='ocrx_word' id='word_1_423' title='bbox 421 4081 591 4137; x_wconf 83' lang='lat' dir='ltr'>facultatibus</span> <span class='ocrx_word' id='word_1_424' title='bbox 615 4097 663 4135; x_wconf 90' lang='lat' dir='ltr'>seu</span> <span class='ocrx_word' id='word_1_425' title='bbox 688 4079 829 4150; x_wconf 89' lang='lat' dir='ltr'>stipendiis</span> <span class='ocrx_word' id='word_1_426' title='bbox 852 4096 920 4151; x_wconf 91' lang='lat' dir='ltr'>pro·</span> <span class='ocrx_word' id='word_1_427' title='bbox 971 4084 1063 4139; x_wconf 89' lang='lat' dir='ltr'>densis</span> <span class='ocrx_word' id='word_1_428' title='bbox 1079 4085 1210 4142; x_wconf 85' lang='lat' dir='ltr'>Ecclesiae</span> <span class='ocrx_word' id='word_1_429' title='bbox 1234 4087 1362 4158; x_wconf 89' lang='lat' dir='ltr'>episcopo</span> <span class='ocrx_word' id='word_1_430' title='bbox 1378 4096 1403 4142; x_wconf 89' lang='lat' dir='ltr'>et</span> <span class='ocrx_word' id='word_1_431' title='bbox 1417 4090 1547 4158; x_wconf 85' lang='lat' dir='ltr'>praeseuti</span> <span class='ocrx_word' id='word_1_432' title='bbox 1564 4091 1591 4145; x_wconf 92' lang='lat' dir='ltr'>in</span> <span class='ocrx_word' id='word_1_433' title='bbox 1608 4093 1705 4148; x_wconf 90' lang='lat' dir='ltr'>eadem</span> <span class='ocrx_word' id='word_1_434' title='bbox 1719 4095 1766 4149; x_wconf 85' lang='lat' dir='ltr'>Ec-</span> 
     </span>
     <span class='ocr_line' id='line_1_38' title="bbox 118 4167 1678 4250; baseline 0.006 -22"><span class='ocrx_word' id='word_1_435' title='bbox 118 4172 192 4244; x_wconf 87' lang='lat' dir='ltr'>priis,</span> <span class='ocrx_word' id='word_1_436' title='bbox 210 4173 253 4228; x_wconf 88' lang='lat' dir='ltr'>vel</span> <span class='ocrx_word' id='word_1_437' title='bbox 269 4172 389 4245; x_wconf 91' lang='lat' dir='ltr'>quolibet</span> <span class='ocrx_word' id='word_1_438' title='bbox 413 4171 495 4226; x_wconf 91' lang='lat' dir='ltr'>modo</span> <span class='ocrx_word' id='word_1_439' title='bbox 511 4170 547 4224; x_wconf 95' lang='lat' dir='ltr'>ibi</span> <span class='ocrx_word' id='word_1_440' title='bbox 563 4186 578 4224; x_wconf 94' lang='lat' dir='ltr'>a</span> <span class='ocrx_word' id='word_1_441' title='bbox 594 4167 720 4225; x_wconf 84' lang='lat' dir='ltr'>fidelibus</span> <span class='ocrx_word' id='word_1_442' title='bbox 736 4169 800 4224; x_wconf 90' lang='lat' dir='ltr'>viris</span> <span class='ocrx_word' id='word_1_443' title='bbox 815 4168 920 4224; x_wconf 89' lang='lat' dir='ltr'>condo·</span> <span class='ocrx_word' id='word_1_444' title='bbox 971 4173 1055 4228; x_wconf 88' lang='lat' dir='ltr'>alesia</span> <span class='ocrx_word' id='word_1_445' title='bbox 1068 4181 1095 4228; x_wconf 90' lang='lat' dir='ltr'>et</span> <span class='ocrx_word' id='word_1_446' title='bbox 1109 4175 1273 4230; x_wconf 88' lang='lat' dir='ltr'>monasterio</span> <span class='ocrx_word' id='word_1_447' title='bbox 1289 4175 1444 4231; x_wconf 82' lang='lat' dir='ltr'>savinionis</span> <span class='ocrx_word' id='word_1_448' title='bbox 1459 4176 1678 4250; x_wconf 90' lang='lat' dir='ltr'>inperpetuum.</span> 
     </span>
     <span class='ocr_line' id='line_1_39' title="bbox 120 4257 1765 4341; baseline 0.005 -25"><span class='ocrx_word' id='word_1_449' title='bbox 120 4270 190 4317; x_wconf 84' lang='lat' dir='ltr'>natae</span> <span class='ocrx_word' id='word_1_450' title='bbox 205 4278 258 4329; x_wconf 86' lang='lat' dir='ltr'>res,</span> <span class='ocrx_word' id='word_1_451' title='bbox 274 4277 291 4316; x_wconf 88' lang='lat' dir='ltr'>a</span> <span class='ocrx_word' id='word_1_452' title='bbox 305 4261 384 4317; x_wconf 90' lang='lat' dir='ltr'>vobis</span> <span class='ocrx_word' id='word_1_453' title='bbox 392 4259 586 4332; x_wconf 90' lang='lat' dir='ltr'>quoquomodo</span> <span class='ocrx_word' id='word_1_454' title='bbox 608 4258 747 4329; x_wconf 90' lang='lat' dir='ltr'>acquisitae</span> <span class='ocrx_word' id='word_1_455' title='bbox 762 4264 834 4321; x_wconf 86' lang='lat' dir='ltr'>sunt,</span> <span class='ocrx_word' id='word_1_456' title='bbox 852 4257 922 4313; x_wconf 91' lang='lat' dir='ltr'>sicut</span> <span class='ocrx_word' id='word_1_457' title='bbox 1006 4261 1043 4317; x_wconf 88' lang='lat' dir='ltr'>Te</span> <span class='ocrx_word' id='word_1_458' title='bbox 1061 4271 1189 4318; x_wconf 89' lang='lat' dir='ltr'>narrante</span> <span class='ocrx_word' id='word_1_459' title='bbox 1213 4263 1392 4336; x_wconf 87' lang='lat' dir='ltr'>cognovimus</span> <span class='ocrx_word' id='word_1_460' title='bbox 1414 4265 1600 4322; x_wconf 81' lang='lat' dir='ltr'>munificentia</span> <span class='ocrx_word' id='word_1_461' title='bbox 1627 4269 1765 4341; x_wconf 87' lang='lat' dir='ltr'>imperato-</span> 
     </span>
     <span class='ocr_line' id='line_1_40' title="bbox 116 4344 1768 4429; baseline 0.002 -22"><span class='ocrx_word' id='word_1_462' title='bbox 116 4350 145 4407; x_wconf 92' lang='lat' dir='ltr'>in</span> <span class='ocrx_word' id='word_1_463' title='bbox 167 4350 312 4423; x_wconf 83' lang='lat' dir='ltr'>praecaptis</span> <span class='ocrx_word' id='word_1_464' title='bbox 336 4349 528 4421; x_wconf 82' lang='lat' dir='ltr'>praedictorum</span> <span class='ocrx_word' id='word_1_465' title='bbox 550 4364 648 4420; x_wconf 87' lang='lat' dir='ltr'>regum</span> <span class='ocrx_word' id='word_1_466' title='bbox 670 4346 850 4411; x_wconf 90' lang='lat' dir='ltr'>continentur,</span> <span class='ocrx_word' id='word_1_467' title='bbox 877 4344 920 4400; x_wconf 87' lang='lat' dir='ltr'>vel</span> <span class='ocrx_word' id='word_1_468' title='bbox 971 4365 1039 4415; x_wconf 91' lang='lat' dir='ltr'>rum,</span> <span class='ocrx_word' id='word_1_469' title='bbox 1056 4359 1082 4404; x_wconf 88' lang='lat' dir='ltr'>et</span> <span class='ocrx_word' id='word_1_470' title='bbox 1098 4367 1203 4423; x_wconf 90' lang='lat' dir='ltr'>regum,</span> <span class='ocrx_word' id='word_1_471' title='bbox 1219 4352 1264 4423; x_wconf 92' lang='lat' dir='ltr'>qui</span> <span class='ocrx_word' id='word_1_472' title='bbox 1280 4351 1380 4407; x_wconf 93' lang='lat' dir='ltr'>nostris</span> <span class='ocrx_word' id='word_1_473' title='bbox 1394 4351 1503 4407; x_wconf 85' lang='lat' dir='ltr'>luerunt</span> <span class='ocrx_word' id='word_1_474' title='bbox 1517 4357 1701 4427; x_wconf 86' lang='lat' dir='ltr'>temporibus,</span> <span class='ocrx_word' id='word_1_475' title='bbox 1716 4358 1768 4429; x_wconf 91' lang='lat' dir='ltr'>qui-</span> 
     </span>
     <span class='ocr_line' id='line_1_41' title="bbox 116 4435 1764 4513; baseline 0.002 -17"><span class='ocrx_word' id='word_1_476' title='bbox 116 4441 144 4496; x_wconf 93' lang='lat' dir='ltr'>in</span> <span class='ocrx_word' id='word_1_477' title='bbox 169 4440 263 4496; x_wconf 90' lang='lat' dir='ltr'>cbarta</span> <span class='ocrx_word' id='word_1_478' title='bbox 288 4439 410 4508; x_wconf 91' lang='lat' dir='ltr'>ejusdem</span> <span class='ocrx_word' id='word_1_479' title='bbox 435 4436 591 4493; x_wconf 89' lang='lat' dir='ltr'>monasterii</span> <span class='ocrx_word' id='word_1_480' title='bbox 615 4435 767 4491; x_wconf 78' lang='lat' dir='ltr'>fundatoris</span> <span class='ocrx_word' id='word_1_481' title='bbox 789 4435 920 4489; x_wconf 90' lang='lat' dir='ltr'>insertum</span> <span class='ocrx_word' id='word_1_482' title='bbox 971 4454 1023 4508; x_wconf 92' lang='lat' dir='ltr'>que</span> <span class='ocrx_word' id='word_1_483' title='bbox 1039 4455 1106 4511; x_wconf 90' lang='lat' dir='ltr'>erga</span> <span class='ocrx_word' id='word_1_484' title='bbox 1121 4456 1168 4495; x_wconf 85' lang='lat' dir='ltr'>eos</span> <span class='ocrx_word' id='word_1_485' title='bbox 1182 4439 1316 4496; x_wconf 89' lang='lat' dir='ltr'>industria</span> <span class='ocrx_word' id='word_1_486' title='bbox 1331 4441 1454 4513; x_wconf 88' lang='lat' dir='ltr'>obsequii</span> <span class='ocrx_word' id='word_1_487' title='bbox 1475 4443 1633 4499; x_wconf 85' lang='lat' dir='ltr'>ooenobium</span> <span class='ocrx_word' id='word_1_488' title='bbox 1650 4447 1764 4502; x_wconf 86' lang='lat' dir='ltr'>Savinia-</span> 
     </span>
     <span class='ocr_line' id='line_1_42' title="bbox 117 4523 1766 4605; baseline 0 -19"><span class='ocrx_word' id='word_1_489' title='bbox 117 4539 168 4596; x_wconf 88' lang='lat' dir='ltr'>ast,</span> <span class='ocrx_word' id='word_1_490' title='bbox 186 4529 290 4585; x_wconf 92' lang='lat' dir='ltr'>scilicet</span> <span class='ocrx_word' id='word_1_491' title='bbox 304 4527 386 4600; x_wconf 86' lang='lat' dir='ltr'>Eligii</span> <span class='ocrx_word' id='word_1_492' title='bbox 401 4526 532 4598; x_wconf 86' lang='lat' dir='ltr'>episcopi,</span> <span class='ocrx_word' id='word_1_493' title='bbox 550 4525 642 4580; x_wconf 92' lang='lat' dir='ltr'>omnia</span> <span class='ocrx_word' id='word_1_494' title='bbox 666 4524 768 4579; x_wconf 88' lang='lat' dir='ltr'>illibata</span> <span class='ocrx_word' id='word_1_495' title='bbox 783 4531 810 4578; x_wconf 92' lang='lat' dir='ltr'>et</span> <span class='ocrx_word' id='word_1_496' title='bbox 823 4523 919 4578; x_wconf 91' lang='lat' dir='ltr'>incon-</span> <span class='ocrx_word' id='word_1_497' title='bbox 970 4526 1012 4581; x_wconf 92' lang='lat' dir='ltr'>nis</span> <span class='ocrx_word' id='word_1_498' title='bbox 1027 4527 1158 4584; x_wconf 71' lang='lat' dir='ltr'>Ecclesiae</span> <span class='ocrx_word' id='word_1_499' title='bbox 1177 4537 1229 4584; x_wconf 72' lang='lat' dir='ltr'>tuae</span> <span class='ocrx_word' id='word_1_500' title='bbox 1252 4544 1423 4597; x_wconf 89' lang='lat' dir='ltr'>concessum,</span> <span class='ocrx_word' id='word_1_501' title='bbox 1449 4538 1531 4602; x_wconf 88' lang='lat' dir='ltr'>atque</span> <span class='ocrx_word' id='word_1_502' title='bbox 1552 4535 1696 4605; x_wconf 67' lang='lat' dir='ltr'>praeceptis</span> <span class='ocrx_word' id='word_1_503' title='bbox 1717 4533 1766 4588; x_wconf 87' lang='lat' dir='ltr'>sois</span> 
     </span>
     <span class='ocr_line' id='line_1_43' title="bbox 117 4610 1764 4693; baseline 0.002 -20"><span class='ocrx_word' id='word_1_504' title='bbox 117 4619 195 4674; x_wconf 89' lang='lat' dir='ltr'>vulsa</span> <span class='ocrx_word' id='word_1_505' title='bbox 223 4626 325 4673; x_wconf 85' lang='lat' dir='ltr'>nostrae</span> <span class='ocrx_word' id='word_1_506' title='bbox 351 4615 518 4671; x_wconf 86' lang='lat' dir='ltr'>auctoritatis</span> <span class='ocrx_word' id='word_1_507' title='bbox 546 4613 690 4685; x_wconf 77' lang='lat' dir='ltr'>privilegio</span> <span class='ocrx_word' id='word_1_508' title='bbox 718 4610 918 4667; x_wconf 84' lang='lat' dir='ltr'>confirmamus.</span> <span class='ocrx_word' id='word_1_509' title='bbox 970 4614 1106 4671; x_wconf 84' lang='lat' dir='ltr'>firmatum</span> <span class='ocrx_word' id='word_1_510' title='bbox 1122 4633 1183 4672; x_wconf 87' lang='lat' dir='ltr'>esse</span> <span class='ocrx_word' id='word_1_511' title='bbox 1198 4633 1231 4672; x_wconf 93' lang='lat' dir='ltr'>eo</span> <span class='ocrx_word' id='word_1_512' title='bbox 1245 4617 1371 4673; x_wconf 86' lang='lat' dir='ltr'>videlicet</span> <span class='ocrx_word' id='word_1_513' title='bbox 1393 4618 1487 4673; x_wconf 89' lang='lat' dir='ltr'>ordine</span> <span class='ocrx_word' id='word_1_514' title='bbox 1511 4636 1560 4675; x_wconf 91' lang='lat' dir='ltr'>seu</span> <span class='ocrx_word' id='word_1_515' title='bbox 1585 4629 1682 4679; x_wconf 87' lang='lat' dir='ltr'>tenore</span> <span class='ocrx_word' id='word_1_516' title='bbox 1702 4619 1764 4693; x_wconf 86' lang='lat' dir='ltr'>quod</span> 
     </span>
     <span class='ocr_line' id='line_1_44' title="bbox 118 4698 1765 4779; baseline 0.002 -18"><span class='ocrx_word' id='word_1_517' title='bbox 118 4707 221 4762; x_wconf 88' lang='lat' dir='ltr'>Damus</span> <span class='ocrx_word' id='word_1_518' title='bbox 236 4706 318 4761; x_wconf 88' lang='lat' dir='ltr'>etiarn</span> <span class='ocrx_word' id='word_1_519' title='bbox 334 4704 481 4769; x_wconf 81' lang='lat' dir='ltr'>licentiam,</span> <span class='ocrx_word' id='word_1_520' title='bbox 498 4711 610 4774; x_wconf 90' lang='lat' dir='ltr'>propter</span> <span class='ocrx_word' id='word_1_521' title='bbox 624 4701 841 4772; x_wconf 89' lang='lat' dir='ltr'>persecutionem</span> <span class='ocrx_word' id='word_1_522' title='bbox 856 4698 919 4754; x_wconf 84' lang='lat' dir='ltr'>inlr-</span> <span class='ocrx_word' id='word_1_523' title='bbox 970 4722 1080 4777; x_wconf 81' lang='lat' dir='ltr'>semper</span> <span class='ocrx_word' id='word_1_524' title='bbox 1095 4706 1122 4761; x_wconf 92' lang='lat' dir='ltr'>in</span> <span class='ocrx_word' id='word_1_525' title='bbox 1137 4707 1234 4761; x_wconf 89' lang='lat' dir='ltr'>eodem</span> <span class='ocrx_word' id='word_1_526' title='bbox 1249 4706 1375 4762; x_wconf 87' lang='lat' dir='ltr'>coenobio</span> <span class='ocrx_word' id='word_1_527' title='bbox 1389 4705 1527 4779; x_wconf 87' lang='lat' dir='ltr'>regularis</span> <span class='ocrx_word' id='word_1_528' title='bbox 1546 4708 1680 4766; x_wconf 90' lang='lat' dir='ltr'>institutio</span> <span class='ocrx_word' id='word_1_529' title='bbox 1692 4709 1765 4765; x_wconf 85' lang='lat' dir='ltr'>disei-</span> 
     </span>
     <span class='ocr_line' id='line_1_45' title="bbox 118 4789 1767 4868; baseline 0 -18"><span class='ocrx_word' id='word_1_530' title='bbox 118 4794 220 4851; x_wconf 90' lang='lat' dir='ltr'>deliom</span> <span class='ocrx_word' id='word_1_531' title='bbox 249 4793 480 4849; x_wconf 78' lang='lat' dir='ltr'>christianitatem</span> <span class='ocrx_word' id='word_1_532' title='bbox 508 4791 717 4852; x_wconf 90' lang='lat' dir='ltr'>devastantium,</span> <span class='ocrx_word' id='word_1_533' title='bbox 744 4789 919 4844; x_wconf 89' lang='lat' dir='ltr'>munitionem</span> <span class='ocrx_word' id='word_1_534' title='bbox 969 4795 1134 4868; x_wconf 86' lang='lat' dir='ltr'>plinabiliter</span> <span class='ocrx_word' id='word_1_535' title='bbox 1144 4795 1344 4861; x_wconf 88' lang='lat' dir='ltr'>observaretur,</span> <span class='ocrx_word' id='word_1_536' title='bbox 1357 4794 1433 4850; x_wconf 88' lang='lat' dir='ltr'>salvo</span> <span class='ocrx_word' id='word_1_537' title='bbox 1441 4796 1503 4865; x_wconf 87' lang='lat' dir='ltr'>juro</span> <span class='ocrx_word' id='word_1_538' title='bbox 1518 4812 1713 4855; x_wconf 87' lang='lat' dir='ltr'>concessarum</span> <span class='ocrx_word' id='word_1_539' title='bbox 1723 4797 1767 4852; x_wconf 92' lang='lat' dir='ltr'>sibi</span> 
     </span>
     <span class='ocr_line' id='line_1_46' title="bbox 118 4877 1765 4958; baseline 0.003 -21"><span class='ocrx_word' id='word_1_540' title='bbox 118 4883 155 4938; x_wconf 93' lang='lat' dir='ltr'>ibi</span> <span class='ocrx_word' id='word_1_541' title='bbox 170 4882 239 4939; x_wconf 82' lang='lat' dir='ltr'>heri.</span> <span class='ocrx_word' id='word_1_542' title='bbox 265 4882 459 4938; x_wconf 88' lang='lat' dir='ltr'>Constituimus</span> <span class='ocrx_word' id='word_1_543' title='bbox 482 4880 535 4936; x_wconf 88' lang='lat' dir='ltr'>alie</span> <span class='ocrx_word' id='word_1_544' title='bbox 560 4880 719 4936; x_wconf 86' lang='lat' dir='ltr'>auctoritaie</span> <span class='ocrx_word' id='word_1_545' title='bbox 742 4878 814 4933; x_wconf 86' lang='lat' dir='ltr'>beati</span> <span class='ocrx_word' id='word_1_546' title='bbox 838 4877 918 4943; x_wconf 85' lang='lat' dir='ltr'>Petri,</span> <span class='ocrx_word' id='word_1_547' title='bbox 971 4900 1062 4940; x_wconf 76' lang='lat' dir='ltr'>rerum</span> <span class='ocrx_word' id='word_1_548' title='bbox 1076 4884 1103 4939; x_wconf 88' lang='lat' dir='ltr'>in</span> <span class='ocrx_word' id='word_1_549' title='bbox 1119 4900 1185 4938; x_wconf 87' lang='lat' dir='ltr'>usus</span> <span class='ocrx_word' id='word_1_550' title='bbox 1199 4883 1336 4955; x_wconf 92' lang='lat' dir='ltr'>proprios.</span> <span class='ocrx_word' id='word_1_551' title='bbox 1353 4885 1392 4939; x_wconf 85' lang='lat' dir='ltr'>Tu</span> <span class='ocrx_word' id='word_1_552' title='bbox 1407 4899 1473 4940; x_wconf 86' lang='lat' dir='ltr'>vero</span> <span class='ocrx_word' id='word_1_553' title='bbox 1486 4900 1653 4955; x_wconf 71' lang='lat' dir='ltr'>praecavens</span> <span class='ocrx_word' id='word_1_554' title='bbox 1667 4906 1700 4944; x_wconf 84' lang='lat' dir='ltr'>ne</span> <span class='ocrx_word' id='word_1_555' title='bbox 1713 4893 1765 4958; x_wconf 79' lang='lat' dir='ltr'>post</span> 
     </span>
     <span class='ocr_line' id='line_1_47' title="bbox 118 4967 1762 5044; baseline -0.002 -16"><span class='ocrx_word' id='word_1_556' title='bbox 118 4981 147 5029; x_wconf 90' lang='lat' dir='ltr'>ui</span> <span class='ocrx_word' id='word_1_557' title='bbox 161 4971 251 5027; x_wconf 92' lang='lat' dir='ltr'>nullus</span> <span class='ocrx_word' id='word_1_558' title='bbox 267 4987 372 5044; x_wconf 89' lang='lat' dir='ltr'>regum,</span> <span class='ocrx_word' id='word_1_559' title='bbox 389 4986 470 5026; x_wconf 91' lang='lat' dir='ltr'>nemo</span> <span class='ocrx_word' id='word_1_560' title='bbox 485 4970 641 5033; x_wconf 85' lang='lat' dir='ltr'>antistitum,</span> <span class='ocrx_word' id='word_1_561' title='bbox 659 4967 701 5023; x_wconf 89' lang='lat' dir='ltr'>vel</span> <span class='ocrx_word' id='word_1_562' title='bbox 716 4967 854 5031; x_wconf 83' lang='lat' dir='ltr'>abbatum,</span> <span class='ocrx_word' id='word_1_563' title='bbox 871 4982 920 5021; x_wconf 91' lang='lat' dir='ltr'>seu</span> <span class='ocrx_word' id='word_1_564' title='bbox 969 4973 1121 5029; x_wconf 75' lang='lat' dir='ltr'>discessum</span> <span class='ocrx_word' id='word_1_565' title='bbox 1141 4981 1215 5027; x_wconf 83' lang='lat' dir='ltr'>tuum</span> <span class='ocrx_word' id='word_1_566' title='bbox 1240 4971 1352 5044; x_wconf 84' lang='lat' dir='ltr'>quilibet</span> <span class='ocrx_word' id='word_1_567' title='bbox 1376 4988 1570 5028; x_wconf 85' lang='lat' dir='ltr'>successorum</span> <span class='ocrx_word' id='word_1_568' title='bbox 1595 4984 1711 5043; x_wconf 79' lang='lat' dir='ltr'>tuorum,</span> <span class='ocrx_word' id='word_1_569' title='bbox 1726 4981 1762 5028; x_wconf 87' lang='lat' dir='ltr'>aut</span> 
     </span>
     <span class='ocr_line' id='line_1_48' title="bbox 119 5053 1762 5134; baseline 0.001 -22"><span class='ocrx_word' id='word_1_570' title='bbox 119 5062 232 5134; x_wconf 82' lang='lat' dir='ltr'>quilibet</span> <span class='ocrx_word' id='word_1_571' title='bbox 247 5076 297 5116; x_wconf 90' lang='lat' dir='ltr'>sua</span> <span class='ocrx_word' id='word_1_572' title='bbox 311 5059 440 5131; x_wconf 81' lang='lat' dir='ltr'>praeditus</span> <span class='ocrx_word' id='word_1_573' title='bbox 456 5059 595 5129; x_wconf 88' lang='lat' dir='ltr'>dignitate,</span> <span class='ocrx_word' id='word_1_574' title='bbox 615 5058 648 5112; x_wconf 88' lang='lat' dir='ltr'>de</span> <span class='ocrx_word' id='word_1_575' title='bbox 664 5057 697 5111; x_wconf 89' lang='lat' dir='ltr'>iis</span> <span class='ocrx_word' id='word_1_576' title='bbox 711 5072 772 5128; x_wconf 85' lang='lat' dir='ltr'>quae</span> <span class='ocrx_word' id='word_1_577' title='bbox 786 5055 813 5109; x_wconf 91' lang='lat' dir='ltr'>in</span> <span class='ocrx_word' id='word_1_578' title='bbox 828 5053 920 5125; x_wconf 83' lang='lat' dir='ltr'>praell-</span> <span class='ocrx_word' id='word_1_579' title='bbox 969 5061 1023 5117; x_wconf 89' lang='lat' dir='ltr'>alia</span> <span class='ocrx_word' id='word_1_580' title='bbox 1048 5059 1187 5116; x_wconf 79' lang='lat' dir='ltr'>saecularis</span> <span class='ocrx_word' id='word_1_581' title='bbox 1212 5068 1331 5131; x_wconf 84' lang='lat' dir='ltr'>potestas</span> <span class='ocrx_word' id='word_1_582' title='bbox 1354 5077 1370 5114; x_wconf 92' lang='lat' dir='ltr'>a</span> <span class='ocrx_word' id='word_1_583' title='bbox 1393 5060 1504 5131; x_wconf 91' lang='lat' dir='ltr'>proprio</span> <span class='ocrx_word' id='word_1_584' title='bbox 1533 5071 1605 5118; x_wconf 90' lang='lat' dir='ltr'>statu</span> <span class='ocrx_word' id='word_1_585' title='bbox 1631 5073 1657 5120; x_wconf 90' lang='lat' dir='ltr'>et</span> <span class='ocrx_word' id='word_1_586' title='bbox 1679 5064 1762 5119; x_wconf 87' lang='lat' dir='ltr'>ordine</span> 
     </span>
     <span class='ocr_line' id='line_1_49' title="bbox 118 5142 1761 5233; baseline -0.003 -26"><span class='ocrx_word' id='word_1_587' title='bbox 118 5152 188 5208; x_wconf 89' lang='lat' dir='ltr'>batis</span> <span class='ocrx_word' id='word_1_588' title='bbox 202 5149 346 5223; x_wconf 77' lang='lat' dir='ltr'>preceptis</span> <span class='ocrx_word' id='word_1_589' title='bbox 361 5148 543 5212; x_wconf 75' lang='lat' dir='ltr'>continentur,</span> <span class='ocrx_word' id='word_1_590' title='bbox 561 5147 603 5202; x_wconf 77' lang='lat' dir='ltr'>vel</span> <span class='ocrx_word' id='word_1_591' title='bbox 618 5146 645 5201; x_wconf 79' lang='lat' dir='ltr'>in</span> <span class='ocrx_word' id='word_1_592' title='bbox 660 5145 750 5201; x_wconf 65' lang='lat' dir='ltr'>sulum</span> <span class='ocrx_word' id='word_1_593' title='bbox 765 5145 799 5198; x_wconf 79' lang='lat' dir='ltr'>ab</span> <span class='ocrx_word' id='word_1_594' title='bbox 814 5142 919 5208; x_wconf 66' lang='lat' dir='ltr'>01⁵‚i&#39;el</span> <span class='ocrx_word' id='word_1_595' title='bbox 933 5150 1045 5233; x_wconf 77' lang='lat' dir='ltr'>Didem</span> <span class='ocrx_word' id='word_1_596' title='bbox 1061 5148 1215 5205; x_wconf 85' lang='lat' dir='ltr'>coenobium</span> <span class='ocrx_word' id='word_1_597' title='bbox 1239 5149 1395 5205; x_wconf 86' lang='lat' dir='ltr'>subvertere</span> <span class='ocrx_word' id='word_1_598' title='bbox 1410 5149 1506 5219; x_wconf 82' lang='lat' dir='ltr'>possit,</span> <span class='ocrx_word' id='word_1_599' title='bbox 1523 5167 1569 5206; x_wconf 90' lang='lat' dir='ltr'>res</span> <span class='ocrx_word' id='word_1_600' title='bbox 1590 5161 1636 5207; x_wconf 87' lang='lat' dir='ltr'>aut</span> <span class='ocrx_word' id='word_1_601' title='bbox 1660 5152 1761 5208; x_wconf 80' lang='lat' dir='ltr'>familias</span> 
     </span>
     <span class='ocr_line' id='line_1_50' title="bbox 119 5230 1761 5311; baseline -0.002 -17"><span class='ocrx_word' id='word_1_602' title='bbox 119 5256 134 5295; x_wconf 87' lang='lat' dir='ltr'>a</span> <span class='ocrx_word' id='word_1_603' title='bbox 151 5240 312 5311; x_wconf 89' lang='lat' dir='ltr'>quibuslibet</span> <span class='ocrx_word' id='word_1_604' title='bbox 326 5240 360 5295; x_wconf 90' lang='lat' dir='ltr'>de</span> <span class='ocrx_word' id='word_1_605' title='bbox 375 5236 487 5309; x_wconf 87' lang='lat' dir='ltr'>proprio</span> <span class='ocrx_word' id='word_1_606' title='bbox 510 5234 607 5290; x_wconf 88' lang='lat' dir='ltr'>luerint</span> <span class='ocrx_word' id='word_1_607' title='bbox 621 5235 663 5287; x_wconf 83' lang='lat' dir='ltr'>liis</span> <span class='ocrx_word' id='word_1_608' title='bbox 678 5232 842 5304; x_wconf 89' lang='lat' dir='ltr'>specialibus</span> <span class='ocrx_word' id='word_1_609' title='bbox 864 5230 919 5285; x_wconf 92' lang='lat' dir='ltr'>usi·</span> <span class='ocrx_word' id='word_1_610' title='bbox 970 5239 1071 5293; x_wconf 91' lang='lat' dir='ltr'>ibidem</span> <span class='ocrx_word' id='word_1_611' title='bbox 1096 5238 1289 5304; x_wconf 86' lang='lat' dir='ltr'>subvertendo,</span> <span class='ocrx_word' id='word_1_612' title='bbox 1306 5237 1348 5292; x_wconf 88' lang='lat' dir='ltr'>vel</span> <span class='ocrx_word' id='word_1_613' title='bbox 1364 5237 1530 5306; x_wconf 89' lang='lat' dir='ltr'>invadendo,</span> <span class='ocrx_word' id='word_1_614' title='bbox 1547 5241 1639 5310; x_wconf 89' lang='lat' dir='ltr'>petisti</span> <span class='ocrx_word' id='word_1_615' title='bbox 1661 5240 1761 5295; x_wconf 78' lang='lat' dir='ltr'>fideliter</span> 
     </span>
     <span class='ocr_line' id='line_1_51' title="bbox 119 5319 1760 5400; baseline 0.002 -19"><span class='ocrx_word' id='word_1_616' title='bbox 119 5328 170 5381; x_wconf 88' lang='lat' dir='ltr'>bus</span> <span class='ocrx_word' id='word_1_617' title='bbox 182 5328 243 5394; x_wconf 84' lang='lat' dir='ltr'>jure</span> <span class='ocrx_word' id='word_1_618' title='bbox 258 5328 364 5394; x_wconf 86' lang='lat' dir='ltr'>collata,</span> <span class='ocrx_word' id='word_1_619' title='bbox 381 5326 432 5381; x_wconf 93' lang='lat' dir='ltr'>sub</span> <span class='ocrx_word' id='word_1_620' title='bbox 443 5323 586 5394; x_wconf 89' lang='lat' dir='ltr'>cujuslibet</span> <span class='ocrx_word' id='word_1_621' title='bbox 600 5339 688 5378; x_wconf 86' lang='lat' dir='ltr'>cnusae</span> <span class='ocrx_word' id='word_1_622' title='bbox 702 5321 847 5377; x_wconf 89' lang='lat' dir='ltr'>occasione</span> <span class='ocrx_word' id='word_1_623' title='bbox 862 5319 919 5375; x_wconf 88' lang='lat' dir='ltr'>sive</span> <span class='ocrx_word' id='word_1_624' title='bbox 970 5327 1131 5383; x_wconf 80' lang='lat' dir='ltr'>auctoritate</span> <span class='ocrx_word' id='word_1_625' title='bbox 1156 5325 1229 5381; x_wconf 90' lang='lat' dir='ltr'>sedis</span> <span class='ocrx_word' id='word_1_626' title='bbox 1253 5325 1418 5397; x_wconf 84' lang='lat' dir='ltr'>apostolicae,</span> <span class='ocrx_word' id='word_1_627' title='bbox 1436 5335 1462 5381; x_wconf 90' lang='lat' dir='ltr'>et</span> <span class='ocrx_word' id='word_1_628' title='bbox 1478 5327 1626 5400; x_wconf 87' lang='lat' dir='ltr'>privilegio</span> <span class='ocrx_word' id='word_1_629' title='bbox 1649 5347 1688 5394; x_wconf 91' lang='lat' dir='ltr'>ea,</span> <span class='ocrx_word' id='word_1_630' title='bbox 1711 5342 1760 5397; x_wconf 80' lang='lat' dir='ltr'>quae</span> 
     </span>
     <span class='ocr_line' id='line_1_52' title="bbox 121 5406 1759 5485; baseline -0.003 -18"><span class='ocrx_word' id='word_1_631' title='bbox 121 5414 222 5484; x_wconf 87' lang='lat' dir='ltr'>specie,</span> <span class='ocrx_word' id='word_1_632' title='bbox 239 5414 386 5484; x_wconf 89' lang='lat' dir='ltr'>quidquam</span> <span class='ocrx_word' id='word_1_633' title='bbox 395 5415 517 5469; x_wconf 86' lang='lat' dir='ltr'>minuere</span> <span class='ocrx_word' id='word_1_634' title='bbox 528 5412 570 5467; x_wconf 89' lang='lat' dir='ltr'>vel</span> <span class='ocrx_word' id='word_1_635' title='bbox 581 5410 699 5475; x_wconf 74' lang='lat' dir='ltr'>auterre,</span> <span class='ocrx_word' id='word_1_636' title='bbox 712 5410 756 5465; x_wconf 89' lang='lat' dir='ltr'>vel</span> <span class='ocrx_word' id='word_1_637' title='bbox 767 5409 827 5463; x_wconf 87' lang='lat' dir='ltr'>aliis</span> <span class='ocrx_word' id='word_1_638' title='bbox 843 5406 920 5480; x_wconf 91' lang='lat' dir='ltr'>quasi</span> <span class='ocrx_word' id='word_1_639' title='bbox 970 5417 1004 5471; x_wconf 72' lang='lat' dir='ltr'>ud</span> <span class='ocrx_word' id='word_1_640' title='bbox 1026 5432 1092 5470; x_wconf 75' lang='lat' dir='ltr'>usus</span> <span class='ocrx_word' id='word_1_641' title='bbox 1117 5415 1322 5476; x_wconf 71' lang='lat' dir='ltr'>monachorum,</span> <span class='ocrx_word' id='word_1_642' title='bbox 1347 5430 1379 5470; x_wconf 75' lang='lat' dir='ltr'>uu</span> <span class='ocrx_word' id='word_1_643' title='bbox 1403 5414 1485 5469; x_wconf 80' lang='lat' dir='ltr'>tatius</span> <span class='ocrx_word' id='word_1_644' title='bbox 1509 5416 1635 5485; x_wconf 69' lang='lat' dir='ltr'>ejusdum</span> <span class='ocrx_word' id='word_1_645' title='bbox 1658 5410 1759 5473; x_wconf 62' lang='lat' dir='ltr'>eunapii</span> 
     </span>
     <span class='ocr_line' id='line_1_53' title="bbox 120 5499 1758 5576; baseline 0.001 -20"><span class='ocrx_word' id='word_1_646' title='bbox 120 5502 172 5574; x_wconf 87' lang='lat' dir='ltr'>piis</span> <span class='ocrx_word' id='word_1_647' title='bbox 186 5500 276 5558; x_wconf 74' lang='lat' dir='ltr'>musis</span> <span class='ocrx_word' id='word_1_648' title='bbox 290 5518 340 5572; x_wconf 93' lang='lat' dir='ltr'>pro</span> <span class='ocrx_word' id='word_1_649' title='bbox 355 5518 412 5558; x_wconf 81' lang='lat' dir='ltr'>suae</span> <span class='ocrx_word' id='word_1_650' title='bbox 431 5501 552 5576; x_wconf 73' lang='lat' dir='ltr'>avaritia</span> <span class='ocrx_word' id='word_1_651' title='bbox 575 5499 751 5556; x_wconf 83' lang='lat' dir='ltr'>excusatione</span> <span class='ocrx_word' id='word_1_652' title='bbox 773 5502 921 5569; x_wconf 65' lang='lat' dir='ltr'>praesumal</span> <span class='ocrx_word' id='word_1_653' title='bbox 971 5504 1113 5559; x_wconf 88' lang='lat' dir='ltr'>utilitatem</span> <span class='ocrx_word' id='word_1_654' title='bbox 1149 5503 1253 5560; x_wconf 89' lang='lat' dir='ltr'>cunctis</span> <span class='ocrx_word' id='word_1_655' title='bbox 1276 5503 1518 5574; x_wconf 87' lang='lat' dir='ltr'>possessionibus,</span> <span class='ocrx_word' id='word_1_656' title='bbox 1542 5520 1574 5561; x_wconf 87' lang='lat' dir='ltr'>ac</span> <span class='ocrx_word' id='word_1_657' title='bbox 1596 5504 1758 5564; x_wconf 81' lang='lat' dir='ltr'>recordanda</span> 
     </span>
    </p>
   </div>
   <div class='ocr_carea' id='block_1_9' title="bbox 119 5591 1758 5671">
    <p class='ocr_par' dir='ltr' id='par_1_10' title="bbox 119 5591 1758 5671">
     <span class='ocr_line' id='line_1_54' title="bbox 119 5591 1758 5671; baseline -0.003 -15"><span class='ocrx_word' id='word_1_658' title='bbox 119 5597 285 5656; x_wconf 70' lang='lat' dir='ltr'>mecedem.</span> <span class='ocrx_word' id='word_1_659' title='bbox 308 5597 363 5654; x_wconf 87' lang='lat' dir='ltr'>Sed</span> <span class='ocrx_word' id='word_1_660' title='bbox 386 5606 492 5665; x_wconf 76' lang='lat' dir='ltr'>cunam,</span> <span class='ocrx_word' id='word_1_661' title='bbox 516 5614 577 5671; x_wconf 81' lang='lat' dir='ltr'>quae</span> <span class='ocrx_word' id='word_1_662' title='bbox 601 5597 697 5653; x_wconf 88' lang='lat' dir='ltr'>usibus</span> <span class='ocrx_word' id='word_1_663' title='bbox 710 5595 923 5660; x_wconf 85' lang='lat' dir='ltr'>monachorum,</span> <span class='ocrx_word' id='word_1_664' title='bbox 972 5593 1112 5651; x_wconf 75' lang='lat' dir='ltr'>memoriae</span> <span class='ocrx_word' id='word_1_665' title='bbox 1133 5591 1257 5664; x_wconf 87' lang='lat' dir='ltr'>piissimo</span> <span class='ocrx_word' id='word_1_666' title='bbox 1281 5591 1418 5651; x_wconf 89' lang='lat' dir='ltr'>Ludovico</span> <span class='ocrx_word' id='word_1_667' title='bbox 1432 5593 1574 5665; x_wconf 82' lang='lat' dir='ltr'>quondam</span> <span class='ocrx_word' id='word_1_668' title='bbox 1588 5598 1707 5670; x_wconf 76' lang='lat' dir='ltr'>Augusto</span> <span class='ocrx_word' id='word_1_669' title='bbox 1718 5607 1758 5664; x_wconf 81' lang='lat' dir='ltr'>per</span> 
     </span>
    </p>
   </div>
   <div class='ocr_carea' id='block_1_10' title="bbox 0 0 1902 6103">
    <p class='ocr_par' dir='ltr' id='par_1_11' title="bbox 0 0 1902 6103">
     <span class='ocr_line' id='line_1_55' title="bbox 0 0 1902 6103; baseline 0 0"><span class='ocrx_word' id='word_1_670' title='bbox 0 0 1902 6103; x_wconf 95' lang='lat' dir='ltr'> </span> 
     </span>
    </p>
   </div>
  </div>
 </body>
</html>
