3794 6104
141 236 195 291 tlt
645 230 816 291 HINCMARI
830 225 1031 288 afldtmdsls
1045 228 1322 288 AECHIEPISCOPI.
1744 239 1796 292 lib

141 358 274 417 derelicto
288 372 379 415 amore
394 357 536 432 sapientia
550 357 680 425 coelestis,
693 373 753 429 quae
762 356 827 413 dicit
839 374 846 411 ε
857 355 979 428 repexa
993 362 1109 412 mortem
1124 357 1249 429 corporis
1264 357 1328 425 mei,
1344 357 1372 413 in
1384 357 1497 416 dioecesi
1513 359 1696 417 Rhomensiin
1707 362 1798 434 mado

142 466 221 507 oreos
236 449 376 507 custodite
390 448 489 522 (levit.
515 462 585 502 xvrn
607 452 636 503 et
650 447 708 518 xx),
733 446 768 501 ad
788 445 944 517 amplexum
994 445 1178 502 ecclesiastico
1192 446 1282 502 valeat
1296 446 1459 503 ministrare.

144 537 234 610 'potius
263 538 389 594 amicitiae
411 537 556 593 mundialis
577 552 638 591 esse
660 534 782 591 deflexos
809 535 941 606 increpat.
1030 535 1098 592 Cae.
1114 535 1163 591 IX.
1180 536 1221 590 De
1235 551 1268 591 eo
1290 536 1363 608 quod
1389 536 1549 608 scripsistis,
1571 537 1636 609 quia
1660 538 1683 593 si
1698 547 1798 597 vestrae

143 625 316 700 Quapropter
329 627 420 699 potius
435 633 573 682 merentur
587 623 870 681 excommunicatione
885 639 946 679 cor·
993 623 1136 691 voluntati,
1156 624 1349 680 ecclesiasticis
1371 625 1497 681 videlicet
1520 626 1623 698 regulis
1643 629 1794 694 contrariae,

143 716 206 788 rigi,
224 731 305 788 quam
320 715 437 787 corrupti
451 715 479 770 in
493 713 674 770 voluntatibus
695 712 752 768 suis
774 712 870 769 audiri.
890 712 944 768 Sed
993 714 1140 769 obsecutus
1154 711 1242 779 fuero,
1260 729 1308 770 eos
1322 729 1391 785 quos
1405 713 1471 769 mibi
1486 714 1628 770 chariores
1642 723 1671 771 et
1684 715 1797 772 familia-

145 803 214 861 forte
228 820 284 860 uon
299 813 341 860 est
354 805 390 859 ita
406 811 434 857 ut
458 803 536 859 vobis
559 810 600 858 est
622 803 734 858 dictum.
761 801 944 857 Dominatioui
994 802 1082 857 riores
1098 801 1294 874 cognoveritis,
1311 802 1448 857 honorare
1463 802 1491 856 in
1506 803 1633 858 omnibus
1654 805 1794 874 curabitis,

143 901 235 949 autem
249 901 345 949 vestrae
370 892 485 947 ostendo
508 891 582 963 quod
605 891 737 961 scriptum
763 898 814 957 est,
841 889 944 961 Spiritu
993 890 1178 946 tantummodo
1191 900 1217 945 ut
1233 890 1261 944 in
1275 891 1327 946 hac
1340 891 1469 961 petitione
1484 899 1574 947 vestra
1588 891 1668 949 vobis
1676 909 1795 950 consen·

141 989 236 1039 sancto
250 981 379 1047 dictante,
396 981 424 1035 in
439 980 563 1036 Decretis
577 979 734 1050 apostolicae
749 978 823 1034 sedis
840 996 847 1033 :
864 977 944 1048 Quod
993 980 1067 1049 tiam,
1085 995 1140 1034 non
1154 979 1233 1046 meis,
1250 979 1298 1036 sed
1318 995 1459 1037 sacrorum
1483 996 1620 1036 canonum
1642 982 1737 1038 verbis
1752 1000 1795 1040 re·

142 1071 166 1126 si
182 1077 209 1127 et
223 1086 318 1126 omnes
333 1070 499 1136 sacerdotes,
516 1078 543 1124 et
556 1068 673 1123 mundus
686 1069 786 1123 erroris
801 1068 941 1133 assentiat,
993 1069 1125 1139 spondeo,
1148 1069 1211 1139 quia
1233 1069 1381 1125 secundum
1411 1070 1522 1125 eosdem
1548 1086 1643 1126 sacros
1664 1087 1794 1140 canones,

54 1173 58 1188 ¹
141 1158 279 1215 damnatio
293 1158 497 1215 consentientes
512 1156 634 1226 involvit,
644 1173 698 1213 nou
709 1155 942 1227 praevaricationis
992 1173 1043 1228 pro
1067 1157 1260 1230 indigentibus,
1286 1158 1401 1212 etmihi
1424 1159 1585 1228 conjunctis,
1603 1167 1629 1214 et
1644 1176 1696 1231 pro
1722 1160 1793 1227 aliis,

140 1246 343 1303 damnationem
357 1262 509 1304 consensus
524 1245 651 1301 absolvit.
668 1246 730 1301 Non
745 1246 818 1300 enim
838 1245 943 1300 crimen
993 1245 1062 1302 sicut
1085 1246 1255 1317 praecipiunt,
1280 1246 1316 1301 ad
1339 1246 1432 1301 salutis
1455 1256 1553 1302 vestrae
1574 1257 1754 1321 augmentum
1770 1259 1796 1305 et

139 1336 282 1402 minuitur,
299 1336 348 1391 sed
363 1335 506 1404 accrescit,
523 1351 586 1390 cum
599 1333 729 1407 generale
739 1333 768 1387 ft
779 1350 812 1389 ex
823 1333 940 1404 privato.
991 1334 1133 1406 potestatis
1162 1335 1305 1404 honorem,
1336 1336 1437 1406 regiam
1477 1344 1638 1406 potestatem
1676 1347 1793 1394 vestram

138 1427 197 1481 Hoc
218 1425 291 1480 enim
306 1425 380 1479 Deus
403 1423 543 1492 indicavit,
567 1423 613 1495 qui
637 1422 769 1477 mundum
783 1430 942 1494 peccantem
993 1423 1167 1494 petitionibus
1183 1422 1257 1477 adire
1280 1423 1390 1490 curabo,
1417 1425 1536 1494 quandiu
1558 1426 1693 1481 Dominus
1707 1443 1753 1482 me
1767 1428 1793 1482 iu

141 1513 264 1587 generali
278 1512 379 1569 diluvio
394 1511 541 1568 interemit.
992 1527 1108 1582 corpore
1133 1512 1234 1566 morari
1256 1512 1425 1583 praeeeperit.
1451 1513 1562 1583 Verum,
1586 1515 1658 1569 sicut
1682 1524 1793 1572 sauctus

178 1603 244 1658 Cae.
263 1603 318 1656 Vll.
336 1601 415 1672 Quod
425 1601 581 1672 seripsistis,
593 1609 623 1655 ut
633 1600 821 1670 sicutsempor
830 1600 943 1673 regibus
992 1600 1166 1656 innocentius
1188 1617 1256 1671 papa
1279 1601 1343 1656 dicit
1367 1620 1373 1655 :
1399 1601 1532 1657 Sollicitos
1553 1619 1602 1658 vos
1625 1619 1677 1674 pro
1707 1604 1792 1661 salute

141 1691 393 1764 praedecessoribus
408 1691 508 1746 vestris
523 1690 551 1744 in
566 1689 639 1745 omni
654 1689 768 1744 utilitate
783 1689 863 1762 regni
878 1705 978 1779 pro-B
992 1689 1109 1745 libenter
1124 1689 1222 1754 audio;
1239 1698 1332 1745 eontra
1349 1699 1427 1760 caput
1440 1699 1530 1745 autem
1545 1708 1600 1747 non
1615 1692 1733 1748 libenter
1746 1695 1793 1748 ad-

141 1779 228 1836 ficuus
250 1787 276 1835 et
297 1780 413 1835 devotus
436 1779 483 1845 fui,
508 1779 545 1834 ita
570 1779 648 1834 vobis
673 1777 761 1832 fidelis
786 1786 813 1832 et
826 1778 941 1833 devotus
993 1779 1079 1833 mitto.
1095 1779 1130 1832 Et
1145 1785 1254 1833 sanctus
1268 1778 1419 1849 Gregorius
1441 1795 1580 1850 exponens
1596 1783 1683 1851 (from.
1700 1784 1745 1848 37,
1759 1784 1792 1838 ia

141 1869 266 1925 existam.
293 1868 372 1936 Quod
392 1876 416 1923 et
439 1869 571 1923 hactonus
593 1867 737 1923 observavi
752 1874 779 1922 et
793 1867 941 1922 observare
992 1867 1111 1939 Evoop.)
1127 1867 1288 1922 sententiam
1302 1868 1444 1941 Evangelii
1460 1888 1467 1922 :
1483 1870 1513 1924 Si
1527 1872 1590 1942 pois
1601 1873 1680 1927 evenit
1690 1872 1789 1939 adme,

138 1957 228 2029 cupio.
246 1958 300 2013 Vos
320 1966 410 2012 autem
432 1966 532 2012 sauctae
554 1956 695 2024 Ecclesiae,
712 1963 737 2010 et
752 1955 812 2024 ejus
824 1954 941 2010 rectori·
992 1961 1020 2012 et
1034 1974 1091 2012 aon·
1107 1957 1290 2028 oditpotrem
1304 1961 1575 2027 castrametandum,
1587 1964 1790 2031 clusoremct

140 2047 202 2113 bus
218 2053 299 2118 atque
315 2047 381 2100 mihi
396 2053 502 2101 servate
517 2046 590 2117 quod
601 2045 640 2099 illi
651 2053 882 2101 conservaverunt
895 2063 901 2112 ;
915 2052 942 2099 et
991 2045 1075 2115 filios,
1085 2049 1112 2101 et
1120 2048 1236 2116 fratrae,
1247 2050 1274 2100 ct
1282 2062 1398 2111 sororee,
1411 2047 1502 2102 adbuc
1510 2052 1608 2102 obtem
1617 2053 1647 2103 ct
1662 2051 1790 2105 ociorem

138 2150 189 2207 pro
205 2135 357 2191 devotionis
373 2133 510 2201 fidelitate,
527 2150 610 2207 quam
624 2134 702 2189 vobis
717 2149 779 2189 cum
794 2132 900 2188 caeteris
914 2131 942 2187 fr·
993 2150 1085 2199 sonat,
1101 2151 1157 2189 non
1172 2139 1266 2206 potest
1278 2151 1357 2190 rueras
1373 2151 1433 2190 csse
1456 2137 1612 2207 discipulus
1633 2137 1714 2207 (Lac.
1731 2154 1789 2204 xvv,

138 2223 245 2280 delibus
260 2224 359 2279 vestris
374 2224 401 2278 in
417 2223 549 2279 electione
565 2231 666 2290 vestra,
689 2238 744 2277 non
760 2222 818 2276 siue
842 2238 942 2293 magno
991 2226 1047 2293 ab),
1064 2222 1129 2277 dicit
1145 2240 1151 2276 :
1170 2243 1181 2273 a
1200 2222 1334 2290 Quoniam
1356 2224 1479 2295 quisquis
1501 2225 1558 2293 jam
1573 2233 1677 2281 aeterna
1691 2241 1791 2283 concu-

144 2313 248 2378 tabore,
258 2311 291 2365 ad
301 2311 504 2383 provectionem
520 2311 673 2384 regiminis,
691 2326 745 2381 quo
753 2310 940 2378 jamnomine,
992 2311 1081 2382 piscit,
1093 2311 1120 2365 in
1131 2327 1162 2365 ea
1171 2327 1251 2382 quam
1259 2312 1418 2384 aggreditur
1427 2329 1507 2368 causa
1517 2314 1577 2380 Dei,
1590 2323 1665 2368 extra
1676 2324 1789 2385 patrem,

138 2400 185 2457 det
199 2400 331 2456 Dominus
347 2399 427 2455 etiam
443 2399 540 2456 virtute
564 2399 642 2470 potiti
664 2399 739 2465 estis,
763 2398 846 2453 nolite
861 2398 942 2453 retri·
993 2408 1070 2455 extra
1084 2409 1208 2468 matrem,
1225 2407 1302 2455 extra
1317 2418 1440 2468 uxorem,
1456 2411 1533 2457 extra
1551 2402 1632 2470 filios,
1649 2413 1727 2460 extra
1743 2421 1790 2462 eo-

139 2488 388 2545 bueremihimala
403 2504 453 2560 pro
476 2488 565 2556 bonis,
591 2488 748 2553 suadentes,
772 2503 827 2541 nou
851 2495 943 2542 tamen
992 2497 1101 2562 gnatos,
1123 2496 1196 2544 extra
1220 2490 1397 2560 semetipsum
1421 2490 1480 2545 fieri
1503 2492 1625 2558 debet‚ut
1648 2509 1682 2548 eo
1702 2495 1792 2550 verius

140 2577 285 2633 auxiliante
300 2577 428 2644 Domino,
445 2577 655 2650 persuadentes,
673 2583 701 2631 ut
716 2577 745 2630 in
759 2583 867 2632 senecta
880 2592 943 2632 mea
993 2586 1140 2650 cognoscat
1157 2580 1252 2645 Derim,
1270 2580 1364 2650 quoin
1380 2580 1438 2648 ejus
1461 2596 1542 2636 causa
1557 2581 1695 2637 neminem
1712 2599 1791 2639 reco-

140 2667 276 2724 dcclinem
291 2683 308 2722 a
322 2666 409 2723 sacris
423 2667 535 2740 regulis,
562 2666 636 2738 quod
652 2681 704 2722 nec
717 2681 768 2736 pro
784 2664 940 2736 cupiditate,
993 2667 1109 2738 gnoscit.
1129 2688 1140 2717 ι
1155 2667 1233 2722 Unde
1247 2666 1275 2721 in
1290 2667 1341 2722 hoc
1363 2668 1508 2740 episcopali
1527 2669 1679 2726 ministerio
1694 2688 1791 2727 carna-

138 2771 190 2812 ncc
203 2771 254 2828 pro
269 2770 364 2812 amore
379 2756 422 2812 vel
437 2757 535 2811 timore
555 2756 686 2812 hactenus
701 2754 763 2825 feci,
781 2762 811 2809 ut
824 2770 841 2809 a
855 2754 943 2827 gradu
992 2756 1046 2811 lem
1061 2755 1252 2827 propinquum,
1268 2772 1318 2811 nee
1332 2757 1449 2812 amicum
1464 2757 1590 2814 videlicet
1610 2759 1694 2814 animi
1710 2760 1791 2816 fami-

55 2861 58 2866 ’
113 2896 121 2919 ,
140 2844 297 2916 episcopali,
315 2861 369 2917 quo
384 2860 434 2916 per
449 2845 558 2917 triginta
573 2853 600 2899 et
611 2845 662 2900 sex
682 2859 770 2899 annos
789 2844 878 2914 gratia
893 2844 943 2899 Dei
993 2843 1097 2911 liarem,
1114 2845 1217 2899 carnali
1231 2844 1329 2900 affectu
1351 2861 1529 2918 recognosco,
1556 2847 1605 2902 sed
1629 2850 1791 2905 seutentiam

139 2948 227 3004 usque
242 2933 324 2987 modo
339 2931 448 2988 functus
463 2931 510 3002 fui,
527 2932 623 2987 merito
642 2932 777 2987 decidam.
794 2932 856 2986 Non
871 2932 944 2986 enim
994 2932 1102 2987 Domini
1110 2932 1230 2998 attendo,
1243 2932 1288 3004 qui
1299 2933 1379 2989 dieit:
1392 2934 1443 3001 Qui
1454 2951 1511 2990 uon
1522 2936 1615 2991 intrat
1622 2954 1676 3009 per
1685 2941 1792 2995 ostium

138 3020 238 3076 excidit
252 3020 318 3075 mibi
333 3035 349 3074 a
364 3028 454 3075 mente
475 3020 605 3076 sententia
630 3019 788 3085 salvatoris,
807 3020 943 3090 qua‘dici·
993 3022 1025 3075 io
1039 3022 1110 3076 ovile
1125 3023 1228 3089 oviator,
1245 3023 1292 3077 sed
1306 3023 1434 3078 aseendit
1449 3025 1575 3091 aliunde,
1592 3025 1638 3081 bic
1654 3029 1755 3097 forest
1765 3035 1793 3083 ct

139 3115 185 3163 tur
198 3126 204 3163 :
215 3109 370 3177 Quidcnim
379 3109 491 3182 proficit
500 3109 590 3179 bomo,
600 3111 625 3164 si
637 3110 765 3165 lucretur
774 3078 976 3164 rrrrfuersornC
992 3111 1064 3166 lotro
1080 3111 1171 3180 (loon.
1188 3126 1217 3175 x,
1231 3112 1267 3182 l).
1280 3113 1315 3165 Et
1325 3112 1387 3166 ideo
1401 3112 1537 3167 nominem
1554 3114 1636 3184 eligo,
1653 3117 1792 3170 neminem

139 3197 289 3264 meadum,
302 3214 330 3253 sc
346 3199 545 3270 autemipscm
552 3198 663 3270 perdat,
676 3201 704 3252 ct
714 3197 940 3253 coimerooede·
990 3214 1171 3271 recognosco,
1186 3199 1323 3255 neminem
1348 3199 1461 3272 recipio,
1479 3201 1530 3256 nisi
1546 3203 1592 3274 qui
1617 3204 1672 3259 vita
1687 3213 1715 3260 et
1730 3220 1792 3261 mo-

140 3287 310 3342 trimestrem
318 3287 492 3358 sociottoot
502 3303 586 3359 quam
601 3287 678 3342 dabit
690 3286 772 3342 bomo
784 3290 940 3343 comeretu-
990 3287 1076 3358 ribus,
1101 3297 1127 3342 et
1151 3288 1271 3345 scientiae
1292 3290 1432 3346 catholicae
1460 3291 1599 3360 doctrina,
1623 3308 1675 3363 per
1698 3295 1791 3350 clavos

142 3376 248 3431 tionem
254 3392 305 3448 pro
314 3377 471 3432 ort-imaeve
481 3376 578 3447 flios.
589 3389 629 3442 rx,
640 3377 688 3441 lfr,
701 3375 799 3430 botta.
811 3374 940 3447 xvv,25.)
990 3376 1121 3432 Ecclesiae
1135 3377 1168 3431 ad
1184 3378 1235 3434 boc
1250 3377 1405 3448 episcopale
1429 3379 1608 3434 ministerium
1631 3383 1749 3446 accedit,
1765 3393 1791 3439 et

138 3463 173 3518 Et
182 3462 252 3519 sacri
262 3478 382 3520 canones
393 3464 493 3535 Spiritu
501 3471 595 3520 sancto
605 3463 709 3520 decreti
719 3463 833 3536 (concil.
842 3463 938 3519 Carth.
990 3465 1057 3520 sciat
1078 3474 1105 3520 et
1127 3464 1208 3521 faciat
1231 3467 1303 3537 quod
1323 3482 1433 3523 sacrum
1456 3468 1635 3524 ministerium
1660 3472 1789 3542 postulat.

139 3566 169 3621 rr,
185 3567 246 3609 cau.
265 3552 309 3624 13)
326 3570 333 3607 :
350 3573 362 3604 ι
379 3552 407 3608 Si
423 3553 494 3625 quis,
509 3552 643 3625 inquiunt,
661 3561 755 3609 contra
778 3569 855 3608 suam
871 3568 939 3623 pro·
989 3555 1023 3609 Et
1034 3553 1228 3627 quoniamrron
1243 3561 1286 3611 cst
1300 3559 1373 3612 Deos
1384 3573 1573 3629 personarum
1586 3564 1727 3632 acceptor,
1744 3561 1791 3617 sed

140 3639 288 3696 sessionem
303 3639 347 3697 vel
360 3641 589 3713 subscriptionem
605 3640 710 3699 venerit
725 3641 752 3695 in
767 3641 868 3713 aliquo,
880 3641 939 3712 ipse
989 3645 1020 3699 fn
1032 3645 1211 3715 omnigenis,
1229 3647 1277 3717 qui
1288 3648 1441 3702 tiurctcam
1452 3650 1622 3720 ctoperotbr
1628 3651 1789 3720 justitiam,

138 3744 169 3785 se
183 3729 288 3785 honore
302 3729 430 3801 privabit.
444 3750 455 3779 ι
471 3731 505 3784 Ει
520 3729 543 3784 si
558 3730 636 3786 vobis
646 3745 824 3795 consensero,
836 3736 865 3783 ιιι
875 3744 941 3784 con·
990 3736 1121 3804 acceptos
1142 3737 1184 3788 cst
1205 3735 1251 3788 itti
1266 3735 1337 3801 (ιιιι.
1356 3746 1384 3801 x,
1401 3735 1457 3807 34),
1473 3735 1501 3789 in
1515 3738 1568 3792 bac
1591 3752 1674 3793 causa
1688 3739 1789 3793 nullius

138 3825 181 3873 tra
194 3817 300 3874 divinas
316 3825 342 3873 et
363 3818 497 3873 humanas
518 3819 604 3890 leges,
622 3828 648 3873 et
663 3825 758 3874 contra
781 3825 900 3873 vestram
914 3825 940 3873 et
989 3836 1136 3892 personam
1160 3821 1274 3892 accipio,
1305 3823 1374 3878 sicut
1402 3832 1512 3880 sanctus
1540 3826 1673 3895 propheta
1700 3827 1790 3882 virum

138 3921 238 3974 meam,
264 3922 356 3962 coram
379 3907 504 3979 pluribus
525 3908 553 3962 in
575 3907 679 3980 synodo
703 3905 839 3977 episcopis
860 3906 938 3962 cohi-
987 3909 1090 3978 justum
1105 3909 1265 3966 describens
1280 3911 1368 3967 dicit:
1389 3914 1440 3981 Qui
1449 3915 1560 3970 excutit
1570 3930 1674 3970 munos
1682 3918 1790 3972 soosob

37 4012 44 4023 ·
138 3994 274 4065 bentibus,
295 3994 495 4067 professionem
519 3995 633 4066 faciatis,
650 4012 694 4051 me
710 3996 833 4067 perdam,
850 4003 876 4050 et
889 4011 939 4050 vos
989 4000 1067 4054 oanni
1081 4015 1198 4054 necuere
1219 4000 1284 4071 (lca.
1300 4016 1403 4068 xxxin,
1428 4001 1482 4070 15).
1504 4002 1599 4074 Neque
1623 4003 1696 4058 enim
1722 4005 1791 4059 dixit

113 4091 194 4140 ‘non
209 4084 330 4153 salvabo,
351 4084 458 4141 dicente
477 4085 609 4156 apostolo
625 4102 632 4138 τ
648 4085 709 4140 Noc
724 4085 815 4140 solum
830 4084 878 4155 qui
890 4087 935 4154 so·
990 4093 1123 4142 tantuma
1143 4104 1266 4155 munere,
1292 4089 1341 4143 sed
1363 4089 1466 4144 addidit
1489 4091 1522 4145 ab
1546 4093 1632 4156 orarii,
1655 4091 1683 4146 id
1708 4099 1750 4148 est
1774 4109 1789 4147 a

137 4175 228 4242 ciunt,
246 4174 293 4231 scd
308 4176 355 4246 qui
370 4175 555 4231 consentiunt
572 4173 753 4245 sociantibus,
776 4173 856 4244 dipel
870 4177 938 4229 suut
989 4192 1103 4232 munere
1127 4192 1234 4245 manus,
1252 4192 1395 4233 amunere
1416 4178 1525 4252 linguae,
1543 4195 1687 4236 amunere
1703 4181 1788 4236 obse-

136 4267 228 4321 mortc
251 4262 341 4335 (Rom.
358 4279 376 4332 ι,
394 4262 450 4334 32).
466 4263 500 4316 Et
522 4262 591 4318 sicut
613 4260 640 4315 in
662 4259 855 4316 ecclesiasticis
869 4269 896 4316 et
910 4261 938 4315 in
989 4265 1054 4336 quii,
1077 4265 1146 4321 sieut
1164 4266 1220 4334 jam
1244 4266 1322 4322 vobis
1347 4266 1455 4337 scripsi,
1479 4267 1502 4321 si
1517 4277 1608 4324 mente
1631 4269 1788 4326 voluissetis

119 4394 121 4400 .
136 4347 281 4405 mundanis
296 4347 404 4419 legibus
419 4347 550 4417 scriptum
564 4345 681 4400 habetur
691 4363 698 4400 ι
708 4345 792 4401 Prava
807 4343 937 4401 facientes
988 4354 1148 4409 recondere,

137 4445 218 4510 atque
233 4436 434 4493 consentientes
449 4450 500 4506 par
511 4434 677 4504 judiciorum
701 4449 781 4505 poena
796 4434 934 4489 constrin-
950 4436 976 4497 D
1023 4443 1088 4498 Cup,
1100 4443 1136 4497 Χ,
1151 4444 1275 4498 vesu-am
1288 4444 1405 4515 denique
1417 4447 1526 4501 charam
1542 4446 1607 4501 mihi
1623 4447 1788 4505 dominatio.

135 4526 175 4598 git
191 4544 198 4582 :
213 4542 264 4584 uec
278 4541 377 4598 expers
396 4523 526 4580 facinoris
550 4523 708 4592 aestimatur,
732 4522 779 4595 qui
798 4523 862 4579 licet
875 4524 934 4595 ipsc
987 4547 1049 4587 nem
1065 4532 1181 4587 solerter
1195 4541 1277 4604 atque
1287 4541 1386 4588 attente
1397 4535 1566 4589 autemeutis
1576 4534 1670 4591 oculos
1681 4546 1790 4607 oportet

134 4629 189 4669 non
203 4614 309 4681 fecerit,
325 4613 456 4670 facientes
470 4621 560 4667 tamen
571 4612 598 4666 iu
609 4610 822 4667 familiaritatem
837 4610 936 4668 faedus-
986 4621 1097 4690 habere,
1122 4622 1204 4693 quod,
1230 4622 1299 4678 sieut
1320 4623 1377 4691 jam
1401 4623 1479 4678 robis
1503 4624 1609 4695 scripsi,
1633 4625 1679 4696 qui
1694 4636 1788 4681 contra

138 4717 191 4772 que
207 4703 351 4774 receperit.
987 4725 1080 4766 sacros
1095 4725 1214 4766 canones
1228 4710 1397 4778 ordinantur,
1410 4720 1436 4766 et
1451 4711 1621 4767 ordinatores
1632 4721 1659 4767 et
1669 4715 1788 4769 ordinati

171 4799 237 4854 Car.
254 4802 323 4856 Vlll.
350 4800 429 4871 Quod
451 4799 608 4872 scripsistis,
625 4806 654 4854 ut
668 4814 719 4869 per
733 4815 821 4854 meam
836 4800 936 4857 volun-

135 4895 218 4943 tatem
233 4894 259 4942 et
273 4888 451 4961 ministerium
467 4889 641 4946 belvacensis
655 4887 787 4945 Ecclesiae
798 4889 937 4961 episcopa·

137 4984 192 5033 tum
207 4975 307 5032 dilecto
322 4975 377 5031 filio
392 4994 453 5034 meo
464 4986 490 5034 et
501 4977 574 5034 fideli
588 4986 678 5036 vestro
694 4976 799 5034 Odacro
815 4978 935 5033 tribuere

135 5065 256 5133 valeatis,
273 5063 296 5118 si
311 5070 410 5119 vestrae
433 5066 609 5125 dominationi
624 5068 659 5122 de
674 5066 721 5122 illo
736 5074 778 5121 est
793 5083 867 5132 cura,
883 5068 936 5124 boc

136 5155 290 5211 nullatenus
309 5151 425 5219 faciatis,
440 5169 475 5207 ne
491 5152 560 5211 forte
576 5157 598 5211 si
614 5154 742 5222 feceritis,
759 5163 785 5210 et
800 5154 859 5226 ipse
874 5156 934 5226 epi-

135 5243 257 5314 scopium
272 5240 350 5309 illud,
367 5247 394 5295 ot
407 5247 517 5311 pastore
533 5253 673 5302 vacantem
691 5243 854 5309 Ecclesiam,
871 5260 937 5299 con-

134 5340 176 5387 tra
191 5346 283 5388 sacras
298 5328 428 5387 Ecclesiae
443 5328 553 5398 regulas
571 5330 698 5388 invadere
717 5333 934 5405 presumpserit,

135 5418 220 5476 sacris
234 5418 342 5493 legibus
356 5426 381 5475 ot
396 5416 499 5490 regulis
515 5417 694 5491 exigentibus,
712 5421 785 5493 quod
796 5437 850 5478 non
860 5429 936 5493 opto,

133 5507 274 5583 contingat
300 5515 328 5565 ut
349 5507 473 5575 ulterius,
497 5520 549 5563 noc
572 5506 600 5562 iu
623 5507 679 5565 vita
705 5526 775 5580 mea,
799 5526 850 5567 aec
873 5517 936 5583 post

986 4799 1106 4854 baeretici
1121 4807 1193 4865 sunt,
1211 4800 1278 4855 sieut
1292 4808 1402 4855 sauctus
1424 4801 1574 4873 Gregorius
1589 4810 1615 4856 et
1630 4803 1722 4857 caeteri
1738 4820 1787 4859 ca-

986 4888 1078 4943 tholici
1093 4887 1225 4943 Ecclesiae
1238 4895 1339 4942 sauctae
1355 4890 1481 4944 doctores
1491 4898 1571 4961 atque
1583 4898 1707 4945 rectores
1718 4893 1788 4946 mul·

986 4976 1067 5031 toties
1082 4975 1197 5030 inlibris
1208 4976 1264 5030 suis
1275 4978 1429 5031 ostendunt.
1442 4979 1529 5046 Quam
1539 4978 1666 5044 haeresim
1676 4989 1787 5036 sanctus

986 5066 1082 5122 Petrus
1096 5064 1212 5136 primum
1229 5066 1257 5119 in
1272 5067 1410 5122 Simonem
1426 5069 1533 5140 blagum
1548 5077 1651 5123 aeterno
1665 5072 1781 5125 anathe-

985 5162 1058 5210 mate
1074 5154 1264 5210 condemnavit
1281 5157 1353 5226 (Act.
1370 5156 1439 5226 vm).
1457 5156 1511 5211 Sed
1522 5164 1549 5210 et
1564 5157 1721 5225 hujusmodi
1731 5175 1786 5212 non

986 5242 1171 5308 ordinationis,
1188 5244 1236 5299 sed
1253 5244 1465 5299 exordinationis
1484 5245 1658 5313 mediatores,
1682 5247 1755 5316 praef
1772 5278 1786 5288 -

986 5338 1041 5385 tum
1062 5347 1190 5405 maguum
1206 5341 1232 5388 et
1247 5340 1369 5387 sanetum
1391 5333 1612 5388 Chalcedonense
1638 5335 1785 5390 concilium

985 5421 1061 5491 (cora.
1077 5421 1115 5490 a),
1132 5421 1154 5475 si
1178 5422 1270 5477 cleriei
1292 5430 1363 5488 sunt,
1388 5422 1500 5493 proprio
1522 5423 1608 5493 gradu
1633 5423 1745 5494 privari,
1763 5425 1785 5479 si

987 5524 1051 5565 vero
1065 5509 1127 5565 laici
1141 5518 1184 5565 aut
1200 5511 1326 5568 monachi
1347 5510 1456 5578 fuerint,
1478 5511 1537 5567 siue
1551 5511 1606 5567 ulla
1623 5513 1785 5584 exceptione
