3794 6104
118 173 152 227 te
607 171 778 227 llthltnltl
791 169 992 227 RHEMENSlS
1007 168 1281 226 incateelscort.
1739 170 1771 223 56

116 309 173 350 non
187 295 342 352 necessaria
356 295 425 351 ratio
439 295 546 365 taedeat,
563 303 589 351 et
597 295 743 352 sinceritas
757 311 827 349 ame
841 301 920 366 post·
935 296 1094 355 Auernatur
1107 293 1246 348 altitudine
1261 293 1432 365 dignitatum,
1458 300 1484 348 et
1509 293 1537 347 iu
1570 294 1648 363 cujus
1676 293 1776 349 virtute

119 383 842 456 sitostendi,'quateuusvestraeunanimitatischaritas
853 400 919 456 erga
970 380 1048 436 bonis
1063 381 1192 452 operibus
1207 382 1290 436 cerda
1304 383 1429 453 pauenda
1445 390 1516 447 suut,
1533 382 1664 452 gradihus
1680 382 1775 454 utique

118 487 164 526 mc
177 471 276 527 debeat
291 472 522 543 conservari.,Qui
535 474 638 543 absque
653 480 744 527 uestro
758 472 919 527 detrimento
969 468 1132 540 distributis,
1161 471 1264 525 eunctis
1295 471 1368 526 Deus
1397 478 1489 526 noster
1517 479 1543 526 et
1558 478 1652 526 rector
1667 471 1776 541 popidis

118 575 175 616 non
189 560 428 629 solumlratribus,
440 561 524 616 sedet
539 560 655 616 inimicis
670 560 802 632 prodesse
811 560 920 615 deside·
969 557 1158 628 praedicandus
1173 567 1214 613 est
1230 558 1387 614 Christianis
1404 577 1410 612 :
1428 558 1473 614 ubi
1488 575 1569 615 nemo
1585 558 1697 613 sibimet
1722 559 1774 613 ali-

30 638 36 647 ’
118 663 160 715 re,
177 656 205 704 et
231 649 387 720 apostolicis
416 650 548 704 mandatis
568 664 728 721 quacunque
751 648 920 705 contumacia
970 646 1034 719 quid
1047 647 1103 714 jam
1118 647 1232 702 eastimet
1248 647 1425 713 imminutum,
1442 657 1541 704 cumet
1557 646 1777 715 deuuiuscujus·

119 752 175 792 non
190 737 303 802 resulto,
320 754 371 794 nec
381 737 508 793 fraternis
522 738 621 793 uestris
636 737 746 793 monitis
761 746 787 792 et
808 737 920 809 regula·
970 750 1023 806 que
1038 735 1138 807 gradus
1153 734 1320 806 perfectione
1334 736 1372 790 nil
1387 736 1500 806 deperit,
1523 744 1548 791 et
1576 736 1776 792 convenienter

119 825 195 880 ribus
210 825 413 882 diffinitionibus
432 825 609 882 intentionem
637 827 680 881 rel
703 842 800 880 manus
827 825 920 880 obvias
970 822 1214 895 retinendoquodc
1243 823 1777 895 lestidispeusatiouecollatumest,pa-

116 914 229 970 tendere
244 930 322 986 paro,
334 930 365 969 ea
380 922 469 969 tamen
485 914 649 979 conditione,
666 915 737 985 qiied
751 922 777 969 et
792 930 840 969 uas
851 914 920 969 velle
971 909 1037 964 riter
1051 909 1130 965 nobis
1145 917 1171 966 cl
1186 841 1398 984 coinoscibilem
1421 913 1506 966 Deum
1531 912 1600 976 lleri,
1627 921 1653 967 et
1684 912 1778 966 tribuit

120 1010 146 1057 et
161 1002 272 1057 studere
286 1018 435 1075 cognosce,
452 1010 480 1057 ut
493 1003 650 1076 regularum
678 1009 762 1057 status
790 1010 816 1057 ct
847 1002 920 1056 sedis
970 1013 1032 1052 esse
1047 1007 1194 1054 rectorem.
1215 1000 1284 1054 Nam
1299 999 1350 1054 etsi
1364 1000 1429 1071 quid
1444 1000 1600 1073 indulgetur
1615 1002 1650 1056 de
1666 1008 1775 1071 tempo·

119 1090 456 1162 apostolicaepriviligium
470 1100 588 1158 maneat,
606 1098 632 1145 et
653 1107 797 1146 commuue
811 1091 920 1160 perieu-
971 1102 1031 1140 rum
1046 1087 1330 1158 quantitate,moribus
1348 1096 1495 1159 aggregata
1525 1089 1687 1144 strenuitate
1703 1104 1775 1161 peu·

119 1178 175 1234 lum
190 1187 314 1234 nestrum
330 1179 410 1234 vitari
425 1179 582 1251 praevaleat.
972 1183 1055 1239 satur,
1072 1175 1095 1228 si
1109 1175 1171 1230 vitae
1182 1177 1240 1244 jam
1254 1176 1394 1246 proposito
1408 1177 1573 1243 continetur,
1589 1178 1664 1249 quod
1678 1187 1774 1248 prete-

155 1268 219 1323 Pest
233 1268 305 1323 hane
320 1268 487 1336 schedulam,
505 1268 611 1339 synodo
639 1276 750 1323 estense
765 1276 828 1323 suut
841 1276 921 1341 gesta
972 1262 1025 1317 lata
1040 1260 1128 1317 luerat
1143 1272 1219 1318 aetate
1234 1264 1383 1319 curandum
1401 1265 1568 1321 :dummodo
1592 1265 1639 1320 illa
1653 1266 1773 1321 nullate-

120 1354 287 1427 episcopalia
302 1356 474 1412 Suessonicae
488 1356 584 1428 synodi
599 1372 649 1428 per
663 1372 758 1411 manus
782 1356 921 1412 llinoniari
972 1366 1023 1404 uns
1029 1350 1199 1406 dissimulata
1207 1352 1367 1422 subripiant,
1380 1368 1494 1424 querum
1504 1353 1773 1426 quodlibetsiinesse

120 1442 310 1498 laudunensis
325 1443 456 1515 episcopi,
473 1452 499 1499 el
513 1451 592 1515 gesta
621 1445 719 1517 synodi
747 1444 922 1500 bituricensis
972 1438 1109 1505 claruerit,
1139 1440 1235 1494 merito
1262 1441 1431 1496 clericalibus
1458 1441 1549 1496 iululis
1571 1443 1776 1512 reprobabilem

121 1530 269 1601 provinciae
282 1547 332 1603 per
346 1547 443 1586 manus
470 1532 624 1604 Ruginelmi
652 1533 833 1588 Tornaeeusis
861 1532 921 1603 epi·
973 1526 1117 1582 convincat
1132 1544 1192 1582 esse
1206 1544 1361 1599 persenam.
1378 1530 1411 1584 Et
1427 1529 1450 1583 si
1463 1529 1511 1584 illa
1525 1545 1722 1602 nonnunquam
1736 1532 1775 1586 si-

119 1622 206 1689 soop1,
230 1628 256 1674 ot
278 1619 452 1693 privilegium
473 1620 565 1676 domni
590 1620 727 1677 ssonodioti
751 1637 801 1691 por
824 1636 921 1675 monos
937 1614 1065 1705 Bueuda
1093 1623 1165 1683 sum,
1194 1633 1254 1687 qum
1282 1617 1305 1670 si
1329 1625 1487 1672 caeterorum
1503 1626 1607 1674 constet
1621 1618 1773 1692 integritas,

121 1707 289 1763 Erchanravi
335 1707 540 1764 Catalaunensis
586 1709 718 1779 episcopi,
753 1716 779 1763 et
809 1709 923 1780 privile·
974 1702 1034 1757 sole
1048 1718 1148 1758 nocere
1162 1719 1216 1758 nen
1231 1704 1339 1759 ualeant
1354 1723 1361 1758 ε
1378 1705 1423 1759 illa
1434 1713 1525 1760 tamen
1535 1714 1598 1762 saut
1607 1723 1776 1780 magnopere

122 1795 197 1866 ginno
226 1795 320 1851 domni
347 1796 454 1853 Niooloi
479 1813 528 1876 por
555 1813 651 1851 monos
678 1797 799 1852 Hodonis
825 1797 924 1851 Bolon.
973 1790 1154 1860 praecavenda
1169 1808 1229 1863 qum
1244 1792 1328 1863 recipi
1344 1793 1402 1848 sine
1416 1793 1558 1849 manifesta
1572 1795 1774 1851 decoloratione

124 1883 214 1939 censis
239 1884 369 1954 episcopi.
408 1885 443 1939 Et
470 1892 533 1956 past
572 1886 631 1940 haec
668 1885 769 1954 omnia,
796 1885 859 1940 dala
883 1893 925 1940 est
975 1879 1158 1947 nonpossint.
1176 1880 1209 1933 Et
1224 1879 1381 1935 Africanum
1397 1882 1552 1949 concilium,
1575 1882 1609 1938 de
1637 1884 1774 1956 virgiuum

121 1988 182 2044 quaa
197 1972 320 2044 sequitur
335 1971 475 2041 schedula,
485 1973 602 2045 qualiter
614 1973 723 2044 priscis,
739 1981 768 2028 ut
786 1974 851 2029 dicit
866 1974 923 2029 Ge·
975 1965 1108 2021 velatione
1124 1975 1272 2022 retraetans
1287 1970 1362 2038 (aaa.
1379 1972 1435 2036 93),
1450 1971 1486 2024 ita
1500 1987 1611 2026 manere
1640 1974 1775 2027 eonstitu-

119 2059 213 2126 lasius,
230 2077 280 2130 pre
309 2061 350 2114 sui
379 2061 530 2116 reverentia
559 2062 729 2116 manentibus
758 2061 921 2125 constitutis
975 2053 1076 2108 li0ssssffl
1092 2056 1192 2126 pritiris
1206 2057 1322 2123 concilii,
1340 2058 1386 2111 Ubi
1406 2058 1479 2112 00110
1494 2069 1625 2132 perurget
1654 2062 1775 2117 necessi·

121 2155 148 2203 oe
163 2147 246 2203 solvis
261 2148 417 2219 apostolico
446 2150 520 2204 sonis
549 2149 709 2222 privilogiio,
739 2166 801 2206 oum
828 2166 923 2205 oorom
975 2148 1026 2207 tas,
1043 2143 1172 2211 decrevit,
1190 2152 1218 2198 ut
1233 2161 1286 2199 uon
1302 2145 1374 2202 obsit
1402 2147 1546 2217 posteriori
1561 2147 1680 2203 concilio
1695 2150 1776 2204 certis

122 2234 202 2289 etiam
217 2234 386 2291 salvamento
400 2236 447 2307 qui
463 2235 568 2307 syuodo
583 2235 812 2305 subscripsemnt,
829 2237 856 2289 in
871 2253 923 2307 qua
973 2246 1024 2300 pro
1039 2232 1130 2286 eurisis
1145 2248 1176 2286 ea
1192 2250 1253 2304 quae
1267 2234 1413 2288 constituta
1427 2235 1532 2290 literani
1546 2236 1709 2297 immutanti,
1727 2254 1777 2295 uec

119 2320 220 2378 iratres
235 2322 269 2377 de
284 2323 384 2393 quibas
398 2323 489 2394 agitur
501 2320 578 2376 luere
588 2323 696 2391 dejecti,
712 2340 762 2393 per
776 2324 923 2396 indulgen·
973 2319 1108 2387 posterius
1123 2320 1267 2374 concilium
1282 2321 1365 2392 priori
1377 2322 1467 2377 obviet
1482 2324 1557 2394 (cota.
1575 2327 1630 2390 35),
1643 2325 1690 2380 ubi
1705 2326 1777 2380 nulla

119 2409 185 2463 eiam
201 2410 431 2465 etauctoritatem
447 2410 539 2465 domni
560 2427 637 2481 poppo
654 2411 680 2464 in
704 2411 759 2465 onis
782 2411 923 2466 ordinibus
973 2405 1041 2459 illud
1056 2416 1186 2479 perurget
1200 2409 1349 2464 necessitas
1366 2410 1518 2466 immutare.
1536 2411 1627 2466 Sedet
1642 2414 1774 2469 debona-

122 2495 208 2568 recipi
236 2505 263 2552 el
289 2498 406 2571 provehi
433 2498 539 2569 possint
567 2499 670 2569 absque
699 2500 922 2570 contradictione,
973 2493 1043 2547 listis
1057 2494 1187 2561 decrerit,
1204 2505 1232 2550 ut
1260 2498 1492 2553 consentientibus
1519 2498 1647 2557 iratribus
1675 2510 1703 2556 et
1731 2518 1777 2558 ce-

120 2585 245 2659 migratis
254 2586 311 2656 jam
325 2586 462 2656 omnihus,
493 2588 538 2658 qui
567 2587 596 2640 in
622 2587 727 2641 Ebonis
753 2587 923 2658 depositione
973 2581 1122 2652 episcopis,
1139 2584 1255 2639 manime
1271 2593 1360 2639 autem
1375 2586 1525 2656 apostoliea
1540 2589 1649 2653 sede,a
1679 2591 1777 2661 quibus

120 2672 238 2740 luemnt,
254 2673 402 2745 episcopis,
419 2683 532 2746 excepto
548 2675 607 2730 selo
622 2675 744 2730 Rothade
760 2694 768 2742 ;
784 2676 832 2730 sed
847 2676 923 2731 oecis
973 2668 1037 2723 inde
1067 2669 1153 2725 lucrat
1176 2671 1327 2738 dilliuitum,
1357 2683 1490 2746 quatenus
1516 2677 1665 2732 secuudum
1681 2680 1778 2733 arrius-

120 2761 169 2833 qui
195 2761 235 2816 illi
259 2762 493 2817 excommunicato
522 2763 682 2819 dicebantur
697 2763 921 2826 communicasse,
974 2757 1106 2829 cujusque
1120 2760 1242 2831 episcopi
1257 2761 1382 2816 catholici
1397 2762 1563 2818 voluntatem
1578 2772 1658 2836 atque
1684 2766 1775 2822 consi·

119 2848 221 2904 etaliis
236 2848 264 2903 in
280 2849 456 2906 eorumlocis
472 2850 633 2919 substitutis,
649 2866 815 2922 acpereos,
844 2860 872 2906 ut
887 2852 924 2906 ite
974 2844 1049 2912 lium,
1066 2846 1111 2917 0οἱ
1125 2847 1153 2901 in
1169 2849 1264 2902 eodem
1280 2849 1341 2904 100⁰
1356 2850 1492 2922 guhemat
1506 2852 1669 2918 Ecclesiam,
1687 2854 1711 2909 si
1725 2856 1779 2912 hoc

120 2934 254 3005 dicamus,
272 2936 423 2991 innumeris
446 2937 589 2992 ordinatis.
604 2939 718 2993 Tantum
732 2947 761 2993 ut
775 2939 810 2993 de
825 2947 923 2995 caetero
973 2934 1034 3002 paci
1045 2934 1205 2991 Christianae
1219 2938 1350 3007 prodesse
1364 2938 1449 2993 visum
1465 2939 1553 3006 luerit,
1583 2941 1612 2995 in
1640 2942 1699 2996 suis
1726 2943 1779 2999 ho·

120 3022 259 3089 scandala,
277 3040 339 3096 quae
352 3024 416 3080 hinc
430 3024 522 3080 ualent
537 3025 652 3097 emergi,
670 3025 763 3080 domni
777 3026 918 3105 apostolici
935 3001 959 3066 C
976 3022 1090 3076 naribus
1104 3024 1296 3094 suscipiantur,
1326 3025 1394 3081 sicut
1422 3027 1559 3097 prioribus
1573 3029 1695 3098 ejusdem
1711 3031 1781 3086 divi·

119 3111 281 3168 auctoritate
296 3119 322 3168 el
337 3113 511 3183 providentia
525 3113 689 3169 devitentur.
981 3109 1065 3165 sionis
1092 3113 1262 3182 temporibus
1290 3114 1389 3170 lactum
1416 3131 1477 3171 esse
1505 3117 1676 3173 manifestum
1704 3128 1747 3175 est
1773 3138 1780 3174 :

410 3235 580 3292 EPISTOLA
600 3237 632 3292 V·
980 3197 1052 3268 quad
1067 3199 1212 3254 multorum
1227 3210 1253 3255 et
1266 3218 1336 3273 pene
1346 3203 1465 3258 omnium
1481 3203 1670 3261 Africanarum
1683 3207 1781 3264 Eccle-

979 3285 1092 3356 siarum,
1108 3288 1205 3358 qiribus
1220 3289 1280 3343 talis
1295 3305 1372 3345 error
1386 3300 1495 3346 exortus
1510 3302 1560 3362 est,
1590 3295 1715 3366 exempla
1742 3305 1782 3351 te·

235 3355 272 3397 ¹¹⁰
291 3356 441 3398 ⁸⁹¹⁵⁶⁰P⁰⁸
461 3357 564 3398 SYN⁰⁰¹
584 3357 809 3411 ⁵⁰³⁵⁵¹⁰N⁸N⁵¹³t
980 3381 1094 3431 stautur.
1113 3377 1174 3430 Non
1203 3386 1231 3431 ut
1258 3378 1413 3446 concilium,
1439 3381 1512 3451 quod
1535 3381 1563 3435 iu
1592 3384 1781 3440 transmarinis

125 3440 200 3509 ΨΜ
214 3441 315 3513 “bilae
331 3442 500 3498 maium
516 3442 625 3497 mutari
642 3458 702 3498 ἤθη
729 3441 847 3498 debeant
869 3458 929 3515 qaoe
979 3463 1100 3534 partibus
1115 3464 1148 3520 de
1164 3465 1216 3521 hac
1231 3481 1261 3520 re
1276 3465 1373 3521 laetum
1389 3475 1439 3533 est,
1452 3468 1626 3537 dissolvatur,
1644 3472 1693 3526 sed
1709 3481 1738 3527 ut
1752 3473 1782 3527 il·

187 3530 274 3586 issmssl
290 3530 320 3585 ia
334 3531 464 3586 θθηθῑῑὶῐδ
478 3533 592 3586 Smilla
606 3531 650 3586 vel
661 3531 793 3602 judicata
809 3541 890 3587 ilmi-
979 3549 1025 3605 lud
1040 3561 1148 3606 maneat
1162 3553 1236 3609 eirca
1251 3570 1299 3609 eos
1314 3555 1359 3626 qni
1374 3555 1414 3611 sic
1429 3556 1545 3611 transire
1560 3558 1593 3612 ad
1613 3559 1781 3616 catholicam

390 3636 481 3707 (Apud
496 3636 652 3707 Sirmond.)
980 3640 1081 3709 uolunt,
1110 3648 1139 3694 ut
1167 3642 1241 3696 nulla
1268 3658 1318 3713 per
1333 3659 1380 3699 eos
1394 3644 1503 3699 unitatis
1517 3648 1704 3716 compensatio
1717 3665 1782 3720 pro-

157 3743 321 3798 Hmcpfflgus
335 3742 502 3797 Rhemomm
517 3743 662 3812 episg0pus
677 3742 808 3807 Rfflflfflo,
829 3742 929 3796 ngp.
980 3735 1097 3782 curetur.
1114 3729 1166 3783 Pel*
1176 3745 1245 3801 quos
1260 3738 1350 3785 aulem
1366 3731 1409 3787 l'el
1421 3732 1579 3789 omnimodo
1602 3735 1708 3806 perfici,
1739 3737 1783 3793 i'el

123 3843 200 3895 nom,
215 3828 357 3883 ooootoojo
373 3829 595 3899 archiepiscopis,
614 3837 640 3883 eo
659 3828 805 3899 episcopis,
835 3829 928 3884 domni
979 3815 1100 3883 adjurari
1122 3817 1272 3873 manifestis
1302 3819 1481 3876 fraternarum
1513 3822 1663 3878 animarum
1686 3824 1780 3892 lucris,

122 3931 202 3987 popo
215 3915 321 3970 Niooloi
336 3916 496 3971 auotoritoto
512 3917 547 3970 oo
564 3916 813 3988 synodum,qoooe
828 3917 929 3989 exigui.
980 3904 1113 3959 catholica
1127 3905 1215 3960 unitas
1229 3907 1257 3961 in
1272 3907 1340 3963 loeis
1355 3909 1452 3979 quibus
1478 3910 1578 3981 degum
1606 3911 1663 3966 uisa
1692 3912 1782 3981 luerit,

123 4011 207 4058 mom
221 4016 312 4057 moom
327 4018 390 4058 oum
405 4003 578 4074 coepiscopis
591 4004 692 4059 nostris
717 4005 809 4059 venire
823 4020 929 4076 praece.
979 4006 1034 4046 nou
1048 3993 1088 4047 eis
1102 3993 1173 4048 obsit
1189 3995 1262 4065 quod
1276 4003 1369 4051 contra
1390 3998 1508 4053 honores
1528 4015 1641 4065 eorum,
1659 4002 1784 4072 quamvis

107 4090 173 4162 'pig
188 4091 215 4145 in
245 4091 315 4146 nono
344 4090 507 4146 suessorum
535 4091 674 4147 civitatem
703 4108 752 4163 pro
771 4092 930 4148 ooosovfll.
980 4080 1136 4134 salusnulli
1151 4081 1295 4138 interclusa
1325 4084 1368 4143 sit,
1399 4085 1426 4138 in
1455 4087 1638 4143 transmarino
1666 4089 1784 4145 concilio

125 4177 181 4235 ledi
197 4186 224 4234 et
237 4178 406 4251 collegarum
421 4179 480 4249 ejus
496 4180 663 4236 convocatis.
980 4175 1108 4223 Simulum
1125 4179 1174 4225 θὸῐ·

161 4266 299 4340 Legimus,
316 4267 450 4322 scribente
467 4268 548 4324 heato
564 4269 721 4324 luuocentie
737 4270 831 4343 (epist.
848 4274 874 4333 Ξ,
892 4271 928 4325 ad
1015 4275 1092 4330 Unde
1107 4277 1277 4332 annuentibus
1306 4279 1421 4341 statutis,
1452 4281 1555 4352 absque
1584 4281 1743 4353 regularum
1759 4292 1785 4339 et

125 4354 399 4428 Exuperiam),quod
410 4355 615 4428 dequibusdam
627 4358 779 4414 observatio
794 4357 926 4431 priordu-
944 4352 1136 4432 Dapastolicre
1152 4364 1225 4419 sedis
1239 4366 1405 4437 praejudicio,
1422 4376 1448 4422 et
1460 4369 1640 4437 judicantium
1655 4371 1710 4425 ullo
1725 4372 1783 4426 dis-

126 4444 193 4511 rior,
207 4444 343 4515 posterior
358 4443 555 4499 interveniente
570 4445 756 4501 misericordia
777 4445 931 4501 inclinatior
981 4450 1104 4517 crimine,
1121 4469 1189 4523 qrros
1204 4469 1257 4508 non
1273 4455 1361 4509 solum
1386 4456 1531 4511 auctoritas
1559 4459 1784 4532 carthaginensis

128 4541 180 4588 est.
196 4532 230 4588 Et
245 4539 356 4589 sanctus
366 4533 421 4589 Leo
437 4532 501 4588 dicit
517 4533 613 4606 (epist.
636 4537 680 4598 95,
705 4535 741 4589 od
760 4535 928 4604 Rusticum),
981 4539 1090 4594 concilii
1100 4539 1135 4593 iili
1150 4541 1224 4595 omni
1239 4558 1316 4597 naero
1331 4544 1462 4609 delendit,
1480 4545 1502 4599 si
1520 4561 1613 4600 eorum
1629 4546 1710 4602 luerit
1739 4564 1784 4603 se·

127 4620 192 4691 quia
206 4619 274 4676 sicut
289 4623 413 4692 quadam
429 4629 500 4687 sunt,
522 4637 583 4693 quae
599 4621 674 4675 nulla
688 4630 801 4691 possunt
825 4623 930 4677 ratione
981 4626 1038 4681 luta
1052 4629 1196 4690 sententia,
1211 4630 1256 4701 qiu
1273 4631 1397 4686 convinci
1413 4648 1468 4687 non
1478 4641 1592 4703 possunt
1607 4634 1650 4690 vel
1674 4634 1784 4691 inimice

129 4706 256 4773 convelli,
272 4708 307 4763 ita
322 4710 405 4765 multa
420 4718 483 4765 sunt
497 4725 558 4782 quae
574 4717 620 4764 aut
639 4725 690 4779 pro
712 4710 931 4765 consideratione
981 4715 1072 4770 aniano
1084 4716 1231 4783 iudicasse.
1249 4727 1293 4772 aut
1309 4718 1398 4791 aliqua
1409 4720 1556 4790 cupiditate
1568 4729 1615 4775 aut
1629 4723 1719 4793 gratia
1732 4724 1784 4779 de-

128 4801 248 4857 aetatum,
265 4803 311 4849 aut
326 4814 373 4866 pro
389 4799 552 4854 necessitate
567 4814 666 4866 rerum,
684 4805 809 4868 oporteat
824 4806 930 4869 tempe·
982 4803 1107 4872 pr·avali;
1123 4820 1216 4858 verum
1231 4813 1257 4858 ct
1272 4806 1344 4860 idem
1360 4808 1514 4876 concilium,
1532 4809 1580 4863 sed
1595 4817 1622 4864 et
1637 4810 1784 4866 Antioche-

132 4879 199 4936 rari.
215 4879 294 4935 Velut
310 4891 336 4937 et
351 4884 385 4938 de
400 4886 517 4956 qrredam
541 4885 718 4959 indulgentia
727 4885 789 4953 jure
812 4885 887 4950 dicit,
904 4886 933 4940 in
982 4907 1056 4956 num,
1072 4899 1152 4964 atque
1167 4892 1276 4947 decreta
1291 4894 1364 4948 sedis
1379 4895 1508 4951 Romanae
1518 4896 1684 4966 pontilicum,
1702 4898 1784 4954 Inno-

131 4984 195 5041 que,
212 4969 416 5040 inquiens,nan
432 4976 552 5045 regulam
568 4973 768 5039 constituimus,
791 4972 839 5028 scd
867 4973 932 5044 quid
982 4979 1073 5044 centii,
1089 4980 1189 5034 Zosimi
1202 4989 1282 5052 atque
1297 4981 1405 5049 Leonis,
1426 4999 1474 5038 eos
1501 4987 1702 5050 commendant,
1733 5003 1784 5057 per

131 5058 166 5113 sit
181 5056 349 5113 tolerabilius
363 5059 538 5116 aestimamus.
556 5064 588 5117 Et
612 5061 822 5119 sacrandissimus
849 5062 928 5117 Gela·
983 5084 1043 5137 quae
1058 5083 1105 5121 sua
1119 5067 1314 5124 confirmavere
1326 5070 1437 5138 judicia,
1454 5089 1513 5142 quae
1536 5071 1633 5127 fratres
1649 5082 1675 5128 ct
1689 5075 1785 5145 eoepi-

133 5146 190 5200 sius
199 5146 291 5218 (episi.
308 5147 336 5215 6)
347 5162 353 5200 :
366 5146 475 5213 Priscis
488 5149 582 5220 inquit,
595 5168 645 5221 pro
654 5167 702 5206 suo
713 5149 867 5206 reverentia
877 5166 933 5203 ma·
982 5155 1058 5224 scopi
1073 5156 1157 5210 nostri
1172 5157 1199 5210 in
1214 5156 1376 5213 Suessoniea
1390 5161 1495 5230 synodo
1510 5160 1672 5215 liberneusis
1687 5162 1785 5218 Eccle-

135 5233 263 5288 ueutihus
291 5234 453 5300 constitutis,
482 5252 542 5307 quae
570 5238 614 5292 ubi
642 5239 715 5293 nulla
729 5239 771 5294 vel
786 5255 874 5294 rerum
889 5238 933 5293 rel
983 5242 1030 5298 sice
1045 5241 1117 5310 liliis,
1133 5245 1167 5298 ab
1182 5246 1277 5301 Eboue
1292 5255 1354 5317 pest
1369 5248 1566 5319 depositionem
1584 5266 1661 5304 suam
1677 5250 1785 5305 ordina·

133 5329 287 5393 temporum
313 5331 444 5396 perurget
471 5325 595 5396 angustia
621 5328 783 5399 regulariter
806 5328 933 5383 convenit
982 5330 1027 5399 tis,
1045 5346 1164 5386 censura
1183 5333 1374 5391 ecclesiasticae
1403 5336 1555 5392 severitatis
1579 5337 1783 5406 judicaverunt,

132 5417 274 5474 custodiri.
295 5419 344 5474 Hie
358 5421 453 5490 procul
470 5419 562 5486 dubia,
580 5421 626 5492 qui
640 5422 668 5476 iu
688 5424 933 5480 ecclesiasticorum
983 5418 1030 5472 ubi
1046 5435 1093 5472 eos
1109 5421 1303 5490 nonjudicari,
1321 5439 1441 5480 naccum
1454 5424 1593 5492 judicibus
1608 5441 1704 5481 eorum
1718 5426 1784 5481 sub·
