3794 6104
121 267 179 322 trs
877 269 1080 347 ,nrrsroam
1720 278 1772 336 rto

114 405 202 460 posse
216 388 322 445 ratione
337 397 363 445 et
387 389 545 447 auctoritate
559 399 728 448 monstrante
744 399 892 466 eognoscat
909 393 957 453 :A
971 410 1032 450 esse
1048 397 1222 463 servandam,
1238 398 1366 470 quoniam
1381 414 1436 455 non
1449 399 1538 455 solum
1552 399 1651 456 mulier
1661 416 1716 456 nou
1726 401 1777 472 Aa

116 478 244 550 sciatque
265 486 295 532 nt
323 479 467 535 traditione
489 479 621 548 majorem
643 480 785 537 docuimus
808 488 919 553 propter
969 483 1014 538 bet
1029 493 1190 555 potestatem
1205 487 1328 558 corporis
1347 487 1398 551 sui,
1415 488 1463 544 sed
1480 488 1531 553 vir,
1548 489 1597 544 sed
1613 489 1735 544 similiter
1744 496 1772 546 et

65 632 67 637 .
115 566 202 621 talem
216 566 467 637 desponsationem,
479 567 651 634 dotationem,
668 577 748 642 atque
762 585 812 640 pro
821 568 919 623 talibus
969 572 1011 626 vir
1025 574 1175 629 nonhabet
1197 583 1359 645 potestatem
1382 576 1504 647 corporis
1529 577 1580 643 sui,
1601 577 1651 633 sed
1672 576 1770 634 mulier

114 655 229 725 nuptiis,
255 655 326 710 sicut
346 654 406 711 istae
428 654 546 722 fuerunt,
579 671 635 711 nou
664 672 725 712 csse
749 658 917 731 conjugium,
969 659 995 730 (l
1009 660 1068 715 dor.
1087 663 1137 732 vn)
1155 679 1162 716 ε
1177 669 1203 717 et
1211 670 1364 734 propterea,
1379 664 1431 719 uisi
1442 680 1476 719 ex
1486 664 1623 721 communi
1633 679 1770 722 consensu

117 743 219 815 quibus
235 742 320 798 defuit
335 743 490 812 conjunctio
505 760 629 809 seruum,
645 760 677 801 ac
699 761 761 802 cum
777 747 861 817 prolis
870 761 918 816 spe
968 763 1024 803 non
1045 748 1135 804 rotent
1166 749 1246 804 etiam
1276 759 1388 823 propter
1410 753 1604 808 continentiam
1629 752 1767 824 separari;

114 831 179 886 fidei
193 839 397 887 sacramentum
412 848 419 886 τ
436 848 496 904 quae
506 833 693 904 utplurimum
710 834 736 888 in
752 834 827 889 omni
842 834 918 889 salu-
968 836 1038 890 adeo
1053 843 1081 890 ut
1096 836 1118 891 si
1133 837 1174 891 vir
1187 846 1280 894 contra
1294 839 1459 895 uoluntatem
1483 839 1604 895 mulieris
1619 857 1768 898 conversus

117 921 168 974 tari
182 920 302 987 actione,
319 929 377 974 tum
391 920 471 975 etiam
484 921 512 975 in
536 921 589 978 boc
603 921 724 994 negotio,
741 922 769 976 in
792 937 845 994 quo
868 937 919 992 per
969 923 1121 990 tondeatur,
1137 932 1183 979 aut
1197 927 1294 981 mulier
1317 926 1375 983 sine
1402 926 1539 983 voluntate
1562 928 1614 983 riri
1637 943 1768 985 conversa

117 1008 239 1079 nuptiale
249 1009 408 1079 mysterium
423 1009 464 1064 rir
480 1017 506 1065 et
518 1025 588 1065 uxor
602 1024 657 1065 uua
680 1026 745 1067 caro
767 1010 919 1066 efficiuntur
968 1011 1081 1080 veletur,
1099 1013 1206 1068 mulieri
1221 1014 1262 1068 vir
1275 1015 1318 1070 rel
1332 1015 1391 1070 viro
1410 1015 1518 1083 mulier,
1535 1031 1550 1069 a
1576 1025 1669 1072 sancto
1693 1016 1767 1074 Gre-

116 1098 164 1152 sed
180 1098 208 1151 in
220 1098 381 1168 baptismate
396 1098 537 1168 operosius
558 1105 699 1170 operatur,
717 1115 772 1171 quo
784 1116 834 1170 per
855 1099 919 1155 lidei
968 1101 1045 1173 gorio
1073 1100 1102 1155 in
1129 1101 1245 1171 epistola
1266 1102 1300 1156 ad
1332 1103 1488 1158 Secundum
1514 1104 1765 1162 Taurominitanum

118 1194 327 1252 monumentum,
342 1201 397 1241 non
412 1186 500 1241 solum
515 1187 685 1257 generaliter
695 1187 784 1244 omnis
794 1186 918 1244 Ecclesia
968 1189 1135 1259 episcopum,
1153 1198 1180 1244 et
1195 1190 1222 1243 in
1241 1190 1356 1260 epistola
1367 1190 1401 1245 ad
1422 1191 1571 1246 Adriauum
1594 1193 1766 1248 Panormita·

117 1290 217 1345 corpus
232 1275 341 1339 Christi,
354 1283 382 1330 ut
410 1274 473 1330 dicit
494 1275 653 1346 Apostolus,
677 1284 703 1332 et
727 1276 865 1347 plenitudo
889 1277 918 1332 tit
967 1292 1042 1346 narn,
1056 1278 1183 1346 jubeatur
1198 1279 1312 1334 restitui.
1333 1278 1361 1335 Si
1380 1287 1468 1334 autem
1492 1296 1526 1336 ex
1549 1281 1685 1336 communi
1705 1295 1768 1338 con·

117 1364 182 1433 ejus,
199 1379 294 1418 rerum
305 1363 444 1436 sigillatim
455 1363 579 1434 singulus
588 1365 702 1436 quisque
713 1362 801 1420 tidelis
812 1364 917 1420 Christo
967 1381 1050 1421 sensu
1066 1382 1096 1421 se
1109 1374 1214 1422 mutare
1228 1367 1412 1439 permiserint,
1430 1375 1457 1422 et
1479 1367 1592 1440 quilibet
1615 1384 1710 1425 eorum
1733 1383 1765 1426 sc

120 1451 309 1520 incorporatus
322 1451 474 1507 membrum
488 1452 548 1519 ejus
562 1451 685 1508 efficitur.
967 1452 1031 1508 inde
1045 1454 1198 1522 retraxerit,
1215 1453 1250 1508 ad
1266 1454 1475 1510 conversionem
1486 1471 1564 1510 suum
1579 1455 1655 1528 sequi
1669 1471 1764 1527 parem

151 1539 231 1595 Unde
248 1539 276 1594 S.
292 1538 366 1594 Beda
380 1539 408 1594 in
422 1539 533 1594 homilia
547 1541 689 1611 Evangelii
702 1540 786 1597 dicit:
802 1541 869 1596 Nam
881 1540 919 1597 vi·
966 1542 1130 1612 praecipitur.
1149 1543 1234 1597 Causa
1246 1549 1335 1598 autem
1351 1541 1540 1599 fornicationis
1555 1543 1596 1599 vir
1609 1552 1654 1598 aut
1670 1543 1769 1601 mulier

122 1628 206 1695 detur,
222 1627 416 1699 inquiens,qni
427 1628 577 1699 baptizatur
585 1627 613 1682 in
622 1627 724 1684 iontem
734 1629 914 1697 descendere,
965 1630 1131 1686 abinvicem
1151 1631 1334 1696 discedentes,
1360 1639 1470 1703 propter
1494 1640 1696 1687 sacramentum
1720 1648 1767 1690 nu·

119 1717 221 1772 ridetur
232 1715 314 1787 aquis
330 1715 455 1789 intingui,
473 1717 580 1772 ridetur
594 1716 628 1772 de
652 1717 729 1789 aquis
743 1717 892 1772 ascendere
909 1718 1057 1804 :Bptialis
1082 1719 1299 1788 conjunctionis,
1325 1728 1371 1774 aut
1398 1719 1504 1790 innupti
1530 1735 1672 1793 quousque
1697 1721 1768 1776 alter

120 1804 170 1859 sola
185 1813 281 1859 autern
296 1803 417 1859 fidelium
430 1805 518 1874 pietas
541 1805 625 1870 norit,
651 1806 713 1876 quia
736 1813 864 1877 peccator
890 1805 917 1860 in
968 1822 1062 1861 eorum
1077 1808 1207 1861 moriatur
1221 1808 1376 1875 manebunt,
1391 1815 1436 1862 aut
1451 1807 1501 1862 sibi
1524 1808 1695 1865 reconciliari
1710 1816 1767 1864 stu·

118 1891 214 1948 iontem
231 1892 387 1960 descendit,
404 1892 458 1947 sed
472 1891 769 1963 purificatusascendit.
782 1895 917 1950 Caeterum
965 1893 1077 1949 debunt.
1103 1894 1297 1951 lteconciliatio
1320 1903 1420 1959 autem,
1446 1903 1509 1965 post
1531 1896 1718 1967 poenitentiam
1740 1903 1767 1952 et

120 1981 198 2037 oculis
213 1980 405 2051 insipientium
420 1980 527 2036 videtur
541 1981 603 2036 talis
624 1981 698 2037 exire
712 1982 746 2037 de
761 1981 834 2037 fonte
850 1998 917 2053 qua·
966 1983 1210 2039 reconciliationem
1222 1983 1484 2051 sacerdotalemejus
1496 1984 1541 2056 qui
1557 1985 1690 2055 peccavit,
1704 1983 1764 2040 lieri

119 2068 145 2124 lis
159 2069 284 2136 intrarit,
301 2077 440 2140 totumque
455 2069 535 2125 ludus
550 2085 611 2125 esse
627 2070 700 2141 quod
715 2071 815 2143 agitur.
831 2071 865 2126 Et
889 2071 917 2126 in
966 2071 1056 2137 debet,
1072 2080 1100 2125 ut
1116 2071 1190 2142 prius
1209 2071 1364 2126 restituatur
1386 2071 1518 2127 Ecclesia
1541 2080 1720 2139 sacramento,
1737 2080 1764 2128 et

120 2159 164 2214 hac
177 2156 406 2229 desponsatione,
427 2157 572 2223 dotatione,
589 2165 670 2228 atque
685 2158 712 2213 in
737 2159 780 2213 bis
803 2158 914 2229 nuptiis,
965 2167 1061 2230 postea
1075 2159 1186 2230 nuptiali
1200 2158 1340 2230 mysterio.

120 2255 198 2302 totum
215 2238 358 2301 simulatio
381 2245 441 2314 luit,
464 2261 519 2301 non
542 2246 650 2302 veritas.
679 2247 825 2317 Propterea
847 2247 917 2303 sicut
1001 2248 1034 2302 Et
1048 2247 1111 2304 hinc
1126 2254 1237 2303 sanctus
1251 2247 1418 2320 Augustinus
1437 2247 1466 2302 in
1489 2246 1611 2303 secundo
1634 2246 1704 2303 libro
1727 2247 1763 2304 dc

121 2341 226 2389 unctus
247 2334 314 2399 Leo,
337 2334 372 2389 de
393 2333 435 2388 his
458 2334 502 2405 qni
524 2333 641 2389 formam
662 2342 764 2389 tanturn
789 2335 916 2407 baptismi
965 2335 1124 2390 adulterinis
1136 2334 1276 2408 coniugiis
1294 2336 1376 2391 dicit:
1400 2335 1484 2392 Licite
1508 2335 1598 2408 itaque
1621 2335 1763 2392 dimittitur
1862 2326 1865 2330 ’

119 2424 169 2478 sine
183 2421 412 2479 sanctificationis
425 2421 521 2478 virtute
544 2431 730 2494 susceperunt,
748 2423 869 2479 decernit
887 2431 917 2478 ut
966 2424 1064 2492 conjux
1079 2422 1115 2478 ob
1128 2439 1238 2479 causam
1254 2422 1448 2489 fornicationis,
1464 2424 1512 2479 sed
1523 2430 1614 2480 manet
1627 2423 1764 2480 vinculum

120 2510 264 2582 episcopali
291 2510 497 2566 confirmatione
529 2509 691 2566 lirmentur:
715 2511 751 2566 ita
780 2511 838 2567 lraec
861 2526 916 2566 nou
966 2511 1086 2582 pudoris,
1103 2511 1302 2583 propterquod
1318 2510 1347 2566 frt
1362 2511 1763 2584 reusadulteriiqnidimissam

120 2599 236 2670 coniugii
251 2596 332 2665 fides,
350 2599 397 2654 sed
413 2598 593 2668 copulationis
614 2598 716 2670 imago,
732 2598 916 2656 ecelesiastica
965 2599 1071 2655 duxerit
1086 2601 1166 2654 etiam
1181 2600 1216 2654 ob
1237 2601 1306 2655 hanc
1328 2615 1439 2655 causam
1463 2599 1658 2655 fornicationis.
1686 2600 1762 2656 Sicut

121 2686 255 2744 iunctione
269 2686 399 2756 solvatur,
416 2694 442 2740 et
460 2685 488 2740 in
503 2701 535 2742 eo
551 2686 597 2758 qui
612 2687 716 2758 indiget
730 2686 915 2744 ecclesiastica
965 2688 1038 2742 enim
1054 2687 1081 2742 in
1096 2703 1126 2742 se
1140 2695 1267 2742 manente
1283 2695 1455 2742 sacramento
1477 2687 1693 2760 regenerationis
1714 2704 1761 2743 ex-

120 2775 250 2831 ucdicina
264 2781 384 2830 sanetur.
966 2775 1180 2832 communicatus
1210 2776 1367 2848 cuiusquam
1397 2775 1520 2830 criminis
1540 2791 1615 2844 reus,
1643 2792 1694 2833 nec
1714 2776 1760 2833 illo

148 2864 284 2920 Ceterum
299 2864 322 2917 si
336 2863 395 2918 brec
410 2879 470 2935 qure
487 2861 629 2935 posuimus
647 2863 776 2918 studiosis
799 2864 842 2919 rel
865 2879 915 2920 cu·
965 2872 1135 2920 sacramento
1156 2871 1248 2929 caret,
1274 2863 1380 2919 etiamsi
1403 2878 1544 2936 nunquam
1571 2864 1761 2920 reconcilietur

122 2953 193 3008 riosis
208 2967 387 3024 nequaquam
400 2949 545 3017 sufficiunt,
560 2967 699 3023 apponere
722 2953 811 3008 adhuc
835 2952 915 3008 etiam
964 2952 1099 3018 Domino;
1115 2952 1152 3006 ita
1167 2952 1190 3006 si
1209 2959 1334 3007 manente
1347 2951 1373 3005 in
1389 2967 1419 3007 se
1433 2952 1541 3008 uinculo
1564 2951 1675 3007 foederis
1700 2968 1762 3008 con·

122 3041 164 3095 alia
178 3039 399 3113 procurabimus.
416 3040 459 3095 Ait
483 3040 556 3095 enirn
579 3040 677 3095 beatus
700 3041 869 3111 Augustinus
886 3042 913 3097 in
961 3039 1072 3112 jugalis,
1089 3055 1157 3096 uxor
1170 3040 1312 3095 dimittitur
1325 3041 1361 3095 ob
1376 3056 1486 3096 causam
1506 3039 1762 3108 fornicationis,nee

121 3128 181 3184 libro
195 3130 233 3185 de
247 3128 357 3198 Nuptiis
367 3135 394 3182 et
408 3127 651 3198 Concupiscentia:
667 3129 912 3200 Relinquetlromo,
964 3128 1066 3184 carebit
1075 3127 1121 3182 illa
1139 3129 1257 3192 uinculo,
1278 3128 1385 3183 etiamsi
1401 3144 1541 3201 nunquam
1565 3129 1757 3185 reconcilietur

122 3217 252 3289 inquiens,
264 3219 411 3290 potremct
421 3217 741 3285 matronr,elndlroerebit
751 3219 913 3284 uxorisne,
964 3217 1024 3271 viro
1041 3234 1048 3272 τ
1064 3217 1168 3272 carebit
1182 3224 1282 3282 autem,
1308 3216 1332 3271 si
1356 3225 1479 3272 mortuus
1502 3215 1583 3273 fuerit
1611 3217 1654 3273 vir
1681 3216 1759 3287 ejus3

122 3311 145 3361 et
157 3311 244 3362 erunt
254 3307 309 3362 duo
319 3307 444 3361 incarne
460 3306 605 3375 neuwen.
621 3307 677 3373 ub:
692 3306 765 3376 quod
779 3323 915 3378 magnum
964 3320 1027 3361 reus
1042 3321 1108 3360 vero
1132 3305 1389 3360 excommumicatus
1410 3305 1472 3360 ideo
1498 3319 1637 3376 nunquam
1659 3304 1763 3361 carebit

122 3390 331 3453 sacromentum
339 3393 404 3449 dicit
418 3395 436 3448 A
439 3395 566 3466 postolos
580 3395 612 3448 in
628 3394 812 3450 Claristoetr'n
823 3397 915 3450 Eccle-
964 3392 1182 3465 regenerationis
1197 3401 1377 3461 sacramento,
1397 3392 1479 3447 etiam
1494 3408 1550 3447 non
1570 3392 1761 3449 reconciliatur

122 3485 157 3539 ric
166 3484 282 3557 (Epiros.
295 3483 335 3554 v).
353 3480 432 3550 Quod
447 3488 488 3537 est
508 3482 536 3536 in
559 3481 665 3537 Christo
690 3491 715 3538 et
739 3483 767 3537 in
790 3482 914 3538 Ecclesia
964 3483 1093 3554 quoniam
1116 3497 1254 3553 nunquam
1278 3481 1393 3536 moritur
1415 3481 1499 3535 Deus.
1524 3481 1656 3536 Remanet
1671 3481 1761 3553 itaque

122 3587 253 3645 magnum,
270 3571 324 3627 boc
338 3570 366 3626 in
381 3569 497 3643 singulis
512 3570 664 3642 quibusque
679 3570 743 3625 viris
758 3579 839 3642 atque
849 3586 914 3627 uxo·
963 3579 1002 3639 ut,
1020 3570 1043 3624 si
1058 3585 1155 3640 sapere
1170 3569 1321 3625 secundum
1335 3569 1495 3640 Apostolum
1505 3567 1641 3634 volumus,
1658 3584 1712 3625 non
1722 3569 1763 3624 di·

122 3660 189 3715 ribus
203 3659 358 3726 minimum,
373 3658 423 3715 sed
437 3665 527 3714 tamen
551 3659 748 3729 conjunctionis
772 3659 913 3735 insepara·
963 3673 1057 3714 camus
1081 3657 1169 3714 virum
1195 3656 1348 3713 adulterum
1370 3672 1420 3728 pro
1438 3665 1544 3712 mortuo
1566 3657 1759 3728 deputandum,
1822 3672 1826 3680 ·

123 3747 177 3804 bilis
191 3755 403 3805 sacramentum.
964 3755 990 3802 et
1004 3747 1067 3802 ideo
1080 3746 1162 3804 licere
1185 3762 1296 3801 uxorem
1318 3746 1377 3815 ejus
1399 3744 1475 3801 alteri
1493 3744 1607 3801 nubere.
1632 3744 1761 3815 Quamuis

152 3836 327 3909 Quapropter
340 3835 467 3909 legaliter
475 3842 500 3892 et
510 3834 664 3907 nuptialiter
672 3835 791 3908 copulati
801 3846 913 3909 excepta
963 3835 1035 3892 enim
1051 3835 1085 3890 sit
1098 3851 1173 3890 mors
1188 3834 1361 3898 adulterium,
1381 3849 1437 3890 non
1457 3832 1591 3904 corporis,
1617 3834 1666 3890 sed
1687 3834 1762 3907 quod

124 3940 196 3982 cauae
211 3924 412 3992 fornicationis,
429 3924 549 3996 separari
564 3940 619 3980 non
634 3933 763 3996 possunt;
781 3934 808 3982 et
831 3941 914 3982 causa
963 3924 1040 3994 pejus
1055 3931 1106 3989 est,
1122 3924 1238 3990 animae;
1255 3939 1308 3979 non
1325 3931 1414 3979 tamen
1429 3924 1463 3978 da
1477 3923 1536 3994 ipsa
1553 3930 1642 3980 morte
1662 3922 1759 3996 loque-

123 4011 299 4071 iornicationis
322 4013 451 4084 separati,
475 4021 520 4068 aut
543 4028 705 4084 permanere
728 4014 847 4086 innupti,
869 4021 913 4069 aut
962 4013 1042 4068 batur
1057 4012 1213 4084 Apostolus,
1226 4012 1422 4068 cumdicabat:
1437 4012 1546 4081 Quodsi
1557 4016 1687 4069 mortuos
1697 4015 1760 4084 fuc-
1778 4078 1781 4082 .

124 4111 206 4160 numo
219 4103 322 4158 debent
336 4100 516 4167 reconciliari,
533 4101 601 4159 sicut
620 4103 779 4173 evangelica
802 4110 829 4159 et
850 4118 913 4174 apo
961 4103 1057 4158 ritvir
1070 4104 1140 4172 ejus,
1158 4103 1205 4158 cni
1218 4103 1281 4157 vult
1293 4101 1382 4156 nubat
1396 4100 1421 4172 (l
1434 4101 1495 4156 Cor.
1511 4100 1581 4171 vu);
1600 4100 1648 4156 sed
1664 4100 1699 4156 de
1713 4099 1757 4156 illa

125 4191 209 4247 stoliea
222 4192 304 4247 docet
319 4190 475 4255 auctoritas,
502 4197 528 4246 et
543 4189 669 4246 Africana
685 4191 805 4261 synodus
819 4190 912 4246 defrui-
962 4188 1020 4244 sola
1036 4190 1138 4261 quade
1154 4205 1268 4261 corpore
1282 4189 1379 4244 exitur.
1396 4190 1429 4243 Et
1443 4188 1508 4243 item
1523 4188 1551 4243 in
1564 4189 1679 4245 eadem:
1695 4189 1759 4245 Erec

125 4278 174 4334 rit:
189 4280 303 4349 Placuit,
319 4279 455 4349 inquiens,
467 4285 496 4333 ut
511 4279 661 4334 secundum
684 4279 870 4351 evangelicam
886 4287 911 4335 et
961 4293 1081 4349 namque
1096 4277 1217 4348 alligatio
1226 4275 1446 4349 quandoquidem
1460 4292 1515 4332 non
1530 4275 1653 4345 solvitur,
1663 4276 1757 4333 etiam-

125 4368 293 4437 apostolicam
306 4366 489 4437 disciplinam,
506 4382 594 4438 neque
608 4366 737 4422 dimissus
758 4367 792 4421 ab
815 4383 910 4437 uxore,
961 4367 984 4421 si
999 4382 1049 4438 per
1064 4366 1204 4438 repudium
1215 4366 1313 4434 conjux
1328 4381 1344 4420 a
1360 4372 1435 4421 cesta
1458 4364 1573 4437 conjuge
1597 4373 1757 4436 separetur,

125 4470 202 4528 neque
215 4455 331 4512 dimissa
345 4471 360 4508 a
374 4454 481 4520 marito,
497 4453 575 4510 alteri
590 4454 785 4526 conjungatur;
796 4456 851 4538 'sed
875 4453 946 4513 itaD
961 4455 1045 4510 multo
1060 4455 1149 4510 minus
1173 4453 1297 4519 solvitur,
1322 4453 1346 4508 si
1369 4467 1423 4509 non
1445 4460 1570 4524 separata
1593 4453 1754 4509 moechctur.

125 4551 314 4610 mercantem
331 4542 440 4599 sibimet
453 4542 670 4599 reconcilientur.
695 4542 775 4612 Quod
800 4544 824 4600 si
846 4560 912 4600 con·
961 4546 1000 4600 Ac
1013 4544 1123 4614 perboc
1138 4559 1193 4599 non
1207 4559 1266 4598 eam
1282 4541 1363 4600 solvit
1376 4543 1427 4597 nisi
1449 4557 1524 4597 mors
1548 4540 1681 4612 conjugis,
1702 4556 1757 4597 non

126 4633 281 4703 eumerium
299 4632 335 4688 ad
349 4630 535 4701 penitentiam
551 4631 717 4703 redigantur.
728 4633 761 4687 Et
772 4632 912 4706 qniauxor
961 4633 987 4686 in
1002 4631 1165 4686 adulterium
1182 4632 1344 4701 corruentis,
1367 4631 1416 4687 sed
1434 4631 1467 4686 de
1489 4643 1602 4700 corpore
1623 4629 1755 4685 exeuntis.

124 4722 248 4787 amarito,
264 4719 309 4775 rel
323 4720 436 4775 maritus
451 4720 486 4775 ab
501 4735 596 4784 uxore,
612 4720 665 4776 nisi
684 4736 768 4776 cansa
790 4719 911 4778 fornica·
961 4719 1133 4790 Quapropter
1147 4720 1170 4775 si
1184 4720 1331 4776 recesserit
1343 4718 1441 4774 mulier
1459 4717 1493 4773 ab
1507 4715 1630 4774 adultero
1643 4716 1712 4786 viro,
1730 4726 1756 4774 et

124 4806 202 4875 donn,
227 4824 283 4865 non
303 4809 375 4884 valet
404 4824 493 4881 neque
517 4808 599 4864 debet
621 4809 774 4876 discedere,
803 4826 837 4866 ex
860 4811 911 4866 bac
960 4808 986 4864 ei
1000 4808 1170 4865 reconciliari
1196 4825 1251 4864 non
1264 4808 1330 4873 uult,
1345 4813 1455 4862 maneat
1469 4806 1581 4877 innupte
1597 4823 1605 4861 t
1621 4800 1649 4862 'et
1667 4806 1689 4861 si
1714 4806 1755 4862 di·

125 4897 273 4971 erangelica
288 4895 316 4952 e't
329 4896 477 4968 apostolica
492 4896 615 4952 doctriua
631 4897 728 4953 beatus
742 4898 911 4970 Augustinus
959 4896 1063 4951 miserit
1082 4897 1124 4952 vir
1148 4897 1301 4954 adulteram
1326 4895 1475 4960 mulierem,
1503 4903 1530 4950 et
1553 4910 1613 4951 eam
1628 4910 1684 4953 non
1698 4896 1755 4952 vult

124 4981 226 5042 inlibro
241 4975 331 5057 p'rimo
346 4984 694 5058 deadulterinisConJugiis
707 4985 910 5045 adPollentium
959 4985 1092 5055 recipere,
1109 5001 1159 5041 nee
1174 4994 1235 5056 post
1250 4983 1446 5057 poenitentiam,
1462 4984 1596 5042 custodiat
1610 4985 1754 5041 continen-

123 5070 177 5128 dicit
191 5089 198 5130 :
213 5073 283 5143 Quis
306 5081 348 5130 est
370 5073 416 5146 qui
439 5073 520 5139 dicat,
545 5073 568 5129 si
591 5074 748 5130 discesserit
775 5075 873 5131 mulier
895 5092 910 5131 a
959 5074 1034 5138 tiam,
1051 5074 1101 5130 etsi
1115 5090 1170 5129 non
1184 5072 1322 5128 voluntate
1337 5071 1456 5145 eligendi
1471 5074 1583 5145 potioris
1597 5074 1672 5141 boni,
1684 5081 1756 5130 certe

122 5159 171 5216 rito
184 5177 238 5219 non
251 5162 413 5227 fornicante,
430 5169 460 5217 ut
478 5161 591 5233 innupta
613 5170 779 5233 permaneat,
801 5179 863 5219 eum
885 5165 911 5222 ei
959 5178 993 5218 ex
1007 5163 1169 5219 necessitate
1180 5161 1281 5217 vitandi
1295 5160 1440 5231 perniciosi
1455 5163 1529 5218 mali.

122 5247 166 5305 risi
178 5250 262 5307 ariro
278 5250 429 5307 fornicante
443 5250 587 5308 discedere
609 5251 720 5307 omnino
734 5267 790 5307 non
803 5252 910 5310 bceatl
994 5252 1028 5306 Et
1043 5252 1106 5306 hinc
1120 5250 1201 5305 latius
1216 5249 1244 5303 in
1258 5247 1381 5321 praefatis
1396 5249 1472 5306 libris
1494 5252 1590 5306 doctor
1618 5249 1754 5308 facundis·

122 5335 221 5396 Etitem
237 5357 244 5394 :
260 5340 339 5396 Hanc
354 5339 440 5394 solam
454 5355 566 5396 causam
580 5339 762 5397 luminationis
777 5342 910 5398 Dominus
960 5339 1043 5394 simus
1058 5338 1186 5408 disputat,
1203 5338 1271 5394 sicut
1286 5338 1333 5410 qui
1344 5339 1526 5412 intelligenter
1547 5338 1654 5412 legerit,
1665 5340 1755 5397 nesci·

122 5428 240 5501 magister
270 5427 389 5499 excepit,
426 5443 487 5484 cum
508 5428 543 5484 de
568 5428 728 5486 dimittenda
752 5429 910 5505 loqueretur
959 5442 1058 5483 renon
1072 5425 1181 5498 poterit.
1198 5426 1253 5483 Sed
1268 5427 1336 5483 etin
1351 5428 1440 5499 primo
1454 5426 1525 5483 libro
1543 5428 1578 5484 de
1599 5428 1706 5500 Nuptiis
1728 5437 1755 5484 et

122 5528 193 5574 uxore
209 5534 217 5574 z
232 5517 364 5591 deditque
379 5515 494 5590 intelligi
508 5517 588 5573 talem
602 5515 806 5575 formametiam
819 5534 837 5576 a
849 5520 910 5578 viro
958 5523 1183 5598 Concupiscentia
1208 5525 1282 5593 dicit,
1307 5526 1370 5598 quia
1390 5524 1497 5583 lavacro
1526 5527 1752 5600 regenerationis,
