3794 6104
117 236 165 291 llll

762 231 909 286 ioannis
929 231 1025 286 PAPrE
1037 232 1096 288 vttt

1712 236 1760 291 ‘ihi

119 346 257 415 subtracto
279 357 395 412 alterum
422 372 476 411 non
496 355 572 424 juxta
596 369 720 409 normam
753 355 913 409 canonicam
929 356 1029 416 Atiam
1045 356 1173 422 feceritis,
1191 358 1285 413 scitote
1301 358 1374 428 quod
1398 359 1471 412 omni
1502 374 1551 413 ros
1578 357 1761 414 ecclesiastica

119 447 236 504 electum
253 446 287 501 ad
302 448 418 501 adverso
434 445 594 507 venientem,
613 458 663 496 nec
678 458 728 518 per
744 442 842 495 ostium
865 443 914 497 scd

118 537 228 592 aliunde
248 537 437 597 introeuntem,
468 541 514 586 tuo
541 540 644 584 tautum
673 530 748 584 libitu
772 530 914 584 ordinasse

119 626 266 681 accusaris.
288 626 318 677 ln
333 639 386 693 quo
402 631 426 674 te
442 637 495 674 iton
517 620 612 673 leviter
636 619 781 672 iucurrisse
805 619 915 672 omniuo

118 715 251 778 videmus,
275 711 338 782 quia
364 710 469 763 dicente
494 708 696 777 predecessore
720 715 813 761 nostro
846 723 915 776 papa

118 801 263 857 Coelestino
278 800 372 871 (epist.
393 801 418 862 l,
430 798 565 868 episcopis
597 797 746 856 l‘i'eiincusi
767 799 794 848 ct
810 795 914 850 ,l'urho-

119 891 212 958 nciist')
224 908 233 942 .·
247 887 345 942 Nullus
359 885 450 940 invitis
465 884 544 938 detur
553 883 697 953 eplscopus
710 901 716 947 ς
729 882 804 945 cleri,
815 882 913 951 plebis,

118 986 144 1032 ct
159 975 262 1031 ordinis
277 989 440 1030 consensum
455 981 481 1026 et
501 971 666 1025 desiderium
696 970 834 1040 requirere
863 970 914 1023 de-

118 1064 208 1119 buisti.
225 1064 305 1131 Cujus
321 1063 401 1116 etiam
416 1060 574 1115 auctoritate
589 1058 680 1113 clerici
705 1058 806 1111 haberit
830 1056 915 1111 lacul-

119 1160 198 1208 tatem
215 1151 368 1218 resistendi,
385 1150 408 1203 si
424 1165 453 1203 se
468 1147 583 1202 viderint
601 1146 767 1216 praegravari
784 1162 789 1198 :
808 1154 835 1197 ut
847 1160 915 1215 quos

118 1241 168 1294 sibi
185 1239 272 1311 iugeri
288 1256 320 1293 ex
341 1247 498 1292 transverso
523 1235 711 1304 cognoverint,
735 1250 787 1287 noti
804 1234 915 1286 timeant

119 1328 236 1383 refutare
249 1346 256 1393 3
268 1326 397 1397 quoniam
413 1324 463 1378 etsi
476 1339 530 1377 noti
555 1322 675 1376 debitunt
696 1321 845 1389 praemium,
872 1321 915 1373 rel

118 1416 233 1472 liberum
250 1413 392 1484 decoqui
417 1428 463 1466 eos
485 1419 606 1466 recturus
632 1417 673 1462 est
695 1409 795 1462 debent
817 1408 915 1461 hahere

116 1505 259 1574 judicium.
275 1503 344 1557 Nam
360 1507 488 1555 etsaneto
504 1499 593 1552 Leone
609 1498 716 1551 dcciitc
746 1497 838 1565 (epist.
869 1499 912 1559 95,

119 1594 232 1648 Rustico
261 1586 552 1652 Narbonensitzb'ulla
580 1586 648 1638 ratio
677 1584 739 1637 sinit
767 1584 836 1637 iuter
854 1583 914 1652 epi-

118 1697 216 1750 scopos
228 1679 384 1740 habeantur,
397 1676 442 1747 qui
453 1689 528 1728 neca
543 1672 650 1727 clericis
665 1681 727 1725 sunt
751 1672 840 1734 electi,
865 1686 915 1726 uec

120 1768 273 1838 aplebibus
286 1764 404 1834 expetiti.
436 1763 513 1818 Unde
540 1777 602 1815 cum
632 1776 703 1829 scope
733 1759 847 1829 quaestio
881 1757 915 1811 de

119 1856 192 1911 male
206 1862 317 1924 accepto
333 1855 434 1906 honore
451 1858 587 1912 nascatur,
600 1849 661 1918 quis
677 1847 795 1918 ambigat
812 1860 917 1916 nequa-

124 1961 202 2016 quam
213 1943 272 1998 istis
301 1958 363 1996 esse
392 1939 571 2001 tribuendum,
603 1936 674 2007 quod
704 1952 758 1989 non
786 1935 916 1989 doceatur

123 2031 205 2088 luisse
217 2027 566 2087 collatum‘tEodemetiam
582 2024 698 2094 capitulo
718 2027 751 2078 35
775 2024 917 2077 Cauonum

125 2136 232 2176 tuorum
243 2119 356 2188 jubente
376 2119 468 2188 (epist.
496 2120 538 2178 88,
565 2115 714 2167 [locatorio
740 2112 916 2166 Tticssolottt·

119 2211 208 2277 censi)
225 2228 234 2263 :
249 2207 355 2271 Nullus,
371 2213 399 2259 ut
414 2203 516 2258 dictum
541 2210 593 2264 est,
619 2217 674 2254 uoti
698 2200 852 2269 petentibus
877 2207 917 2252 est

122 2295 289 2352 ordinandus
303 2293 426 2356 antistes,
444 2307 478 2344 tie
492 2290 587 2345 civitas
602 2289 760 2358 episcopum
776 2303 829 2340 non
844 2294 919 2355 opta·

120 2394 178 2440 tum
193 2392 238 2438 aut
248 2389 402 2437 contemnat
414 2388 460 2434 ant
474 2378 563 2444 odiat;
579 2392 611 2431 ac
626 2391 676 2445 per
691 2377 741 2429 hoc
757 2374 801 2428 liat
829 2375 917 2427 minus

121 2473 249 2544 religiosa
264 2485 345 2541 quam
360 2468 494 2530 contenit,
512 2466 555 2520 cui
570 2480 622 2518 non
636 2463 709 2517 licuit
726 2464 827 2516 habere
838 2477 918 2532 quem

120 2561 215 2616 voluit.
230 2560 279 2613 ttis
293 2559 328 2611 ita
340 2556 453 2618 statutis,
472 2571 506 2608 ne
522 2554 549 2607 in
564 2552 686 2606 Ecclesia
704 2552 752 2604 Dei
768 2551 815 2603 tibi
845 2565 918 2604 coin-

121 2649 205 2703 missa
230 2646 387 2702 scandalum
416 2649 524 2697 maneat
545 2641 588 2695 vel
614 2640 733 2694 schisma
760 2638 866 2696 existat,
883 2636 920 2689 di-

119 2735 228 2791 lectioni
241 2743 294 2789 tum
307 2732 434 2800 jubemus
448 2739 476 2785 ut
492 2746 553 2784 cum
569 2729 667 2782 eodem
683 2743 700 2781 a
718 2735 743 2780 te
753 2733 918 2780 consecrato

119 2824 257 2894 episcopo,
273 2832 301 2875 et
315 2820 360 2874 illo
375 2820 420 2890 qui
436 2835 465 2872 se
481 2817 612 2872 canonice
628 2815 727 2869 asserit
751 2814 836 2867 luisse
861 2813 920 2867 ele-

965 446 1155 501 communinne
1181 454 1293 517 atquea
1315 462 1430 516 corpore
1451 457 1476 501 et
1499 447 1637 519 sangnine
1661 447 1762 502 Domini

965 535 1049 589 nostri
1064 536 1193 589 canonice
1209 535 1404 603 separabimus,
1422 536 1492 590 sicut
1507 536 1667 590 invasorem
1679 552 1760 590 rerum

965 622 1220 677 ecclesiasticarum.
1238 623 1306 678 Data
1322 628 1353 677 iit
1370 640 1466 695 supra.

1327 712 1398 765 c'ttt.

1172 813 1208 852 ito
1223 814 1392 853 causemur
1421 814 1555 854 costiratt.

1270 889 1360 956 (Anno
1388 888 1463 947 hihi

965 976 1054 1030 ttouet
1066 993 1102 1030 ric
1113 979 1227 1030 ltoiriiiiii
1238 992 1300 1029 erim
1312 976 1342 1029 ob
1353 991 1469 1029 inimum
1478 977 1585 1037 veniat,
1608 979 1641 1029 ut
1656 981 1759 1046 apostr-

1002 1047 1062 1100 licis
1072 1046 1144 1100 sardis
1156 1046 1278 1100 hostibus
1287 1046 1432 1100 ueritiam
1441 1049 1533 1115 feriit:
1544 1047 1619 1116 qnid
1630 1046 1717 1100 stulta
1731 1046 1759 1101 dt

1000 1133 1084 1170 citari
1098 1118 1216 1176 imerii,
1231 1116 1382 1181 honorilice
1393 1133 1421 1170 se
1430 1132 1494 1170 etim
1506 1121 1698 1186 exceptarum
1705 1134 1759 1187 pro

1000 1188 1092 1240 mittit
1105 1205 1110 1238 :
1122 1189 1205 1254 ptura
1217 1188 1315 1252 terratis
1331 1188 1467 1257 injuript't,
1480 1188 1580 1256 qiithus
1591 1187 1679 1252 tidem
1687 1188 1760 1240 adhi-

1000 1257 1059 1310 bert
1067 1257 1150 1325 jabet
1161 1258 1496 1320 ,ititettiertnmltomiinie
1510 1258 1646 1312 Ecclesia
1662 1257 1758 1312 boehm

1000 1344 1027 1380 sc
1036 1344 1092 1380 tion
1101 1343 1180 1398 porse
1190 1329 1233 1380 nit
1245 1329 1275 1380 tn
1287 1329 1517 1381 retractationem
1524 1329 1662 1397 recipere.

1000 1415 1103 1468 Dilecto
1119 1413 1173 1467 tilio
1189 1415 1338 1468 Liuaeitro
1361 1414 1481 1485 glorioso
1505 1415 1609 1468 comiti.

1001 1502 1159 1556 Dilectionis
1175 1513 1200 1555 et
1230 1503 1354 1556 amicitiae
1384 1512 1480 1556 vestrae
1509 1518 1635 1556 amorem
1660 1518 1692 1557 ac
1713 1503 1758 1558 sin·

965 1591 1105 1644 ceritatem
1138 1589 1214 1660 quasi
1247 1591 1381 1660 quoddam
1429 1590 1584 1644 insolubills
1630 1591 1757 1646 alteritatis

930 1680 1066 1764 Bpigiius
1088 1687 1221 1736 tenentes,
1251 1687 1322 1732 tanto
1352 1679 1386 1732 de
1411 1679 1585 1733 inimicorum
1614 1687 1756 1734 nostrorum

968 1767 1030 1821 calli
1043 1767 1073 1818 tis
1088 1766 1193 1818 astutiis
1208 1766 1251 1820 rel
1267 1767 1425 1835 praeparatis
1450 1783 1510 1821 cum
1526 1767 1681 1836 apostolica
1703 1768 1755 1822 sede

966 1856 1055 1908 securi
1073 1854 1212 1908 existimus
1229 1854 1342 1917 insidiis,
1361 1863 1461 1924 quanto
1486 1855 1646 1921 nobilitatis,
1671 1865 1754 1910 vestra

966 1942 1125 2011 potentiam,
1141 1959 1194 1995 uua
1217 1958 1277 1996 cum
1304 1942 1403 1996 Christi
1427 1941 1528 1996 auxilio
1551 1943 1632 1997 nobis
1655 1944 1752 2010 conjun-

966 2040 1036 2085 ctam
1053 2031 1078 2082 iu
1095 2030 1219 2085 omnibus
1234 2030 1374 2100 prosperis
1389 2046 1436 2085 seu
1450 2029 1578 2084 adversis
1590 2047 1652 2085 esse
1672 2031 1750 2101 procul

966 2119 1048 2172 dubio
1062 2119 1197 2172 credimus
1215 2136 1221 2170 :
1239 2118 1365 2188 quoniam
1380 2127 1406 2172 et
1421 2134 1471 2172 nos
1486 2120 1629 2174 vobiscum
1647 2120 1672 2172 in
1698 2135 1749 2173 cun·

967 2206 1017 2260 ctis
1033 2222 1092 2276 quae
1107 2215 1205 2260 vestrm
1219 2206 1314 2278 gloriae
1329 2214 1390 2259 sunt
1404 2221 1525 2278 congrua
1540 2206 1586 2262 vel
1614 2207 1747 2261 necessarii

967 2294 1084 2348 existere
1100 2294 1216 2363 prompti
1232 2303 1365 2364 optamus.
1379 2294 1413 2348 Et
1436 2293 1498 2348 ideo
1523 2294 1695 2350 eminentiam
1712 2311 1747 2349 re·

968 2391 1051 2436 stram
1067 2399 1128 2453 quae
1144 2383 1271 2436 relatione
1299 2382 1479 2452 quorumdam
1509 2383 1655 2437 didicimus
1681 2383 1745 2437 latere

969 2471 1102 2537 nolentes,
1118 2478 1209 2540 utpote
1224 2470 1335 2539 spiritali
1351 2470 1405 2524 tilio
1421 2479 1516 2525 nostro
1532 2472 1636 2526 reterre
1658 2470 1743 2525 indubi-

969 2558 1057 2612 taiitcr
1073 2575 1209 2613 auranitis.
1226 2558 1385 2611 Audivimus
1405 2574 1523 2628 namque
1553 2560 1627 2631 quod
1653 2559 1742 2613 inimicis

969 2656 995 2700 et
1010 2645 1163 2700 infidelibus
1177 2647 1278 2700 nostris
1289 2663 1338 2715 pei·
1349 2647 1489 2714 eujusdam
1499 2648 1705 2702 exhortationem
1712 2662 1742 2701 cu

970 2735 1049 2804 piatis
1069 2735 1138 2787 terre
1160 2734 1294 2800 solatium,
1312 2742 1392 2804 atque
1414 2735 1529 2789 Romam
1551 2735 1686 2790 venientes
1702 2735 1741 2788 suis

970 2838 1017 2875 eos
1034 2822 1114 2875 rebus
1130 2831 1155 2875 et
1170 2821 1309 2875 beneticiis
1325 2831 1417 2876 contra
1433 2833 1557 2876 nostram
1569 2825 1648 2877 etiam
1670 2822 1741 2876 volun·

120 2920 203 2975 ctum,
221 2911 255 2964 de
269 2907 518 2978 prasentillomam
534 2904 625 2957 venire
636 2918 775 2972 procures,
787 2909 921 2970 qsssslssssus
971 2918 1052 2963 tatem
1067 2909 1288 2963 inconvenienter
1304 2909 1444 2964 restituere
1460 2910 1585 2964 debeatis
1602 2929 1608 2963 :
1624 2911 1690 2982 quod
1701 2908 1741 2963 nul·

122 3000 149 3052 ill
164 2996 307 3068 pt‘aesenlld
322 3004 415 3048 nostra
429 3001 455 3047 el
472 2992 544 3046 sedis
564 2990 722 3060 deSlolltlae
747 2989 812 3042 issssll
836 3003 919 3043 (lausa
971 2997 1410 3068 lugin1p01·a[01'um‚vrjlrpgum‚
1435 3006 1480 3051 aut
1501 3015 1597 3053 comes
1616 3009 1741 3053 dssleoeSSd·

121 3085 223 3158 negotii
238 3083 385 3155 diligenter
400 3079 527 3150 inquisita
542 3086 568 3132 el
582 3077 736 3131 examinata
757 3075 916 3147 legitimum,
935 3053 1046 3137 Cribus
1063 3085 1162 3139 nostris
1176 3085 1274 3139 secisse
1289 3086 1426 3139 recolitur,
1440 3086 1518 3140 Unde
1533 3087 1614 3140 valde
1629 3088 1739 3148 miramur,

120 3176 179 3230 Deo
196 3172 309 3236 favente,
326 3168 408 3224 tinent
422 3168 565 3238 pereipiat.
576 3166 694 3220 Obedire
705 3165 786 3236 igilur
800 3173 825 3217 te
837 3179 919 3232 0p0t·
970 3172 993 3226 si
1009 3174 1059 3227 lioc
1076 3189 1169 3227 ieram
1184 3180 1234 3237 est,
1250 3174 1387 3243 quomodo
1401 3182 1483 3227 taritae
1499 3174 1626 3229 amicitiae
1641 3175 1740 3228 internos

118 3260 349 3316 tethuicnostrae
364 3255 540 3328 praeceptioni
555 3270 604 3324 pro
624 3252 754 3308 Ecclesia
779 3252 828 3305 [toi
853 3266 919 3320 pace
971 3262 1049 3314 toties
1064 3260 1161 3315 liabihe
1176 3269 1264 3331 atquae
1279 3261 1419 3330 promissae
1434 3261 1509 3315 obliti
1534 3264 1610 3327 estis,
1633 3267 1743 3331 cumpost

118 3351 239 3405 directae.
256 3348 325 3402 Nam
342 3345 364 3399 si
380 3346 456 3398 aliter
467 3343 577 3405 locetis,
594 3342 663 3397 ScilO
685 3341 749 3409 quia
765 3357 815 3394 1¹0⁵
839 3338 920 3393 tillem
971 3351 1055 3403 lteum
1071 3366 1120 3403 vos
1136 3349 1216 3403 niodo
1232 3349 1258 3402 iii
1275 3350 1400 3403 omnibus
1416 3350 1628 3405 necessitatibus
1651 3360 1675 3406 et
1693 3348 1744 3404 utili·

120 3437 239 3493 illicitam
254 3433 491 3506 praesumptionem
508 3431 668 3500 lmpussllflm
692 3428 848 3482 nullalenus
871 3442 914 3480 ΓΘ·
971 3438 1069 3493 tatibus
1085 3437 1312 3492 ECCiQSlaeSasscli
1329 3437 1399 3490 Petri
1414 3438 1564 3492 habeamus
1587 3439 1689 3495 unicum
1711 3436 1744 3490 ad·

122 3525 283 3596 linquemus
295 3525 363 3578 Data
377 3526 410 3578 iit
427 3538 521 3592 supra.

500 3627 555 3680 Ctt.

331 3741 367 3779 itii
383 3739 559 3778 cuuiruarcii
575 3735 708 3776 contrait.

428 3813 519 3878 (Anno
535 3810 609 3877 ati.)

124 3903 255 3973 Praecipit
265 3905 298 3956 at
306 3902 377 3956 hono
391 3901 521 3954 Romane
532 3896 727 3965 Ecclestaeqiic
736 3895 920 3963 occupaverat

450 3985 595 4039 restituat.

160 4076 263 4131 Dilecto
278 4073 333 4129 filio
348 4074 508 4128 enniiairo
523 4069 644 4142 glorioso
660 4066 762 4122 comiti.

159 4163 255 4220 Audita
283 4161 436 4221 didicimus,
466 4159 547 4214 etiam
576 4166 602 4211 et
631 4156 765 4210 veraciter
807 4153 918 4219 scimus,

124 4252 196 4324 quod
212 4259 314 4306 cortem
329 4248 417 4305 sancti
438 4247 518 4310 Petri,
549 4261 609 4316 quae
637 4252 678 4298 est
706 4243 734 4297 in
761 4241 918 4305 dlriscutia,

967 3526 1084 3594 jutorem
1107 3534 1186 3596 atque
1214 3525 1404 3579 fidelissimum
1431 3525 1617 3582 defensorem.
1646 3529 1677 3582 Et
1698 3525 1743 3580 ideo

971 3615 1032 3669 licet
1048 3614 1157 3684 quidam
1174 3613 1250 3667 robis
1265 3629 1348 3685 agere
1364 3614 1426 3667 talia
1441 3614 1499 3668 sedi
1515 3615 1672 3685 apostolica
1688 3612 1746 3670 nohis

971 3719 1022 3773 que
1039 3702 1173 3757 contraria
1189 3702 1330 3765 suadeant,
1347 3717 1397 3756 nos
1422 3709 1511 3757 tamen
1535 3701 1563 3757 in
1589 3712 1682 3759 vestra
1699 3698 1745 3756 fidei

970 3790 1124 3855 devotione,
1142 3806 1223 3860 quani
1239 3806 1304 3861 erga
1321 3789 1492 3845 beatissimos
1506 3791 1647 3862 principes
1660 3799 1745 3862 aposto

971 3878 1060 3933 lorum
1074 3880 1182 3933 Petrum
1198 3893 1230 3933 ac
1248 3878 1369 3944 Paulum,
1391 3886 1418 3933 et
1442 3886 1565 3934 nostram
1581 3881 1746 3950 patemitaten

970 3968 1084 4032 habetis,
1101 3967 1246 4037 plurimum
1263 3964 1441 4030 confidentes,
1459 3968 1538 4038 quasi
1551 3968 1653 4024 dilecto
1673 3966 1746 4022 silicet

971 4054 1090 4109 unanimi
1119 4055 1206 4109 amieo
1235 4054 1395 4108 mandamus
1425 4063 1453 4108 ut
1481 4071 1532 4125 pro
1552 4057 1604 4111 Dei
1623 4065 1649 4112 et
1676 4061 1746 4110 nostri

971 4158 1073 4208 artiore,
1090 4160 1138 4213 pro
1161 4159 1240 4198 causa
1264 4142 1437 4198 inimicorum
1463 4153 1620 4200 nostrorum
1642 4145 1745 4217 aliquale

970 4248 1020 4285 iius
1036 4230 1211 4298 restituenda,
1228 4247 1289 4286 cuni
1306 4231 1347 4284 bis
1360 4232 1417 4298 jam
1432 4247 1463 4287 ac
1492 4240 1535 4286 ter
1564 4233 1689 4304 synodico
1708 4229 1745 4284 sint

125 4349 219 4397 contra
233 4339 320 4393 Deum
336 4345 361 4391 et
377 4343 498 4399 nostram
513 4333 676 4387 voluntatem
699 4330 815 4385 teneatis
839 4331 917 4383 inva-
971 4320 1020 4389 ipsi
1033 4319 1135 4386 ludlClO
1146 4319 1326 4379 0⁰ssd⁰fflss³lii
1344 4319 1457 4374 R⁰⁰¹³¹¹t
1471 4335 1544 4376 nunc
1560 4337 1616 4376 n0n
1639 4318 1743 4376 Vssssldssi

123 4445 190 4494 sam,
208 4436 235 4482 eq
249 4427 320 4481 unde
336 4440 447 4480 censum
461 4439 492 4477 ae
507 4420 672 4476 sumnonem
687 4435 802 4473 annuam
829 4418 921 4471 eccle.
936 4399 1035 4478 unia
1051 4407 1128 4461 valde
1142 4406 1240 4460 turbati
1255 4423 1287 4461 ac
1299 4407 1389 4460 tristes
1403 4407 1438 4460 ob
1454 4408 1506 4462 hoc
1523 4408 1680 4467 existentes.
1701 4418 1742 4466 vos,
1763 4437 1768 4447 ·

123 4520 164 4572 sia
184 4516 315 4588 principis
348 4512 534 4583 apostolorum
556 4525 607 4578 pro
631 4506 784 4561 luminariis
818 4505 920 4559 habere

121 4606 200 4661 solita
215 4612 282 4668 erat,
299 4617 371 4656 nunc
386 4608 477 4655 vestra
503 4597 582 4652 tortia
606 4605 632 4650 et
655 4594 768 4662 avaritia
792 4592 919 4662 lactente,

121 4694 158 4746 nil
173 4694 296 4762 recipere
311 4690 403 4759 nilque
421 4694 510 4756 potest
525 4685 635 4738 habere.
650 4683 726 4738 Unde
741 4699 774 4736 ex
801 4681 921 4735 auctori·

122 4788 175 4835 tate
189 4780 248 4841 Dei,
261 4786 287 4833 et
295 4777 381 4833 sancti
393 4775 471 4839 Petri,
484 4789 514 4828 ac
530 4781 634 4835 nostra,
649 4770 727 4825 vobis
748 4769 920 4838 praecipimus

120 4877 218 4922 utnon
245 4865 367 4920 babeatis
391 4863 529 4918 licentiam
559 4861 648 4930 ipsam
675 4867 778 4913 cortem
806 4857 922 4926 amplius

121 4956 248 5020 retinere,
267 4970 317 5009 trec
330 4955 357 5006 iri
372 4953 430 5019 ejus
447 4950 530 5005 rebus
545 4957 572 5003 ct
587 4947 757 5018 pertinentiis
774 4962 823 5000 vos
836 4945 923 4998 intro-

122 5044 243 5109 mittatis,
264 5042 286 5095 si
306 5041 421 5112 gratiam
445 5039 495 5093 Dei
518 5046 544 5092 et
569 5037 709 5090 beatorum
734 5033 923 5103 apostolorum

123 5133 196 5188 Petri
210 5141 236 5187 et
268 5130 343 5184 Pauli
373 5136 549 5197 nostramque
577 5123 797 5179 benedictionem
827 5121 925 5191 cupitis

123 5214 410 5283 haberc3siriatisque
440 5211 564 5265 homines
593 5208 680 5263 sancti
711 5206 782 5261 Petri
814 5205 859 5276 qui
888 5203 926 5258 ihi

124 5312 185 5358 sunt
196 5303 320 5359 eamdem
328 5309 432 5357 cortem
443 5297 572 5353 securiter
586 5297 712 5352 retinere.
723 5295 745 5348 N
749 5310 792 5350 am
803 5293 825 5347 si
839 5293 926 5362 ipsam

125 5399 227 5446 cortem
241 5391 371 5459 deinceps
386 5397 479 5446 tenere
494 5392 587 5442 eontra
611 5392 734 5440 nostram
760 5380 928 5438 voluntatem

128 5477 363 5549 praesumpseritis,
380 5475 552 5546 aliquamque
567 5473 604 5526 ibi
619 5471 728 5526 l'ortiam
753 5470 795 5526 vel
825 5467 930 5524 violeri-

971 4497 1038 4550 sicut
1053 4496 1131 4550 decet
1147 4504 1172 4548 et
1189 4510 1238 4548 nos
1254 4493 1387 4564 cupimus,
1405 4495 1557 4551 honorilice
1571 4498 1687 4567 recipere
1705 4504 1743 4547 not

972 4600 1126 4654 possumus.
1144 4582 1329 4651 Quamobrem
1346 4591 1436 4637 vestra
1452 4584 1598 4653 prudentia
1615 4592 1689 4639 tantae
1700 4595 1744 4651 pet·

973 4673 1111 4726 versitatis
1130 4671 1272 4726 consilium
1300 4672 1431 4735 destruat,
1461 4681 1543 4743 atque
1572 4683 1667 4729 contra
1689 4672 1743 4740 ipsc

972 4760 1097 4815 inimicos
1119 4769 1226 4814 nostros
1254 4759 1319 4814 totis
1348 4758 1449 4813 viribus
1477 4759 1633 4833 insurgere,
1661 4768 1683 4815 et
1704 4751 1744 4827 pan'

974 4848 1115 4903 noisiacum
1130 4849 1277 4908 voluntate,
1294 4847 1362 4902 sicut
1384 4856 1501 4916 oportet,
1531 4864 1580 4904 eos
1609 4845 1744 4905 contundere

974 4936 1145 5007 procuretis;
1161 4944 1188 4990 ut
1204 4952 1262 5001 nos,
1279 4935 1347 4990 sicut
1362 4951 1412 5004 per
1442 4952 1491 4990 vos
1520 4937 1667 5000 credimus,
1681 4927 1746 4991 secuti

976 5035 1001 5080 et
1017 5025 1108 5096 quieti,
1126 5025 1175 5078 Dei
1191 5033 1217 5079 et
1232 5033 1349 5077 vestrum
1365 5039 1525 5078 maneamus
1550 5027 1685 5081 auxilium.
1707 5019 1747 5077 itti

976 5129 1042 5167 vero
1057 5130 1106 5182 pro
1121 5128 1213 5172 causa,
1230 5111 1253 5165 si
1267 5112 1300 5165 ad
1317 5112 1409 5166 limina
1424 5113 1508 5167 sancti
1526 5114 1599 5168 Petri
1615 5125 1640 5169 et
1655 5120 1749 5168 nostran

977 5202 1153 5271 apostolicam
1170 5216 1240 5256 nunc
1255 5209 1298 5254 aut
1314 5208 1409 5270 postea
1424 5200 1504 5255 vultis
1534 5203 1628 5259 venire
1653 5213 1752 5274 praesen·

978 5290 1049 5355 tiam,
1065 5306 1113 5345 vos
1127 5296 1253 5359 prompto
1267 5298 1348 5361 atque
1377 5289 1534 5361 gratissimo
1562 5291 1664 5357 animo,
1691 5290 1755 5362 prout

978 5387 1093 5449 oportet,
1124 5376 1273 5434 honorifice
1300 5378 1470 5449 recipiamus,
1502 5378 1646 5438 vobiscum
1677 5377 1759 5453 paritet

979 5467 1127 5538 gaudentes
1141 5475 1166 5521 et
1182 5466 1345 5522 exsultantes
1369 5464 1397 5520 in
1412 5465 1539 5521 Domitio.
1565 5467 1647 5524 Plura
1669 5465 1762 5540 quitari
