3794 6104
122 229 173 285 sel
606 221 777 279 HINCMARI
790 218 990 277 RHEMENSIS
1003 218 1278 276 eacdtartscorl.
1720 224 1770 278 232

172 350 193 404 1.
222 350 375 419 Antequam
405 345 555 418 provinciae
583 345 774 417 Transalpinae,
809 345 956 417 propterA
971 343 1110 416 religionis
1126 344 1240 416 sumpsit
1254 343 1369 410 initium,
1386 351 1414 399 et
1428 341 1549 415 quotidie
1574 343 1678 416 gratias
1705 343 1771 412 Deo,

124 437 271 494 seditiones
281 445 308 492 et
323 436 393 492 bella
407 435 567 507 frequentia,
583 435 786 506 progenitorum
809 442 921 490 nostro·
971 432 1052 488 smnit
1067 440 1253 504 augmentum,
1269 433 1333 488 etsi
1348 432 1413 503 quid
1433 432 1504 488 male
1532 433 1560 487 in
1585 447 1654 506 agro
1677 432 1773 488 Domi·

125 541 186 582 rum
215 526 391 598 temporibus,
417 539 557 580 sacrarum
586 523 678 594 legum
705 538 737 579 ac
763 524 920 596 regularum
974 521 1036 579 nico
1050 521 1171 592 pullulat,
1186 521 1288 578 decreti
1303 521 1387 577 uestri
1402 521 1469 578 salse
1482 521 1633 577 recidatur.
1652 521 1680 577 si
1694 521 1774 576 etiam

124 614 246 669 notitiam
273 622 300 669 et
326 612 543 669 observationem
566 611 646 682 plene
675 620 819 682 caperent,
852 611 921 668 sicut
972 626 1194 682 quorumcunque
1222 609 1397 683 negligentia,
1431 611 1475 666 rel
1516 608 1731 680 praesumptione
1759 625 1775 665 a

123 711 217 774 poster
229 719 278 773 per
289 703 457 758 incrementa
471 700 559 756 studio
581 700 688 754 illorum
703 700 737 754 ab
764 715 798 755 ao
826 707 921 755 sancta
971 698 1126 769 prostitutis
1139 698 1243 771 regulis
1257 706 1298 754 est
1313 699 1473 765 discessum,
1497 705 1597 756 restrae
1620 698 1774 755 auctorita-

125 793 191 848 sede
206 791 294 864 gratia
309 791 359 846 Dei
374 798 514 860 ceperunt,
544 788 673 861 gloriosa
699 788 838 844 memoriae
853 803 921 845 avus
972 786 1150 843 tisiodustria
1165 788 1199 842 sit
1213 787 1397 843 reformatum.

122 887 216 936 noster
229 879 341 935 Carolus
355 879 505 948 imperator
517 879 666 950 Augustus,
690 877 738 932 diu
765 893 815 948 per
844 893 922 947 egre-
1006 876 1051 931 tv.
1069 875 1145 932 Sicut
1169 876 1219 932 Dei
1242 876 1330 932 virtus
1352 876 1477 932 Christus
1496 882 1523 932 et
1550 875 1601 931 Dei
1632 875 1774 946 sapientia,

123 969 184 1040 glos
199 984 230 1024 ac
244 967 389 1039 praecipuae
404 965 570 1022 auctoritatis
586 972 612 1020 et
627 964 767 1036 sapientiae
785 965 867 1031 viros,
887 965 921 1019 de
972 971 1141 1027 ordinemne
1156 971 1317 1044 dignitatem
1333 971 1518 1042 apostolorum
1547 979 1574 1026 et
1601 971 1774 1043 septuaginta

123 1056 290 1128 presbyteris
313 1072 346 1111 ex
374 1054 533 1112 criminibus
561 1052 717 1119 diffamatis,
749 1053 864 1125 qualiter
875 1053 922 1122 ju·
972 1059 1168 1132 discipulorum
1182 1061 1209 1116 in
1224 1061 1313 1117 earnis
1327 1060 1472 1133 praesanria
1486 1060 1619 1126 distinxit,
1644 1068 1673 1114 nr
1696 1059 1774 1116 laceio

122 1145 206 1202 dicari
222 1145 265 1200 vd
279 1159 397 1216 purgare
412 1159 442 1198 se
457 1142 573 1197 canaan
588 1141 745 1213 perquisivi,
761 1149 787 1196 a
810 1141 921 1212 repant,
972 1149 1056 1204 sancti
1071 1149 1214 1222 evangelii
1228 1157 1353 1220 patenter
1381 1148 1498 1205 ostenuit
1514 1165 1520 1203 :
1536 1148 1574 1202 na
1603 1147 1680 1203 idam
1706 1148 1773 1219 ipse,

123 1234 234 1290 sicutin
249 1231 467 1303 suaeinrpcrialis
488 1230 656 1285 auctoritatis
685 1230 790 1296 edictis,
820 1246 880 1302 quae
895 1230 922 1284 in
972 1253 1111 1308 perquem
1126 1253 1208 1308 reges
1223 1245 1347 1310 regnant,
1363 1245 1390 1293 et
1404 1237 1561 1293 conditores
1583 1235 1679 1308 legum
1705 1237 1776 1307 justa

122 1323 173 1378 alid
197 1320 325 1377 schedula
353 1320 484 1374 habemus
512 1319 629 1390 scripta,
657 1318 774 1390 P⁰Sleris
789 1319 922 1376 servanda
972 1325 1134 1396 decernunt,
1159 1326 1244 1382 sacris
1264 1326 1371 1397 legibus
1392 1333 1419 1381 et
1431 1326 1590 1392 canonibus,
1608 1325 1710 1397 spiritu
1728 1342 1776 1382 suo

122 1411 240 1483 reliquit.
257 1424 373 1480 qdaetide
388 1424 473 1479 usque
487 1408 523 1463 dd
537 1416 631 1463 nostra
650 1416 771 1478 tempora
797 1424 830 1462 ex
858 1416 923 1463 tund
972 1415 1109 1482 conditis,
1139 1422 1165 1472 et
1188 1415 1269 1470 totius
1292 1415 1387 1470 mundi
1413 1415 1566 1471 reverentia
1593 1416 1774 1483 consecratis,

122 1500 149 1554 in
164 1496 348 1568 Transalpinis
371 1496 528 1568 regionibus
552 1505 670 1563 servato,
686 1504 713 1551 et
739 1495 848 1568 quando
872 1512 922 1551 ne·
972 1503 1098 1560 ordinem
1113 1503 1313 1576 etdignitatem
1340 1503 1541 1574 episcoporum,
1572 1503 1620 1576 qui
1642 1504 1736 1560 locum
1750 1504 1776 1558 in

121 1588 235 1646 cessitas
245 1585 393 1658 postulavit
403 1594 534 1642 exsecuta
546 1584 663 1641 fuerunt.
973 1591 1097 1648 Ecclesia
1112 1600 1204 1648 tenent
1217 1592 1413 1663 apostolorum,
1435 1599 1461 1647 et
1479 1593 1716 1665 presbyterorum,
1733 1591 1776 1665 qui

160 1679 194 1733 11.
225 1678 255 1730 In
276 1675 373 1730 diebus
402 1682 492 1730 autem
507 1674 610 1729 domini
625 1680 652 1729 et
666 1672 797 1746 genitoris
822 1673 1157 1760 nostrissssubrogantur
1185 1680 1246 1737 loco
1275 1682 1447 1752 septuaginta
1474 1679 1687 1752 discipulorum,
1710 1689 1736 1736 et
1750 1681 1776 1736 in

123 1767 175 1841 pis
189 1764 328 1822 menania
351 1762 481 1819 ludovici
504 1762 687 1834 inperatoris,
711 1777 773 1818 ann
792 1761 852 1832 ipsa
879 1770 923 1817 ta·
972 1769 1205 1825 administratione
1233 1777 1260 1824 et
1284 1770 1312 1824 in
1335 1771 1449 1839 honora,
1481 1770 1550 1825 sicut
1573 1778 1601 1825 et
1626 1769 1654 1826 in
1685 1769 1776 1826 reteri

123 1855 198 1927 pesei
226 1851 364 1909 exsecutio
387 1852 558 1923 aliquatenus
581 1850 682 1922 coepit,
719 1851 788 1922 apud
824 1866 921 1922 papum
972 1859 1144 1914 Testamento
1158 1857 1230 1913 inter
1244 1873 1365 1913 summos
1379 1856 1522 1928 pontifices
1538 1865 1566 1914 et
1576 1857 1647 1913 inter
1657 1857 1773 1915 minoris

123 1943 278 2018 Eugenium
292 1940 355 1996 inde
371 1941 405 1994 ³b
419 1955 451 1995 80
467 1940 642 1996 ⁰0mm⁰ssili0
658 1938 729 1994 stela
743 1947 793 1993 θὸῑ-
813 1937 872 2006 0¹¹²
887 1939 922 1993 de
972 1947 1076 2003 ordinis
1090 1947 1248 2003 sacerdotes
1262 1947 1399 2003 discrevit.
1415 1945 1589 2020 Quapropter
1603 1947 1638 2001 ab
1647 1947 1775 2003 omnibus

123 2050 154 2090 re
184 2032 317 2104 synodum
344 2028 444 2084 iisdem
478 2027 641 2084 universalis
667 2043 737 2098 pdpfl
756 2041 920 2093 convocans,
971 2035 1124 2091 honorandi
1147 2050 1179 2091 ac
1207 2035 1356 2092 venerandi
1383 2044 1446 2091 sunt
1482 2051 1532 2107 pro
1564 2036 1689 2106 patribus
1718 2036 1773 2092 nati

121 2123 190 2178 inter
204 2120 258 2176 alia
273 2117 414 2191 generalia
427 2117 538 2173 decreta
546 2116 720 2187 promulgare
737 2116 850 2180 curavit,
862 2131 922 2187 quae
972 2123 1030 2190 filii,
1045 2123 1074 2179 id
1089 2132 1130 2178 aar
1143 2138 1193 2195 pra
1208 2124 1339 2194 apostolis
1363 2123 1478 2178 ordinari
1499 2123 1632 2195 episcopi,
1658 2131 1688 2178 aa
1700 2123 1774 2179 onii.

125 2212 180 2267 Leo
195 2210 229 2265 tv
244 2217 368 2278 tempore
383 2205 476 2260 fratris
499 2206 583 2261 nostri
608 2204 735 2272 Letharii,
762 2212 788 2258 et
816 2204 923 2275 nepotis
971 2212 1014 2266 nis
1039 2211 1181 2283 dignitate,
1211 2219 1236 2268 ei
1257 2212 1330 2266 illius
1353 2213 1469 2277 honora,
1499 2211 1545 2284 qui
1573 2212 1615 2267 eis
1642 2211 1774 2284 apostolis

122 2298 208 2356 nostri
221 2295 360 2374 LUdOV'iGQ
386 2293 558 2350 observanda
586 2292 716 2361 decrevit,
747 2292 855 2348 sicutin
871 2308 922 2365 ge-
971 2299 1059 2356 dixit:
1075 2301 1138 2356 Iam
1152 2317 1210 2356 non
1224 2301 1318 2355 dicam
1330 2317 1377 2356 vos
1392 2317 1493 2369 servos,
1511 2302 1559 2356 sed
1573 2303 1681 2358 amicos
1699 2316 1774 2357 meos

124 2388 174 2444 stis
187 2383 374 2456 synodalibus,
390 2390 415 2437 et
429 2382 551 2451 inhujus
565 2389 666 2436 sanctae
681 2381 809 2436 Romana
823 2380 922 2435 Eccle-
972 2388 1063 2459 (ioan.
1080 2405 1129 2454 xv,
1147 2389 1191 2458 15)
1203 2409 1212 2456 ,-
1226 2396 1253 2443 aa
1270 2406 1276 2441 ς
1292 2389 1346 2455 Qui
1360 2405 1406 2444 noi
1418 2389 1499 2444 audie
1519 2405 1565 2444 ma
1586 2389 1679 2456 audit,
1692 2390 1775 2461 eappa·

124 2477 171 2532 siae
185 2473 295 2530 trehivo
324 2470 419 2527 heberi
448 2469 601 2536 credimus,
633 2477 660 2524 et
686 2469 721 2524 ab
750 2470 802 2524 hee
830 2477 923 2524 sanciti
973 2493 1018 2533 vos
1034 2478 1143 2548 spernit
1157 2493 1203 2532 me
1217 2479 1327 2549 ,spernit
1341 2477 1420 2548 (Lug,
1439 2492 1465 2543 x,
1485 2478 1547 2546 16);
1563 2484 1591 2532 et
1605 2478 1640 2533 de
1656 2477 1716 2532 gig:
1733 2477 1773 2532 με

123 2565 189 2622 Sede
212 2561 312 2619 nostris
331 2558 523 2615 decessoribus
550 2557 655 2615 dii'eeid
683 2557 832 2613 venerabili
856 2573 922 2612 sell-
971 2566 1105 2621 nuntiate
1120 2567 1257 2636 fratribus
1271 2566 1342 2622 neeis
1356 2566 1648 2636 qMatth,11V111,10),
1664 2565 1771 2631 Eialia,

123 2663 211 2720 ctione
231 2659 373 2715 habemus.
397 2657 464 2711 Cum
488 2663 579 2711 autem
601 2671 656 2711 non
684 2655 766 2728 louge
794 2662 857 2710 ante
871 2655 922 2709 bos
972 2670 1033 2725 quas
1046 2655 1080 2709 dc
1095 2653 1202 2709 illorum
1216 2654 1372 2710 veneranda
1386 2654 1566 2711 honoratione
1580 2668 1670 2710 sacras
1698 2654 1772 2710 seri·

121 2766 207 2807 annos
234 2763 319 2818 nepos
356 2753 449 2801 noster
478 2744 629 2800 Ludovicus
662 2741 744 2798 Italiae
776 2743 923 2814 imperator
971 2750 1160 2813 pturaetextus
1175 2741 1318 2815 eloquitur.

123 2838 252 2894 instinctu
291 2834 472 2907 quorumdam
506 2841 598 2888 contra
627 2847 677 2886 nos
703 2848 732 2887 se
758 2831 919 2897 commouit,
1024 2832 1056 2886 V.
1074 2831 1127 2898 Qui
1142 2830 1211 2887 sorte
1227 2831 1250 2885 si
1271 2831 1354 2902 aliqui
1380 2831 1574 2903 temporalibus
1598 2831 1685 2887 rebus
1711 2837 1775 2885 aunt

122 2927 214 2981 missa
228 2932 290 2979 sunt
304 2922 383 2977 nobis
397 2920 520 2992 epistolae
535 2920 613 2992 quasi
627 2936 660 2975 ex
671 2919 828 2989 apostolicae
842 2920 921 2988 liujus
969 2935 1115 2991 pauperes,
1132 2928 1159 2976 et
1170 2919 1240 2975 sorte
1252 2920 1349 2975 merito
1370 2919 1478 2985 divites,
1503 2936 1553 2991 pro
1577 2927 1654 2976 certo
1683 2926 1774 2975 autem

121 3014 195 3070 sedis
216 3011 374 3067 auctoritate
388 3025 421 3065 ac
444 3007 642 3079 nomine,quas
656 3008 759 3063 tenoris
788 3008 956 3120 iuconre-C
970 3016 1032 3064 sunt
1045 3008 1140 3064 ordine
1155 3022 1234 3064 sacro
1262 3008 1434 3074 sublimes,a
1457 3008 1531 3064 nullo
1556 3008 1689 3080 quolibet,
1716 3007 1774 3064 sire

121 3102 221 3158 nientia
236 3103 307 3156 hanc
320 3104 441 3155 sanctam
457 3105 484 3153 et
498 3096 722 3152 discretissimam
744 3097 837 3152 sedem
866 3112 920 3151 non
971 3097 1165 3166 ecclesiastica,
1182 3097 1239 3153 sive
1254 3096 1377 3152 saeculari
1391 3104 1524 3167 potestate
1533 3097 1658 3167 praedito,
1670 3096 1774 3153 debent

120 3191 229 3246 misisse
239 3188 366 3245 ostendit.
970 3184 1177 3256 vilipendisse
1194 3185 1351 3256 potentibus
1378 3185 1470 3240 sac-nli
1497 3185 1578 3240 modo
1607 3201 1773 3257 quocunqne

157 3281 204 3336 [Π.
220 3279 256 3333 Et
270 3277 399 3349 quoniam
413 3274 507 3346 pravis
521 3269 620 3345 saepius
634 3289 720 3345 prava
736 3289 816 3346 quam
845 3281 920 3329 recta
969 3273 1106 3346 postponi,
1132 3273 1310 3344 praecipiente
1337 3274 1463 3329 omnibus
1490 3272 1616 3344 apostolo
1644 3274 1773 3330 Jacobo:

118 3367 253 3426 innotesci
267 3367 363 3435 solent,
380 3373 441 3419 nata
457 3364 520 3419 hinc
539 3363 694 3431 occasione,
724 3361 919 3432 Transalpina·
970 3363 1774 3435 Nolitcinpcrronarumacceptionehaberefidemllomini

120 3475 180 3514 rum
195 3456 337 3530 regionum
352 3453 514 3525 presbyteri,
531 3469 547 3507 a
562 3451 618 3508 suis
634 3451 769 3523 episcopis
785 3452 819 3506 de
839 3451 921 3507 certis
970 3452 1155 3507 maidieres
1172 3453 1277 3507 Chresti
1290 3452 1380 3522 glorta
1398 3452 1467 3519 (loc.
1485 3466 1513 3517 u,
1533 3452 1568 3521 i),
1586 3450 1652 3522 quia
1661 3466 1717 3507 non
1725 3450 1771 3523 qui

120 3546 279 3604 crimmibus
294 3543 458 3616 regulariter
471 3542 506 3596 ab
521 3541 616 3597 ordine
631 3540 792 3597 sacerdotali
810 3539 917 3609 dejecti,
969 3540 1079 3595 ditiores
1093 3540 1129 3594 ad
1144 3541 1282 3609 saeculnm,
1298 3540 1325 3593 hi
1340 3540 1368 3594 iu
1383 3538 1475 3594 divino
1490 3538 1614 3594 examine
1628 3547 1694 3597 suut
1711 3554 1772 3595 me·
1792 3585 1795 3590 .

119 3644 146 3691 et
164 3634 330 3707 poenitentiae
355 3632 468 3701 subacti,
494 3630 552 3685 sine
574 3630 682 3684 licentia
703 3637 729 3685 et
753 3628 920 3684 conscientia
969 3629 1063 3685 liores.
1079 3631 1186 3694 Nonne,
1202 3628 1299 3700 iuquit,
1316 3629 1389 3683 Deos
1401 3629 1487 3699 clepit
1499 3643 1637 3698 pauperes
1659 3630 1692 3683 io
1722 3629 1770 3684 boc

119 3724 264 3795 primatum
279 3720 518 3791 ctep'scoporum
546 3733 666 3782 suorum,
696 3718 749 3772 huc
772 3717 876 3782 venire,
893 3724 920 3771 et
968 3718 1084 3783 mundo,
1102 3717 1200 3773 diutim
1212 3719 1243 3772 in
1257 3717 1320 3785 fide,
1338 3721 1366 3772 et
1380 3717 1503 3772 haeredes
1517 3717 1608 3787 regni,
1624 3715 1698 3789 qaod
1712 3731 1774 3786 pro·

118 3812 182 3868 hinc
197 3809 335 3881 epistolas,
347 3824 407 3879 quar
414 3806 519 3878 regulis
529 3821 583 3859 non
592 3804 797 3868 convenierunt,
816 3803 919 3860 referre
968 3807 1049 3862 misit
1063 3805 1243 3877 diligentibus
1259 3806 1412 3874 aciiibid„
1435 3802 1473 3874 sl,
1498 3813 1524 3860 et
1548 3804 1648 3860 Paulus
1665 3822 1672 3858 :
1687 3805 1771 3877 Igno-

119 3906 267 3969 coeperunt.
291 3897 365 3964 Quas
388 3911 443 3950 nou
467 3893 590 3963 jussione
619 3892 776 3963 apostolica,
807 3893 865 3958 sed,
890 3900 920 3947 ut
968 3896 1036 3951 bilia
1051 3891 1771 3966 etcentcmptibiliornuadiclepitllcnsatreliqua.

119 3986 312 4043 assoletetiam
336 3985 364 4038 in
387 3981 534 4053 republica,
560 3988 673 4051 propter
700 3979 857 4051 multiplicia
873 3997 918 4036 re·
968 3985 994 4055 (1
1008 3985 1067 4040 Cor.
1084 3999 1104 4049 ι,
1119 3984 1225 4052 sedet
1239 3992 1346 4038 sanctus
1368 3982 1520 4055 Gregorius
1548 3981 1575 4036 in
1605 3981 1722 4054 epistola
1737 3980 1772 4036 ad

118 4077 297 4134 clamatorum
322 4072 441 4144 negotia,
469 4085 692 4141 quorumcunque
733 4069 917 4124 ministrorum
967 4072 1127 4128 Mauricium
1140 4072 1332 4142 imperatorem
1345 4071 1405 4143 (lib.
1422 4087 1460 4136 rr,
1475 4072 1557 4142 epist.
1574 4073 1646 4140 31);
1683 4092 1694 4121 a
1722 4069 1774 4125 Sa-

118 4164 195 4239 quasi
211 4163 256 4235 pia
270 4160 445 4216 miseratione
460 4158 555 4224 factas,
574 4165 600 4213 et
624 4174 674 4214 nos
698 4157 770 4213 illius
798 4158 917 4230 regionis
965 4160 1140 4226 cerdotibus,
1155 4160 1251 4232 inquit,
1268 4175 1322 4215 nou
1338 4167 1498 4215 exterrens
1516 4165 1652 4231 potestate
1677 4157 1773 4214 Domi-

101 4251 212 4327 'putant
227 4251 359 4323 episcopi.
376 4248 551 4319 Quapropter
564 4247 635 4320 quia,
652 4255 681 4301 ut
696 4255 806 4302 sanctus
822 4251 917 4320 dugu-
949 4266 1018 4312 ‚nus
1033 4258 1127 4306 noster
1141 4249 1220 4305 citius
1234 4249 1402 4320 indignetur,
1427 4248 1477 4303 sed
1501 4247 1646 4304 excellenti
1676 4246 1772 4304 consi-

118 4336 918 4412 stinusdiairirptst.so,aaaerisonumconitarnpcagunt
968 4339 1117 4409 deratione,
1147 4345 1256 4408 propter
1282 4352 1344 4393 cunr
1373 4337 1431 4406 ejus
1456 4336 1529 4392 serui
1557 4344 1636 4403 sunt,
1667 4336 1709 4391 eis
1736 4336 1772 4390 ita

118 4432 217 4488 multas
230 4429 354 4486 invenire
381 4426 532 4483 medicinas
559 4425 706 4480 multorum
734 4426 919 4496 experimenta
933 4414 1130 4493 Ddominetur,
1146 4427 1266 4482 utetiam
1280 4426 1399 4481 debitam
1415 4424 1595 4481 reverentiam
1619 4425 1771 4495 impendat.

117 4521 287 4587 morborum,
303 4515 466 4573 intermissis
480 4522 592 4586 propter
619 4513 799 4584 proxilitatem
826 4529 919 4570 sacra·
968 4517 1039 4572 Nam
1053 4516 1082 4572 in
1104 4515 1203 4571 divinis
1225 4514 1342 4586 eloquiis
1371 4513 1517 4586 aliquando
1540 4513 1700 4570 sacerdotes
1725 4512 1771 4582 dii,

118 4627 209 4667 rarum
229 4609 322 4682 legum
347 4603 474 4676 capitalis
501 4602 737 4673 praedecessorum
764 4611 920 4659 nostrorum
969 4605 1113 4677 aliquando
1128 4604 1224 4677 angeli
1233 4611 1375 4660 vocantur.
1390 4604 1461 4658 Nam
1476 4611 1502 4657 et
1516 4619 1567 4674 per
1579 4602 1713 4674 bioysem,
1738 4601 1771 4658 de

117 4699 323 4769 imperatorum,
349 4694 448 4767 quibus
476 4690 668 4747 ecclesiastice
691 4690 795 4763 regular
818 4707 919 4747 conso·
969 4712 1002 4752 eo
1026 4695 1072 4768 qui
1093 4694 1128 4749 ad
1152 4694 1338 4763 juramentum
1366 4692 1544 4748 deducendus
1571 4699 1622 4756 est,
1650 4691 1771 4747 dicitur:

118 4794 192 4852 nant,
222 4785 408 4842 necessarium
441 4781 566 4837 durium
593 4779 712 4850 pandere
740 4779 920 4835 sanctissimae
968 4783 1082 4856 Applica
1109 4783 1186 4837 illum
1209 4782 1243 4836 ad
1266 4782 1344 4850 deos,
1368 4781 1396 4836 id
1420 4788 1461 4836 est
1485 4782 1520 4834 ad
1545 4780 1715 4837 sacerdotes.
1739 4779 1773 4834 Et

118 4880 216 4930 vestrae
229 4873 392 4943 paternitati,
410 4887 442 4929 ac
467 4885 581 4926 summae
610 4865 772 4932 auctoritati,
802 4867 920 4938 qualiter
968 4889 1077 4928 rursum
1091 4871 1221 4942 scriptum
1237 4877 1277 4926 est
1294 4869 1770 4939 :Diienondctrclicsffieodxxn,

117 4959 227 5034 regulas
242 4960 276 5014 de
290 4960 393 5016 honore
407 4961 435 5014 in
450 4977 499 5016 suo
514 4967 584 5015 statu
599 4956 801 5028 episcoporum,
831 4962 857 5010 et
886 4957 920 5012 de
969 4962 1008 5032 8,)
1032 4961 1136 5016 scilicet
1164 4959 1369 5025 sacerdotibus;
1395 4967 1421 5012 et
1439 4959 1571 5028 propbeta
1595 4956 1656 5013 ait:
1686 4958 1771 5013 Labie

117 5047 299 5121 apellatione,
330 5047 353 5100 si
385 5049 534 5104 necessitas
562 5055 588 5102 et
617 5045 685 5101 ratio
711 5044 739 5098 in
769 5044 919 5112 dejectione
967 5050 1120 5105 sacerdotis
1135 5049 1299 5105 custodiant
1313 5049 1474 5112 scientiam,
1490 5051 1517 5102 ct
1527 5049 1614 5120 legem
1625 5046 1771 5119 requirent

116 5139 227 5194 illorum
248 5135 411 5207 poposcerit,
437 5137 487 5191 sed
508 5144 533 5192 et
556 5137 591 5191 de
614 5132 776 5205 apellatione
800 5132 919 5203 presby·
968 5155 1005 5194 ae
1019 5155 1065 5194 arc
1081 5140 1150 5210 ejece,
1169 5138 1235 5210 peric
1249 5137 1367 5208 arrpclos
1382 5136 1494 5191 Domini
1519 5136 1703 5191 caeercituum
1732 5136 1773 5190 cst

118 5233 239 5282 terorum
253 5221 440 5295 intelligimus,
456 5232 482 5276 et
497 5224 612 5296 intelligi
628 5222 807 5279 arectoribus
822 5222 920 5276 Trans·
968 5227 1095 5297 (Mataei.
1113 5241 1142 5290 u,
1155 5228 1193 5296 7).
1214 5248 1225 5275 a
1243 5225 1314 5295 Quid
1327 5241 1394 5297 ergo
1416 5224 1515 5278 mirum
1544 5224 1567 5278 si
1592 5223 1654 5279 illos
1681 5231 1771 5280 uestra

120 5314 270 5384 alpinarum
306 5310 492 5368 Ecclesiarurn
522 5311 665 5367 didicimus
690 5332 699 5367 :
723 5319 857 5383 quatenus
886 5311 919 5364 ab
967 5315 1053 5385 pietas
1075 5314 1202 5387 dignetur
1224 5316 1370 5380 honorare,
1402 5313 1501 5384 quibus
1527 5312 1555 5365 in
1584 5328 1635 5367 suo
1664 5311 1772 5384 eloquio

118 5402 201 5470 hujus
215 5410 315 5458 sanctas
328 5401 402 5457 sedis
417 5398 576 5455 auctoritate
591 5408 682 5455 nostra
697 5416 773 5467 sana,
801 5406 830 5455 ut
855 5415 918 5456 cre·
968 5405 1098 5459 honorem
1112 5404 1244 5468 tribuens,
1261 5418 1309 5457 eos
1324 5409 1369 5457 aut
1384 5400 1509 5473 angelos,
1533 5408 1579 5455 aut
1605 5401 1683 5471 deos,
1714 5401 1773 5472 ipsc

118 5490 219 5559 dmus,
248 5488 426 5562 intelligentia
453 5484 645 5557 confirmetur,
674 5505 689 5544 a
718 5505 772 5561 qua
798 5487 862 5547 lidei
887 5505 919 5547 ac
968 5491 1049 5550 etiam
1063 5492 1182 5565 appellat
1196 5492 1293 5549 Deus?
1307 5490 1501 5549 Ecclesiastica
1523 5505 1634 5564 quoque
1661 5497 1774 5548 testatur
