3826 6098
201 225 253 280 239

718 219 888 275 Htrtcnthttt
908 212 1108 273 RHEllENSlS
1126 217 1399 274 nhctttnrtscort.

1803 216 1859 272 ΞΜ)

202 363 267 402 reus
283 344 442 416 prohibetur
457 343 555 399 audiri.
575 365 586 394 u
603 344 638 398 Et
653 344 716 398 item
733 361 740 398 ι
759 365 770 395 r
789 343 817 398 Si
832 340 893 414 quis
908 342 1005 399 adver·
1018 338 1155 400 Aiisdem
1170 341 1292 412 synodis,
1308 350 1369 396 ante
1385 339 1552 413 longissime
1566 339 1655 395 aetatis
1669 354 1755 394 annos
1769 355 1859 411 usque
1881 337 1899 360 ⁶

200 435 311 501 sarium,
328 441 373 490 aut
390 433 559 505 repetitione,
577 442 622 488 aut
636 431 757 489 criminis
773 431 925 500 obiectione
940 430 1003 502 pul-

198 523 308 590 saverit,
332 522 482 594 provincia,
510 523 611 593 inqua
636 520 760 577 consistit
783 519 827 575 ille
848 520 894 593 qui
908 519 1003 591 pulsa-

199 622 252 679 tur,
266 627 331 667 suas
345 618 438 667 exerat
462 611 592 680 actiones,
616 625 666 666 nec
689 608 802 666 aestimet
817 608 1003 666 adversarium

204 717 282 756 suurn
297 700 362 755 alibi
377 707 422 754 aut
436 698 777 771 longiuspertrahendum.
797 720 807 748 r
825 697 866 753 llli
881 713 947 754 vero
957 697 1006 769 qui

203 790 327 860 ptdsatus
338 787 427 852 fuerit,
439 788 462 842 si
472 787 592 857 judicem
608 794 764 858 suspectum
779 785 912 854 babuerit,
925 785 1005 841 liceat

203 876 352 949 appellare,
370 874 473 932 seilicet
492 875 686 932 ecelesiasticis
700 875 734 929 ad
749 873 878 929 finitimos
894 874 1004 945 episco-

201 981 261 1037 pos,
282 972 311 1019 ut
331 964 509 1020 sardicenses
533 972 560 1019 et
574 963 805 1036 Carthaginenses
821 979 949 1030 canones,
976 970 1005 1018 ut

202 1052 391 1125 premisimus,
415 1053 599 1119 decreverunt,
628 1051 672 1108 vel
693 1052 728 1107 ad
748 1052 923 1123 provincialia
936 1067 1004 1107 aon-

202 1141 272 1209 cilia,
291 1142 359 1198 sieut
374 1142 447 1197 sacri
459 1142 564 1198 Nicaeni
578 1149 603 1196 et
620 1140 782 1196 bntiocheni
802 1156 920 1196 canones
935 1155 1005 1197 con-

203 1231 357 1296 stituerunt,
382 1238 409 1285 et
423 1231 493 1286 sicut
515 1229 672 1285 Africanum
688 1229 832 1287 concilium
848 1229 876 1284 in
890 1229 1006 1301 epistola

203 1320 238 1375 ad
254 1318 431 1375 coelestinum
455 1334 553 1390 papam
577 1317 694 1373 ostendit
709 1317 782 1391 (cap.
804 1318 886 1390 105):
908 1317 1005 1374 «Ubi-

205 1408 314 1479 cuique,
332 1406 466 1479 inquiens,
484 1422 645 1462 concessum
660 1415 710 1472 est,
729 1407 750 1461 si
767 1407 869 1476 judicio
885 1405 1006 1462 offensus

205 1494 287 1551 fuerit
302 1494 481 1568 cognitorum,
499 1494 533 1550 ad
557 1495 701 1550 concilium
717 1511 774 1551 suar
789 1495 946 1566 provinciae,
962 1497 1006 1551 vel

208 1583 289 1639 etiam
310 1583 464 1639 universale
495 1599 655 1654 provocare.
684 1583 743 1638 Nisi
776 1581 843 1639 forte
863 1584 1007 1655 quisquam

209 1680 260 1741 est,
290 1672 336 1744 qui
364 1672 457 1729 credat
480 1672 639 1728 unicuilibet
662 1688 744 1743 possa
768 1672 854 1727 Deum
883 1680 1005 1727 nostrum

211 1760 343 1817 examinis
365 1760 498 1833 inspirare
528 1761 681 1829 iustitiam,
711 1768 737 1816 et
763 1760 1007 1816 innumerabilibus

206 1848 383 1921 congregatis
397 1849 425 1904 in
439 1849 583 1906 concilium
598 1849 786 1905 sacerdotibus
797 1849 945 1922 denegare,
962 1858 1008 1904 aut

210 1939 347 2010 quomodo
362 1938 449 2009 ipsum
466 1938 676 1993 transmarinum
692 1936 823 2006 judicium
839 1937 923 2009 (quod
945 1947 1007 1993 tan-

208 2028 328 2083 tumdem
344 2035 395 2094 est,
419 2026 648 2098 Transalpinam),
672 2035 758 2081 ratum
788 2027 848 2094 erit,
879 2026 914 2080 ad
936 2026 1009 2098 quod

210 2116 318 2172 testium
333 2114 495 2171 necessariae
510 2131 645 2186 personae,
666 2114 710 2170 rel
731 2123 843 2186 propter
858 2131 949 2182 serua,
965 2115 1008 2170 vel

208 2212 321 2277 propter
336 2204 482 2260 senectutis
498 2201 696 2270 infirmitatem,
706 2204 749 2258 vel
773 2204 867 2258 multis
888 2204 948 2257 aliis
963 2203 1008 2257 in-

1055 430 1090 485 ad
1114 437 1208 485 nostra
1231 438 1353 502 tempora
1375 436 1501 495 servata,
1527 437 1553 485 et
1576 445 1592 484 a
1616 428 1811 484 decessoribus
1825 442 1860 484 ac

1053 519 1302 589 predecessoribus
1326 535 1420 574 eorum
1445 528 1537 575 secuta
1551 526 1577 574 et
1593 525 1720 574 exsecuta
1734 516 1856 572 fuerunt.

1055 606 1123 676 Quae
1138 609 1162 663 si
1176 609 1259 663 etiam
1271 608 1325 662 illis
1341 617 1456 674 servata,
1474 614 1500 663 et
1519 608 1553 661 ab
1569 607 1608 662 eis
1624 613 1718 662 secuta
1732 613 1759 661 et
1774 620 1858 662 exse-

1055 705 1117 752 cuta
1131 712 1187 752 non
1202 696 1308 765 fuerint,
1324 696 1390 751 nihil
1399 697 1511 767 prodest
1526 697 1581 768 [eos
1596 694 1747 751 secundum
1763 709 1858 750 sacros

1056 801 1175 841 canones
1200 794 1226 840 et
1250 786 1357 841 decreta
1379 785 1452 840 sedis
1476 786 1606 841 Romanae
1620 781 1789 855 pontificum,
1805 797 1859 854 pro

1056 874 1191 930 accusatis
1206 874 1374 945 presbyteris
1390 874 1424 929 de
1440 873 1591 929 manifestis
1605 872 1765 929 criminibus
1780 886 1859 928 com·

1057 963 1238 1034 provinciales
1264 962 1453 1034 episcoporum
1469 961 1590 1034 synodos
1604 959 1791 1033 frequentare,
1809 959 1858 1016 sed

1057 1050 1135 1108 faciet
1160 1051 1274 1108 licenter
1297 1051 1410 1123 quisque
1440 1051 1665 1123 presbyterorum
1693 1048 1858 1122 quodlibet,

1058 1140 1128 1195 unde
1144 1139 1166 1194 si
1181 1138 1261 1196 fuerit
1274 1140 1449 1212 redargutae,
1467 1139 1555 1195 veniat
1569 1140 1692 1195 Romam.

1093 1229 1156 1284 XX.
1182 1230 1217 1284 Et
1240 1229 1303 1301 quia
1325 1245 1376 1300 pro
1405 1228 1519 1301 singulis
1540 1228 1707 1300 presbyteris
1736 1226 1859 1299 episcopi

1058 1317 1228 1388 Transalpini
1243 1317 1402 1389 regulariter
1421 1317 1546 1386 judicatis
1570 1317 1669 1371 missos
1684 1315 1816 1389 dirigere,
1833 1322 1859 1369 et
1873 1326 1875 1330 ⁴

1059 1407 1193 1462 actionum
1209 1406 1370 1462 documenta
1381 1406 1500 1462 scribere
1511 1405 1675 1470 annualem,
1688 1420 1739 1461 nec
1749 1404 1860 1459 testium

1060 1495 1229 1551 necessarias
1244 1511 1386 1566 personas,
1403 1494 1446 1550 vel
1461 1503 1570 1566 propter
1584 1511 1676 1561 sexus,
1689 1493 1733 1549 vel
1747 1500 1860 1565 propter

1060 1585 1206 1639 senectutis
1219 1582 1413 1649 infirmitatem,
1430 1583 1473 1639 vel
1487 1599 1536 1654 pro
1551 1582 1643 1637 multis
1664 1581 1726 1636 aliis
1740 1580 1860 1652 impedi-

1022 1697 1049 1758 Β
1062 1672 1169 1742 mentis,
1187 1672 1240 1728 hnc
1253 1674 1414 1743 producere,
1432 1669 1593 1727 fiducialiter
1606 1671 1705 1742 poterit
1720 1669 1858 1726 mentiens

1060 1761 1159 1833 quique
1183 1761 1365 1817 innocentiam
1389 1776 1465 1815 suam
1489 1775 1625 1826 asserere,
1650 1776 1712 1815 cnm
1735 1757 1859 1814 nouerit

1058 1849 1102 1922 qui
1118 1850 1259 1906 mendacia
1274 1851 1331 1918 ejus
1347 1849 1432 1921 possit
1447 1848 1584 1905 refellere.
1601 1848 1688 1913 Unde,
1703 1846 1774 1903 sicut
1788 1863 1859 1918 prae·

1057 1938 1189 2008 misimus,
1207 1938 1299 2011 legum
1322 1947 1348 1994 et
1370 1953 1504 1993 canonum
1519 1937 1687 2002 conditores,
1703 1934 1859 2007 prudentis·

1058 2029 1126 2083 sime
1138 2027 1342 2099 justissimeque
1358 2027 1490 2094 viderunt,
1516 2041 1683 2098 quaecunque
1706 2024 1816 2096 negotia
1831 2024 1859 2079 in

1058 2116 1114 2171 suis
1129 2116 1206 2182 locis,
1222 2116 1269 2170 ubi
1285 2123 1344 2170 orta
1368 2122 1439 2181 sunt,
1464 2113 1592 2180 finienda,
1618 2121 1643 2168 et
1658 2129 1708 2184 per
1727 2127 1859 2184 expressa

1058 2205 1214 2276 regularum
1237 2203 1336 2272 judicia
1360 2203 1554 2259 discretissime
1573 2202 1732 2271 judicanda,
1755 2208 1859 2272 etpost

209 2293 383 2350 currentibus
405 2292 617 2363 impedimentis,
642 2292 740 2348 adduci
756 2309 810 2347 non
826 2293 978 2362 poterunt‘.t
995 2314 1006 2342 r
1055 2293 1187 2362 judicium
1210 2293 1407 2348 conservanda.
1424 2292 1539 2347 blarime
1558 2291 1592 2346 de
1607 2290 1858 2346 subintroductione

245 2382 344 2437 XVlll.
362 2384 384 2436 Α
398 2379 534 2450 judicibus
549 2389 649 2446 autem,
666 2382 723 2436 sive
738 2396 807 2453 quos
819 2382 895 2450 juxta
910 2379 1011 2437 Africa·
1059 2389 1154 2438 contra
1182 2382 1294 2454 regulas
1322 2381 1467 2436 mulierum
1484 2397 1490 2435 τ
1507 2395 1558 2452 pra
1586 2396 1640 2451 qua
1663 2379 1697 2434 ab
1721 2378 1857 2451 episcopis

208 2486 259 2527 nos
274 2485 394 2526 canones
407 2469 536 2540 primates
552 2469 685 2539 dederint,
697 2469 754 2525 sire
764 2485 832 2542 quos
843 2469 894 2541 ipsi
905 2469 1009 2525 vicinos
1059 2470 1243 2541 Transalpinis
1258 2470 1412 2542 presbyteri
1436 2469 1597 2542 regulariter
1607 2468 1722 2537 judicati
1738 2468 1773 2522 ad
1788 2469 1857 2524 hano

210 2578 243 2617 ex
259 2574 395 2616 concensu
419 2557 581 2631 delegarint,
604 2575 685 2615 eausa
709 2546 828 2613 finienda
849 2559 1009 2632 regulariter
1060 2567 1179 2614 sanctam
1193 2561 1341 2615 Romanam
1357 2560 1452 2614 sedem
1466 2558 1559 2614 insciis
1574 2557 1630 2612 suis
1655 2557 1792 2630 episcopis
1811 2573 1858 2613 re-

210 2647 356 2722 prorocari
371 2662 425 2702 non
448 2655 547 2718 potest.
573 2648 606 2701 Et
622 2656 732 2703 sanctus
746 2647 897 2720 Gregorius
909 2647 936 2701 in
953 2647 1010 2719 epi·
1059 2648 1144 2713 nium,
1160 2657 1186 2703 et
1201 2649 1240 2703 eis
1256 2648 1383 2720 epistolas
1399 2664 1493 2703 corum
1509 2646 1678 2719 refragantes
1689 2646 1792 2715 judicia
1807 2645 1853 2700 de·

209 2738 278 2793 stola
292 2737 327 2792 ad
352 2736 507 2792 Gallicanos
529 2735 671 2807 episcopos
686 2735 745 2807 (lib.
769 2753 805 2801 rr,
823 2738 903 2809 epist.
922 2737 1007 2808 tt0):
1059 2736 1158 2805 ferunt,
1184 2753 1286 2808 eosque
1309 2736 1352 2793 rel
1376 2735 1577 2792 conuninistros
1601 2734 1709 2791 illorum
1730 2734 1764 2789 ad
1789 2735 1859 2790 banc

212 2828 299 2882 «Nee
313 2826 374 2891 hoc,
394 2824 489 2895 inquit,
513 2825 606 2880 iubae
631 2824 820 2880 sollicitudinis
835 2832 909 2895 parte
924 2825 1009 2880 relin-
1060 2827 1152 2881 sedern
1168 2826 1203 2880 ad
1220 2825 1443 2897 conquerendum
1464 2832 1557 2880 contra
1577 2839 1624 2879 eos
1648 2824 1741 2879 venire
1760 2821 1859 2894 praeci·

209 2915 327 2986 quimus
344 2912 417 2984 quod
441 2913 475 2967 de
499 2913 630 2968 habendis
654 2930 704 2984 pcr
728 2913 872 2984 parochias
887 2913 1010 2969 conciliis
1060 2914 1146 2985 piunt,
1164 2915 1236 2986 quod
1260 2913 1341 2969 nullis
1365 2914 1537 2986 antiquorum
1561 2913 1668 2985 legibus
1690 2912 1735 2968 vel
1749 2920 1859 2984 patrum

208 3003 318 3057 Patrum
348 3001 517 3072 providentia
545 3001 665 3055 utilitatis
694 3017 776 3056 causa
804 3003 934 3057 sancitum
955 3010 1005 3059 est.
1060 3003 1161 3076 regulis
1176 3003 1316 3058 decretum
1331 3002 1414 3058 fuisse
1430 3002 1559 3075 legimus

209 3090 288 3148 Unde
303 3105 337 3145 ne
351 3106 403 3162 qua
425 3089 496 3144 inter
519 3089 616 3144 fratres
641 3089 785 3160 dissensio,
810 3106 845 3146 ne
869 3107 921 3161 qua
937 3054 1048 3147 interC
1094 3092 1170 3146 XXI.
1193 3092 1266 3161 Quas
1288 3091 1415 3162 epistolas
1440 3090 1527 3147 sacris
1549 3089 1651 3162 regulis
1666 3089 1772 3156 obrias,
1788 3098 1817 3145 ut
1832 3089 1860 3145 in

208 3179 371 3251 prepositos
386 3186 412 3234 et
437 3178 573 3248 subjectos
597 3178 649 3233 sint
674 3177 792 3233 fomenta
811 3179 966 3246 discordiae,
982 3180 1009 3234 in
1059 3179 1218 3252 prefatione
1237 3181 1316 3249 hujus
1341 3179 1463 3251 opusculi
1488 3178 1785 3246 commemoravimus,
1808 3194 1860 3235 nec

208 3284 290 3323 unum
307 3268 461 3323 sacerdotes
476 3267 621 3323 convenire
643 3283 757 3323 necesse
772 3275 822 3336 est,
848 3277 876 3323 ut
890 3269 924 3324 dc
938 3269 1008 3324 inci·
1058 3269 1217 3325 auctoritate
1233 3268 1380 3340 apostolica
1405 3268 1488 3323 fuisse
1503 3268 1612 3334 missas,
1629 3267 1677 3323 sed
1698 3267 1860 3338 compilatas

208 3357 333 3413 dentibus
348 3356 436 3412 causis
452 3356 630 3427 disceptatio,
647 3364 673 3411 et
688 3356 722 3411 sit
736 3356 854 3411 salubris
869 3358 903 3413 de
919 3358 1008 3413 ecele—
1059 3377 1282 3432 quorumcunque
1297 3358 1411 3416 vafricia
1419 3358 1566 3414 credimus.
1583 3360 1644 3413 Non
1657 3358 1729 3413 enim
1744 3357 1862 3431 sibiipsi

208 3445 302 3502 sistien
330 3446 519 3502 observatione
548 3444 677 3511 collati03
708 3453 841 3516 quatenus
867 3446 932 3500 dum
959 3463 1009 3518 per
1059 3450 1138 3505 sedes
1154 3450 1303 3520 apostolica
1326 3457 1414 3520 potest
1438 3466 1499 3504 esse
1523 3446 1659 3504 contraria
1679 3446 1859 3504 reldiversa.

207 3534 259 3590 hoc
274 3542 300 3590 et
319 3534 456 3605 praeterita
478 3534 663 3608 corriguntur,
689 3543 715 3590 et
737 3535 860 3606 regulam
889 3535 1008 3590 futuram

207 3622 367 3694 suscipiunt,
397 3624 568 3694 omnipotens
597 3624 695 3695 ubique
732 3624 865 3678 Dominus
895 3624 1008 3679 fratrum

207 3712 356 3767 eoncordia
371 3713 536 3767 collaudetur
553 3728 559 3766 ε
577 3712 652 3780 cujus
675 3711 752 3766 robis
771 3713 868 3766 adesse
884 3729 1008 3782 prasen-

206 3800 280 3866 tiam,
312 3800 334 3853 si
358 3801 417 3855 haec
438 3799 630 3864 observabitis,
654 3799 760 3864 scitote,
787 3800 851 3870 quia
879 3800 1008 3870 scriptum

208 3896 249 3943 est
267 3904 273 3942 ε
292 3889 338 3945 Ubi
350 3889 461 3958 suerint
475 3889 635 3959 congregati
646 3888 700 3943 duo
719 3889 760 3943 uel
776 3892 831 3943 fres
847 3891 878 3943 in
894 3892 1008 3945 teoraciae

207 3993 279 4044 aneo,
292 3977 400 4031 iliram
415 3977 445 4030 in
461 3975 553 4030 medio
568 3991 664 4030 corum
675 3975 784 4046 (llutth.
802 3977 889 4048 nutu).
903 3977 930 4033 Si
941 3994 1009 4050 ergo

210 4064 309 4119 adesse
324 4063 451 4133 dignatur
466 4063 511 4117 ubi
526 4063 579 4117 duo
594 4064 637 4119 rel
653 4073 708 4118 tres
724 4063 830 4131 fuerint,
847 4075 947 4137 quanto
962 4066 1010 4121 mi-

208 4169 260 4207 nus
275 4168 330 4207 non
346 4151 440 4215 deerit,
457 4150 503 4205 ubi
524 4152 618 4222 plures
639 4153 815 4208 convenerint
830 4155 1009 4210 sacerdotes?

209 4242 244 4296 Et
259 4240 379 4313 quidem,
397 4240 461 4313 quia
481 4240 515 4295 dc
532 4241 687 4296 adhibendo
702 4242 744 4296 bis
762 4243 789 4296 iu
806 4259 878 4299 anno
894 4243 1009 4300 concilio

211 4331 320 4385 Patrum
336 4329 370 4384 sit
383 4328 486 4401 regulis
501 4337 627 4385 statutum
642 4374 648 4398 ,
663 4347 717 4386 non
733 4331 812 4397 latet;
829 4333 876 4387 sed
891 4349 925 4388 ne
941 4333 1008 4389 forte

1059 3539 1098 3592 De
1115 3555 1168 3608 qua
1184 3538 1311 3592 Gelasius
1326 3554 1395 3608 papa
1409 3537 1474 3593 dicit
1489 3538 1583 3609 (epist.
1596 3541 1626 3590 tt
1643 3537 1680 3592 ud
1694 3536 1834 3606 bardua.)
1851 3552 1858 3590 :

1061 3647 1072 3676 a
1090 3625 1267 3692 Confidimus,
1292 3626 1365 3698 quod
1380 3625 1470 3679 nullus
1477 3626 1534 3693 jam
1544 3624 1677 3681 veraciter
1691 3624 1860 3679 Christianus

1058 3713 1175 3786 ignoret,
1192 3714 1401 3785 uniuscujusque
1413 3713 1509 3785 synodi
1521 3712 1705 3779 constitutum,
1718 3712 1793 3784 quod
1803 3712 1861 3767 nni-

1058 3802 1172 3856 versalis
1188 3803 1320 3858 Ecclesiae
1334 3802 1457 3873 probavit
1482 3818 1621 3868 assensus
1647 3800 1750 3855 nullam
1768 3801 1861 3874 magis

1059 3891 1170 3962 exsequi
1185 3892 1279 3946 sedem
1294 3908 1349 3961 prae
1364 3891 1471 3947 catoris
1482 3899 1619 3961 oportere,
1631 3905 1714 3960 quam
1728 3888 1860 3959 primam,

1059 3996 1119 4053 quae
1134 3988 1160 4035 et
1175 3996 1394 4052 unamquamque
1409 3981 1553 4051 synodum,
1580 3987 1607 4034 et
1633 3994 1680 4033 sua
1695 3978 1860 4033 auctoritate

1059 4068 1211 4136 confirmat,
1228 4077 1253 4124 et
1275 4069 1431 4125 continuata
1454 4068 1641 4123 moderatione
1664 4067 1793 4133 custodit,
1808 4082 1860 4138 pro

1059 4174 1107 4213 suo
1124 4157 1226 4214 seilicet
1239 4157 1402 4229 principatu,
1428 4173 1507 4229 quem
1524 4157 1619 4212 beatus
1639 4156 1733 4211 Petrus
1746 4162 1861 4227 aposto·

1058 4245 1101 4299 lus
1116 4246 1223 4301 Domini
1248 4262 1314 4301 voce
1337 4254 1512 4317 perceptum,
1536 4243 1661 4300 Ecclesia
1683 4243 1860 4299 nihilominus

1059 4335 1251 4408 subsequente,
1278 4344 1304 4390 et
1331 4335 1416 4389 tenuit
1446 4351 1573 4405 semper,
1610 4342 1636 4388 et
1658 4333 1796 4388 retinet.»
1824 4333 1861 4387 Et

209 4418 298 4491 aliqua
312 4417 418 4489 impleri
440 4419 491 4473 hoc
515 4419 665 4474 necessitas
687 4436 739 4475 non
762 4421 905 4491 permittat,
923 4422 1008 4478 semel
1022 4413 1122 4479 Ditem
1138 4424 1232 4496 (epist.
1249 4425 1275 4491 l)
1293 4442 1299 4479 :
1318 4445 1328 4473 ι
1345 4424 1467 4494 Cumque
1490 4421 1569 4478 nobis
1590 4429 1684 4478 eontra
1698 4419 1860 4476 salutarium

210 4516 302 4564 tamon
317 4506 375 4562 sine
398 4507 572 4562 excusatione
587 4507 679 4579 aliqua
701 4509 873 4565 decernimus
888 4526 1008 4584 congre-

209 4597 279 4668 gari,
302 4603 331 4650 ut
352 4594 554 4666 exspectatione
576 4596 684 4652 concilii
707 4597 772 4652 nihil
795 4614 918 4668 pravum,
942 4600 1008 4654 nibil

207 4691 388 4757 praesumatur
414 4683 546 4739 illicitum.
575 4684 644 4739 Nam
672 4686 846 4758 plerumque,
877 4687 928 4743 etsi
954 4705 1008 4744 non

209 4788 302 4829 amore
312 4772 433 4842 justitiae,
459 4779 532 4827 metu
553 4780 644 4829 tamen
669 4775 811 4841 examinis,
828 4776 1008 4833 abstinebitur

208 4862 244 4916 ab
267 4862 320 4917 boa
343 4861 415 4933 quod
438 4861 559 4918 omniurn
583 4870 677 4918 notum
699 4871 739 4941 est
764 4880 845 4936 posse
864 4864 1007 4936 displicere

204 4949 348 5021 judicio.»

243 5037 319 5093 XIX.
332 5038 396 5093 Haec
405 5037 497 5110 itaque
508 5039 693 5112 Transalpinis
706 5039 848 5108 Ecclesiis,
861 5058 1007 5115 eorumque

207 5127 394 5188 rectoribus,a
409 5127 475 5181 sede
490 5129 647 5198 apostolica,
659 5130 693 5185 de
705 5130 885 5202 appellatione
901 5131 1007 5203 episco-

207 5231 305 5287 porum
320 5215 353 5270 ad
369 5217 437 5271 banc
453 5215 547 5271 sedern
565 5218 753 5288 apostolicam,
770 5219 845 5277 etde
860 5220 1006 5292 preshyte-

206 5318 298 5359 rorum
323 5319 355 5360 ac
376 5303 551 5361 diaconorum
576 5305 766 5377 appellatione,
793 5307 816 5362 si
846 5308 880 5363 de
897 5308 1007 5378 judiciis

206 5391 397 5464 episcoporum
412 5410 522 5450 suorum
538 5393 626 5466 questi
648 5393 757 5461 fuerint,
779 5396 814 5451 ad
834 5397 1006 5468 comprovin-

205 5479 289 5538 ciales
304 5483 433 5554 synodos,
459 5490 486 5540 et
510 5482 700 5555 dijudicatione
723 5484 846 5560 regulari
869 5501 963 5543 eorum
978 5486 1007 5542 in

1058 4513 1239 4568 reverentiam
1254 4512 1411 4585 regularum
1431 4511 1570 4582 cupiamus
1585 4519 1686 4565 temere
1701 4509 1738 4564 nil
1762 4509 1857 4575 licere,

1058 4609 1161 4657 etcum
1181 4602 1261 4656 sedes
1284 4600 1434 4671 apostolica
1457 4601 1582 4672 superior
1596 4599 1639 4654 his
1658 4598 1801 4667 omnibns,
1818 4595 1859 4652 fa-

1057 4698 1136 4745 vente
1152 4690 1279 4755 Domino,
1296 4707 1357 4761 qnae
1372 4689 1490 4760 paternis
1506 4689 1656 4746 canonibus
1671 4695 1733 4742 sunt
1746 4683 1859 4756 prefixa

1056 4779 1103 4850 pio
1117 4779 1271 4850 devotoque
1286 4779 1390 4833 studeat
1413 4787 1504 4834 tenere
1528 4776 1679 4848 proposito,
1706 4773 1774 4830 satis
1788 4774 1859 4829 indi·

1057 4883 1141 4940 gnum
1162 4874 1211 4934 est,
1239 4882 1404 4938 quemquam
1425 4866 1468 4922 vel
1492 4863 1651 4937 pontificum
1675 4862 1718 4919 vel
1733 4863 1859 4918 ordinum

1057 4954 1281 5026 subsequentium
1307 4955 1376 5010 banc
1398 4954 1600 5010 observantiam
1621 4951 1749 5017 refutare,
1776 4968 1859 5023 qnam

1057 5043 1129 5098 beati
1143 5043 1213 5098 Petri
1229 5044 1323 5099 sedem
1337 5051 1364 5099 et
1385 5043 1461 5115 sequi
1484 5043 1585 5111 rideat,
1602 5050 1628 5098 et
1648 5041 1758 5108 docere,
1775 5040 1858 5095 satis-

1056 5148 1110 5203 que
1125 5132 1289 5188 conrenicns
1305 5132 1349 5199 sit,
1365 5139 1394 5186 ut
1408 5139 1493 5187 totum
1505 5147 1605 5202 corpus
1615 5128 1748 5186 Ecclesiae
1760 5128 1792 5183 ‘in
1807 5129 1858 5184 hac

1056 5219 1164 5276 sibimet
1188 5221 1377 5277 observatione
1402 5221 1561 5287 concordet,
1589 5235 1669 5292 quam
1692 5218 1748 5275 illic
1762 5217 1858 5290 rigare

1056 5309 1214 5382 conspiciat,
1231 5310 1276 5364 ubi
1288 5309 1419 5365 Dominus
1429 5308 1563 5366 Ecclesiae
1579 5309 1661 5363 totius
1675 5306 1767 5379 posuit
1782 5306 1857 5378 prin·

1055 5398 1182 5471 cipetum.
1204 5421 1214 5450 u
1239 5399 1330 5454 Potest
1354 5399 1425 5454 enim
1450 5398 1509 5454 fieri
1533 5405 1561 5453 ut
1583 5396 1621 5451 illi
1645 5396 1691 5469 qui
1712 5396 1740 5451 in
1760 5393 1857 5453 vicinis

1055 5487 1192 5569 parochiis
1206 5495 1268 5543 sunt
1282 5487 1362 5558 hujus
1377 5495 1478 5544 sanctae
1496 5487 1626 5544 Romanae
1639 5483 1782 5553 Ecelesiae,
1799 5481 1858 5557 qui:
