3794 6104
135 228 188 288 259
580 221 962 285 amcuamaflatteusls
990 219 1266 277 aaclssltrlscoel.
1733 217 1782 270 tao

135 363 176 411 est
190 353 392 426 delinquentem
407 352 552 424 corripere.
569 352 637 408 Cam
647 352 822 423 judicamur,
832 347 927 419 inquit,
944 345 1054 411 Adisti,
1071 345 1276 416 utperniciosas
1287 341 1599 399 excommunicationum
1613 336 1782 394 maledictio

135 444 467 514 abominocorrlpimur,
478 436 932 496 utaoacamlrocmuadodamne·
980 450 1030 489 nes
1044 433 1072 488 in
1087 449 1135 489 eos
1150 433 1230 488 etiarn
1245 432 1291 504 qui
1316 447 1382 505 erga
1403 438 1429 487 te
1448 446 1504 486 non
1524 427 1782 498 inde'peccaverunt

135 530 235 601 mur(l
243 530 303 586 Cor.
321 530 434 599 xt);et:
455 530 508 597 Qut
521 529 552 583 in
563 528 640 584 bonis
653 527 763 582 ducunt
780 526 839 581 dies
856 541 930 591 suos,
982 538 1130 577 exereres:
1147 520 1294 594 quasinon
1310 520 1388 584 inte,
1405 517 1454 574 sed
1483 518 1510 573 in
1530 516 1609 571 illum
1624 514 1686 586 ipsa
1707 513 1782 584 peri·

132 625 163 674 ut
173 617 363 688 scriptumest,
374 612 861 689 inpetratocdiafcrnudesceadurtt
873 612 931 682 (lob
981 610 1050 679 cula,
1068 625 1127 681 quae
1141 610 1175 664 de
1198 609 1302 663 eisdem
1325 605 1565 663 maledictionibus
1588 601 1780 667 imminebant,

134 706 208 778 xxv).
221 705 289 762 llinc
304 704 376 760 enim
390 703 534 758 Psalmista
548 701 708 759 dellomino
719 701 802 757 dicit:
818 700 931 755 lmmis-
980 698 1173 753 redundarent.
1200 695 1252 766 Qui
1274 704 1301 751 te
1321 695 1355 752 ad
1378 696 1430 751 hoc
1453 692 1611 766 provocavit
1636 697 1665 746 ut
1694 689 1783 744 taliter

134 796 287 865 moacapcr
300 789 858 864 capelosmulos,aicmfecitsernitaeiroe
873 804 932 843 suoe
980 785 1097 840 innoxiis
1110 785 1299 853 malediceres,
1325 800 1385 839 cum
1409 783 1444 838 de
1463 782 1506 838 bis
1529 781 1575 853 qui
1599 795 1657 835 non
1680 777 1782 849 judicio

135 881 352 952 (Psalmxxvn).
369 879 423 934 Cor
438 879 539 951 quippe
554 879 685 933 Dominus
700 875 837 948 prioribus
852 874 931 930 meri·
977 873 1098 942 justitire,
1136 873 1185 928 sed
1218 873 1305 929 livore
1332 870 1458 929 vindictae
1493 868 1671 935 maledicunt,
1712 866 1784 922 dicat

135 969 171 1024 tis
185 975 366 1042 aggravatum
380 967 451 1036 juste
466 966 596 1038 permittit
611 963 932 1034 etiamsubsequentibus
980 962 1125 1032 Apostolus
1142 963 1253 1033 :Neque
1263 960 1397 1017 maledici
1406 976 1525 1032 regnum
1535 960 1585 1014 Dei
1597 955 1783 1030 possidebant

134 1057 319 1130 malignorum
338 1055 482 1126 spirituum
502 1053 725 1126 persuasionibus
748 1050 827 1106 ialli:
859 1050 932 1121 quod
981 1051 1008 1119 (l
1017 1051 1076 1105 Cor.
1090 1051 1139 1120 vv).
1152 1049 1185 1103 Et
1206 1050 1259 1105 hoc
1287 1055 1431 1120 peccatum
1449 1046 1549 1103 exstitit
1571 1060 1656 1117 poena
1673 1057 1782 1115 praece·

133 1160 196 1201 cum
209 1144 293 1217 digne
308 1143 335 1198 in
351 1143 459 1213 culpam
473 1142 596 1207 trahitur,
613 1149 705 1195 reatus
721 1140 779 1209 eius
801 1138 828 1193 in
850 1153 931 1209 poena
980 1137 1069 1192 dentis
1084 1136 1261 1193 contumacias
1275 1136 1417 1192 insolentis
1431 1135 1545 1207 peccati,
1562 1144 1588 1190 et
1595 1148 1684 1191 causa
1695 1132 1783 1187 adbuc

53 1271 58 1274 -
132 1232 295 1289 cumulatur.
314 1230 392 1286 Unde
412 1238 439 1285 et
453 1230 502 1285 irae
526 1245 583 1284 suae
598 1229 715 1283 Domino
741 1227 813 1283 viam
839 1226 930 1282 lacere
981 1225 1170 1298 subsequentis
1185 1225 1290 1296 peccati
1319 1225 1402 1296 :quia
1421 1240 1482 1280 cum
1506 1222 1616 1279 voluisti
1638 1228 1782 1278 ostentare

131 1328 182 1387 est,
198 1320 227 1375 in
241 1335 299 1384 eos,
315 1318 362 1389 qui
374 1317 472 1389 punire
487 1317 515 1371 in
531 1333 561 1372 se
576 1332 674 1373 causas
685 1324 759 1372 recte
772 1315 928 1381 noluerunt,
980 1313 1046 1368 nihil
1061 1322 1087 1369 te
1102 1320 1196 1370 contra
1209 1313 1340 1368 rationem
1362 1313 1390 1367 in
1413 1311 1474 1383 ipsa
1494 1309 1781 1368 excommunicatione

130 1408 251 1465 districte
263 1405 410 1476 judicando
421 1405 556 1460 dilatare:
576 1411 604 1459 ut
619 1405 664 1475 qui
687 1403 831 1459 illuminati
846 1417 930 1474 agere
980 1402 1117 1473 parochiae
1132 1410 1184 1457 ture
1200 1401 1309 1468 fecisse,
1333 1409 1360 1458 et
1373 1400 1566 1457 verecundiam
1582 1397 1783 1454 irrationabilis

130 1502 206 1551 recta
219 1493 373 1559 noluerunt,
387 1494 460 1562 juste
475 1493 569 1549 caecati
580 1492 669 1548 adhuc
681 1491 861 1547 iaciantunde
872 1507 930 1546 am·
980 1489 1043 1545 iacti
1059 1506 1073 1544 a
1087 1497 1113 1545 te
1129 1489 1276 1561 depellere,
1293 1497 1319 1545 et
1346 1505 1401 1544 non
1432 1505 1493 1544 esse
1517 1487 1555 1544 ita
1583 1495 1612 1543 te
1640 1486 1781 1542 subditum

130 1581 202 1654 plius
216 1581 305 1654 puniri
319 1589 484 1648 mereantur,
501 1581 536 1637 de
551 1580 651 1653 quibus
665 1580 731 1636 dicit
750 1579 898 1650 Apostolus
922 1597 929 1634 :
979 1578 1192 1649 Metropolitanus
1214 1577 1376 1649 praelationi,
1401 1586 1430 1632 ut
1453 1593 1507 1633 non
1531 1576 1617 1632 licere
1646 1574 1782 1648 quidquid

133 1671 167 1728 ttt
176 1671 315 1743 impleant
324 1673 501 1742 peccatcsua
509 1685 619 1741 semper
630 1670 655 1738 (l
664 1670 755 1724 Thess.
768 1668 809 1738 ιι).
821 1667 855 1722 Et
864 1667 927 1723 hinc
942 1665 1062 1752 Bvelles
1076 1666 1104 1720 in
1129 1667 1261 1737 parochia
1289 1674 1335 1721 tua
1361 1665 1419 1721 sine
1447 1681 1509 1720 meo
1539 1664 1670 1721 consultu
1698 1679 1781 1736 agera

130 1774 197 1814 voce
211 1757 301 1830 angeli
315 1758 350 1813 ad
365 1758 498 1812 loannem
513 1757 613 1813 dicitur
630 1757 704 1824 :Qut
714 1759 806 1821 nocet,
827 1759 928 1812 noceat
978 1769 1084 1825 posses,
1101 1771 1198 1826 meque
1213 1754 1449 1826 prevaricatorem
1463 1769 1599 1810 canonum
1621 1769 1697 1820 esse,
1719 1753 1782 1825 quia

129 1845 231 1913 adbuc,
248 1849 276 1901 et
284 1848 333 1918 pati
341 1846 505 1902 insordibua
515 1849 567 1914 est,
577 1845 719 1901 sordescat
728 1845 819 1900 uittae
829 1840 926 1916 (Aper.
979 1843 1052 1913 quod
1066 1843 1155 1915 ligasti
1169 1843 1196 1897 in
1211 1843 1339 1914 parocbia
1362 1851 1408 1898 tua
1431 1841 1596 1914 praesumpsi
1620 1840 1778 1911 absolvere,

130 1934 213 2004 xxti).
226 1932 640 2006 EthincDaviddicit:lppoae
651 1933 833 2004 iniquitatem
843 1948 929 2004 saper
978 1939 1005 1985 et
1027 1945 1082 1986 non
1106 1946 1168 1986 csse
1192 1931 1278 1986 soluta
1301 1947 1361 2004 qua
1386 1930 1466 1996 solvi,
1492 1929 1557 2002 quin
1581 1929 1676 1999 potius
1700 1928 1779 1986 sedes

129 2021 311 2093 iniquitatem
321 2037 428 2086 eorum,
438 2025 466 2076 et
476 2021 928 2092 noniatreatt'cjustitiamtuam
978 2017 1137 2089 apostolica,
1154 2027 1181 2073 ct
1195 2035 1290 2075 onrnes
1304 2019 1343 2074 illi
1358 2034 1408 2090 per
1423 2033 1491 2090 quos
1506 2018 1582 2072 Deus
1590 2032 1689 2074 sacros
1699 2032 1780 2072 cano·

128 2109 215 2179 (Ptol.
231 2108 340 2179 nxvrrr).
357 2109 392 2164 Bt
405 2106 469 2164 hino
484 2124 534 2180 per
548 2108 661 2178 Moysen
668 2107 766 2164 dicitur
778 2125 784 2161 :
796 2107 927 2163 Nondum
978 2123 1026 2160 nes
1041 2122 1090 2161 suo
1105 2107 1207 2177 Spiritu
1222 2107 1351 2173 condidit,
1368 2122 1400 2163 ac
1413 2122 1464 2177 per
1477 2107 1530 2162 hoc
1554 2105 1614 2177 ipse
1639 2106 1727 2173 Deus,
1756 2105 1779 2160 si

128 2196 927 2269 compietasuntpeccuturimorrlroeorum(Gen.xv).Hinc
977 2203 1049 2250 recte
1063 2195 1254 2262 intellexisses,
1271 2194 1397 2263 absolvit,
1414 2193 1466 2249 nisi
1480 2201 1575 2250 contra
1590 2208 1625 2250 ea
1640 2210 1703 2267 quae
1730 2193 1779 2250 tibi

128 2299 177 2354 per
186 2283 311 2340 eumdem
320 2283 452 2339 Dominus
463 2284 543 2340 dicit:
556 2286 653 2341 Nonne
662 2283 720 2339 tec
728 2284 842 2340 cortditu
859 2289 928 2340 aunt
977 2291 1003 2338 et
1015 2284 1150 2354 parocbiae
1166 2292 1218 2340 tuae
1232 2284 1336 2354 scripsi,
1360 2291 1448 2340 tecum
1469 2283 1614 2350 sentirent,
1641 2290 1726 2355 atque
1751 2284 1777 2339 in

128 2371 204 2444 apud
214 2372 926 2443 me,etaipaataiathesaurismeistludieultiortis
976 2371 1089 2442 praefato
1103 2388 1185 2428 sensu
1199 2372 1410 2428 subscriberent.
1429 2372 1458 2426 ln
1481 2371 1554 2427 banc
1578 2371 1724 2428 vesaniam
1745 2387 1777 2428 ex

128 2458 244 2515 reddam
258 2459 398 2531 eis(llcut.
409 2462 513 2528 xxxxi).
527 2461 561 2515 Et
575 2460 639 2531 quia
654 2476 750 2516 eorum
762 2460 835 2514 mala
858 2476 926 2515 nar·
976 2461 1153 2525 retributione
1164 2460 1274 2529 justitiae
1288 2459 1425 2527 cormisti,
1443 2468 1472 2515 ut
1492 2459 1562 2517 sicut
1584 2460 1622 2516 de
1647 2475 1776 2517 aversore

128 2546 208 2612 ravit,
223 2545 296 2603 illico
311 2547 446 2615 adjunxit:
456 2549 491 2602 ln
507 2552 630 2620 ternpore
646 2565 698 2620 pua
720 2550 817 2621 lapsus
836 2549 926 2619 suerit
975 2547 1097 2619 principe
1112 2549 1300 2619 scriptumest
1315 2565 1321 2604 :
1336 2549 1529 2621 Quipcccuuit,
1541 2552 1569 2605 et
1578 2563 1699 2621 peccare
1708 2549 1777 2620 fecit

125 2649 175 2706 pes
190 2650 296 2690 corum.
306 2635 379 2690 Ecce
393 2633 566 2691 atrocissima
576 2644 689 2706 peccata
699 2635 809 2691 illorum
821 2636 927 2692 descri-
976 2637 1063 2692 lsrael
1078 2635 1128 2708 (lll
1141 2639 1203 2708 llcp.
1216 2638 1287 2707 xiv),
1304 2644 1400 2692 contra
1414 2636 1604 2709 evangelicam
1619 2637 1773 2704 veritatem,

38 2777 40 2781 .
125 2721 236 2789 buntur,
252 2731 279 2779 et
294 2730 385 2778 tamen
400 2723 435 2778 ad
450 2722 640 2779 ultionisdiem
652 2724 743 2780 adhuc
753 2724 925 2795 subsequens
975 2730 1002 2777 et
1017 2724 1190 2794 apostolicam
1204 2724 1402 2791 auctoritatem,
1419 2732 1446 2780 et
1468 2739 1611 2781 sacrorum
1642 2740 1777 2782 canonum

130 2809 224 2881 lapsus
236 2810 377 2880 aspicitur,
395 2827 449 2881 quo
465 2826 559 2866 eorum
571 2811 659 2881 culpae
674 2811 857 2867 cumulentur.
874 2812 927 2866 Ha·
975 2811 1205 2881 constitutionem,
1215 2812 1353 2884 dequibus
1360 2813 1602 2884 promulgatasunt
1610 2812 1658 2870 illa
1665 2814 1775 2885 scripta,

127 2896 193 2952 bent
203 2898 262 2965 iarn
276 2897 385 2968 quidem
400 2898 472 2953 unde
488 2897 563 2953 ieriri
577 2907 742 2964 mereantur,
771 2898 821 2955 sed
844 2899 925 2953 susti·
975 2915 1034 2971 quae
1048 2916 1097 2971 per
1109 2916 1154 2957 me
1168 2900 1196 2954 in
1206 2916 1287 2955 unum
1296 2900 1420 2967 collecta,
1438 2909 1463 2957 et
1474 2900 1522 2956 tibi
1532 2916 1564 2958 ac
1571 2901 1714 2973 parochiae
1724 2910 1775 2959 tue
1806 2932 1815 2959 a

125 2990 205 3039 netur
214 2991 306 3040 tamen
320 2984 408 3040 adbuc
422 2992 564 3056 peccatum
579 3000 714 3055 crescere,
731 2995 759 3041 ut
780 2994 924 3058 peccantes
975 2995 1100 3043 constant
1115 3005 1176 3044 esse
1190 2988 1305 3056 directa,
1320 2989 1421 3060 etipse
1445 2989 1646 3061 subscriberes,
1661 2998 1689 3047 et
1709 2990 1775 3047 alios
1788 3011 1815 3050 a

124 3071 210 3142 possit
223 3071 312 3127 acrior
325 3071 405 3142 culpa
419 3072 553 3129 cruciare.
564 3073 750 3129 lammeretur
761 3073 924 3146 supplicium
939 3037 1148 3132 Csubscribere
1178 3076 1293 3143 iaceres,
1323 3076 1534 3134 reclamantibus
1564 3078 1715 3136 adversum
1751 3087 1815 3140 te=

121 3166 265 3230 peccatum
279 3167 306 3216 et
321 3175 405 3216 causa
418 3161 532 3231 peccati,
549 3161 598 3217 sed
623 3168 796 3233 exspectatur
822 3162 923 3230 adhuc,
974 3163 1060 3219 sacris
1074 3164 1187 3237 regulis,
1203 3173 1232 3221 ut
1255 3165 1409 3222 inconsulto
1430 3166 1523 3239 priore
1542 3174 1590 3223 tuo
1615 3167 1685 3223 nihil
1712 3168 1815 3226 norff

122 3255 152 3303 ut
165 3255 342 3321 augmentum
356 3249 482 3320 supplicii
497 3249 629 3322 subroget
644 3258 787 3321 peccatum
801 3256 826 3306 et
841 3264 924 3322 poena
973 3252 1065 3308 lacere
1078 3269 1240 3324 praesumas,
1257 3254 1388 3327 quoniam
1402 3271 1465 3327 quae
1479 3255 1516 3312 ad
1536 3256 1700 3329 generalem
1723 3256 1815 3313 ob-

120 3335 235 3407 peccati.
249 3358 259 3386 ι
273 3337 428 3406 Peccatum,
442 3336 530 3408 inquit
544 3337 697 3410 Gregorius
712 3338 822 3410 (homil.
842 3341 871 3391 ll
890 3339 923 3393 in
974 3341 1137 3396 servantiam
1153 3342 1274 3397 omnium
1288 3342 1397 3398 Domini
1421 3343 1558 3414 pertinent
1586 3344 1813 3413 sacerdotum..=

120 3422 243 3494 liccem),
260 3424 334 3496 quod
350 3440 401 3496 per
414 3425 600 3495 poenitentiam
619 3425 700 3483 citius
724 3441 780 3481 non
801 3425 921 3496 deletur,
972 3428 1039 3483 nihil
1062 3429 1122 3485 sine
1149 3430 1306 3500 primatibus
1336 3437 1443 3502 oportet
1470 3430 1587 3504 impleri.
1617 3433 1675 3490 Sed
1711 3435 1815 3506 quia

120 3518 167 3567 aut
180 3518 324 3581 peccatum
339 3518 381 3567 est
396 3522 423 3568 et
436 3527 521 3569 causa
536 3513 651 3585 peccati,
668 3521 715 3569 aut
725 3520 870 3585 peccatum
881 3528 912 3569 es
972 3516 1048 3572 nervi
1064 3517 1247 3574 testiculorum
1275 3519 1425 3576 behemoth
1438 3519 1561 3592 perplexi
1575 3527 1651 3586 sant.
1662 3521 1815 3579 cambie-

119 3606 146 3654 et
159 3614 240 3670 poena
253 3599 370 3670 peccati,
387 3607 432 3655 aut
446 3609 587 3671 peccatum
603 3600 683 3656 simul
699 3616 784 3658 causa
799 3610 825 3659 et
840 3615 922 3672 poena
972 3611 998 3659 te
1013 3603 1153 3675 explicare
1167 3604 1277 3673 finxisti,
1292 3613 1320 3662 te
1334 3607 1427 3663 durius
1441 3615 1469 3662 et
1482 3605 1661 3680 multiplicius
1675 3610 1815 3667 nexui-

119 3686 235 3756 pcccati.
252 3685 341 3743 Omne
355 3687 429 3743 enim
444 3687 517 3759 quod
532 3688 607 3758 prius
621 3688 825 3757 committimus,
854 3704 922 3759 pec·
972 3691 1017 3757 sti,
1032 3699 1059 3748 et
1073 3709 1157 3764 super
1170 3692 1294 3749 dolorem
1308 3694 1451 3751 vulnerum
1465 3702 1575 3752 tuorum
1589 3695 1651 3769 ipse
1675 3712 1815 3772 super-¹

117 3780 210 3829 catum
223 3780 287 3829 est:
310 3773 359 3829 sed
390 3773 414 3828 si
433 3774 514 3830 citius
537 3776 694 3845 poenitendo
731 3776 920 3847 nontergitur,
972 3778 1086 3846 addens,
1102 3781 1170 3836 alios
1186 3781 1289 3838 solutos
1303 3789 1394 3840 tecum
1408 3783 1589 3852 connexuisti,
1615 3785 1731 3858 insuper
1749 3800 1815 3844 ιε..-

115 3858 309 3928 iustoiudicio
328 3860 502 3931 omnipotens
526 3861 600 3917 Deus
635 3862 783 3934 obligatam
803 3864 922 3936 peccatis
972 3876 1067 3924 contra
1081 3884 1210 3938 canones,
1228 3878 1253 3926 et
1264 3869 1372 3927 decreta
1382 3870 1455 3928 sedis
1465 3872 1598 3930 Romanae
1612 3873 1815 3946 pontificum:

120 3953 241 4002 mentem
257 3946 340 4001 etiam
354 3947 382 4002 in
396 3947 505 4019 culpam
521 3949 633 4006 alteram
648 3950 780 4022 permittit
811 3951 920 4017 cadere,
972 3964 1126 4013 commenta
1140 3956 1175 4013 ad
1189 3958 1241 4014 hoc
1255 3959 1401 4032 collegisti,
1417 3968 1815 4038 quatenusteutonagrut

121 4041 150 4087 ut
165 4049 227 4105 qua
241 4032 333 4089 llendo
348 4042 375 4090 et
398 4034 564 4108 corrigendo
585 4038 670 4094 noluit
693 4038 826 4095 mundare
849 4039 922 4111 quod
970 4043 1088 4100 liberum
1103 4061 1120 4100 a
1135 4046 1200 4102 sede
1215 4048 1428 4120 metropolitana
1441 4057 1624 4122 monstrares,
1640 4060 1669 4107 et
1682 4067 1728 4109 me
1742 4063 1815 4108 u-

124 4119 198 4191 leait,
212 4128 356 4192 peccatum
369 4122 481 4194 incipiat
490 4133 603 4196 peccato
614 4126 763 4182 cumulare.
775 4127 922 4184 Peccatum
971 4133 1207 4203 prevaricatorem
1241 4151 1387 4204 canonum,
1410 4137 1515 4194 eisdem
1559 4140 1815 4199 commentatio·

129 4223 208 4282 ergo,
225 4208 298 4281 quod
311 4211 477 4281 poenitentiae
489 4212 609 4269 lamento
624 4229 679 4269 non
693 4214 814 4281 diluitur,
821 4231 921 4286 pecca·
971 4237 1035 4276 num
1060 4229 1165 4277 tuarum
1189 4223 1305 4281 vinculis
1328 4223 1466 4282 astrictum
1490 4225 1709 4285 ininsolubiliter
1721 4228 1815 4285 d=

122 4303 178 4351 tum
193 4296 276 4353 simul
290 4305 372 4353 estet
386 4313 470 4354 causa
486 4301 602 4371 peccati,
618 4303 683 4373 quie
703 4319 737 4358 ex
760 4302 807 4359 illo
835 4303 921 4359 oritur
972 4315 1151 4379 monstrares,
1168 4319 1194 4367 et
1207 4310 1295 4369 adhuc
1318 4312 1400 4369 etiarn
1425 4312 1495 4370 sicut
1517 4313 1554 4370 de
1574 4314 1651 4372 malo
1676 4316 1706 4373 in
1723 4329 1815 4391 pe

119 4384 191 4440 unde
206 4384 296 4442 adhuc
310 4387 461 4456 peccatoris
476 4387 584 4443 animus
599 4390 680 4445 altius
689 4390 835 4463 obligetur.
851 4393 917 4449 Pec-
931 4382 1022 4466 Djus,
1056 4397 1092 4452 ita
1123 4397 1158 4454 de
1189 4401 1284 4472 peiore
1314 4400 1342 4455 in
1370 4401 1519 4473 pessimum
1546 4403 1703 4475 prolecisti,
1745 4416 1815 4460 u

117 4482 207 4528 catum
223 4488 288 4529 vero
303 4472 377 4545 quod
391 4491 424 4530 ex
439 4484 552 4545 peccato
568 4479 701 4549 sequitur,
720 4487 863 4550 peccatum
878 4480 918 4535 si·
968 4501 1023 4539 non
1037 4485 1126 4541 solum
1140 4486 1189 4541 tibi
1215 4487 1368 4544 commissis
1396 4489 1512 4559 clericis,
1543 4491 1595 4548 sod
1623 4500 1651 4548 et
1662 4494 1806 4566 episeo-

118 4559 175 4616 mul
189 4568 230 4616 est
246 4569 360 4633 etpoena
387 4563 503 4634 peccati,
535 4564 598 4636 quia
614 4575 788 4623 excrescente
798 4568 918 4624 caecitate
967 4572 1011 4643 pis
1025 4573 1071 4629 illa
1090 4573 1219 4646 figmenta
1243 4576 1396 4649 compilata,
1422 4587 1449 4635 et
1472 4579 1534 4652 regi
1556 4579 1651 4638 danda
1677 4590 1790 4639 osten-

119 4664 153 4703 ex
168 4649 345 4705 retributione
360 4650 460 4720 prioris
474 4651 561 4722 culpa
570 4662 727 4724 generatur,
739 4663 768 4709 ut
778 4656 855 4728 quasi
863 4656 919 4725 jnm
968 4660 1057 4731 deres,
1074 4671 1099 4717 et
1113 4663 1180 4719 mihi
1192 4663 1252 4719 dari
1280 4664 1396 4735 laceres,
1417 4675 1447 4737 ut
1473 4683 1524 4740 per
1551 4667 1598 4725 illa
1628 4687 1675 4728 me
1705 4686 1777 4730 con·

121 4736 246 4806 quadam
260 4737 313 4792 sint
328 4737 357 4792 in
370 4746 515 4808 peccatore
530 4740 663 4811 supplicia
677 4741 736 4812 ipsa
751 4743 918 4801 incrementa
968 4748 1120 4820 crederem,
1137 4759 1163 4807 et
1178 4750 1246 4808 adeo
1270 4769 1314 4810 me
1339 4753 1387 4809 tibi
1415 4754 1605 4830 subiugarem,
1630 4767 1672 4828 ut,
1702 4759 1766 4818 sicat

121 4822 258 4878 vitiorum.
278 4845 288 4874 ι
315 4825 461 4881 Peccatum
486 4827 585 4898 quippe
609 4828 658 4882 tibi
682 4827 732 4883 fuit
766 4830 918 4888 insolentiae
968 4836 1113 4908 mandasti,
1129 4840 1213 4896 verba
1226 4841 1385 4916 evangelica
1399 4844 1591 4915 etapostolica
1612 4855 1698 4921 atque
1721 4864 1761 4906 ct·

120 4911 302 4978 contumacia,
319 4928 382 4967 cum
396 4913 454 4970 sine
470 4929 562 4984 causa,
580 4915 603 4970 si
627 4924 719 4973 tamen
742 4919 801 4974 sine
824 4935 916 4989 causa,
967 4925 1075 4996 nonica,
1106 4944 1167 5000 quae
1195 4928 1242 4983 tibi
1269 4937 1296 4987 et
1327 4930 1460 4989 Ecclesia
1493 4932 1542 4988 tibi
1556 4936 1715 4995 commissae
1729 4937 1761 4997 di·

122 5004 217 5053 contra
233 4996 363 5055 domnum
382 5017 478 5072 regem
494 5010 522 5058 te
535 5003 756 5061 irrationabiliter
773 5008 915 5064 erexisti:
968 5029 1105 5082 rexeram,
1134 5016 1198 5089 igne
1225 5033 1384 5090 cremarem,
1413 5028 1439 5076 et
1467 5036 1511 5077 me
1539 5023 1713 5082 nouaclum
1746 5045 1760 5088 a

121 5099 206 5183 aquo
221 5092 335 5157 peccato
350 5088 414 5159 quia
428 5106 478 5160 per
498 5090 657 5148 humilitatis
679 5093 797 5150 debitam
822 5104 849 5151 et
871 5111 917 5152 ra·
967 5101 1065 5173 gradu,
1077 5119 1170 5159 verum
1184 5113 1211 5160 et
1225 5120 1241 5161 a
1255 5106 1453 5164 Christianitate
1467 5104 1609 5179 exuerem,
1624 5120 1654 5169 et
1674 5122 1762 5186 potura

120 5173 278 5230 tronabilem
292 5173 618 5236 satisfactionemnoluisti
631 5182 778 5253 respicere,
803 5185 918 5257 exegisti
968 5190 1063 5245 mortis
1077 5191 1172 5248 miliia
1193 5200 1220 5250 te
1241 5194 1414 5267 propinatum
1438 5196 1546 5268 bibens,
1571 5199 1657 5258 etiam
1677 5203 1762 5263 auni-

123 5266 152 5311 ut
166 5270 258 5331 ageret
270 5271 296 5317 et
310 5263 355 5330 agi
368 5264 530 5335 praeciperet
544 5267 571 5321 in
584 5276 619 5336 te,
636 5270 708 5325 unde
732 5271 851 5342 amplius
872 5271 917 5327 fn·
967 5277 1026 5332 cida
1047 5279 1100 5334 mei
1122 5279 1196 5337 velut
1218 5282 1302 5339 ludas
1321 5284 1478 5355 poenitendo
1499 5287 1657 5358 existerem,
1683 5299 1711 5347 et
1738 5292 1765 5354 ia

123 5358 186 5398 rora
202 5349 351 5420 exagitatus
365 5359 392 5406 te
411 5359 504 5407 contra
524 5352 600 5408 illum
623 5371 834 5415 commoveres:
864 5377 918 5432 qua
967 5365 1019 5421 hoc
1040 5366 1119 5423 ctiam
1143 5370 1253 5442 gravius
1278 5386 1293 5424 a
1316 5372 1386 5427 Juda
1409 5372 1558 5442 differrem,
1581 5376 1668 5434 atde
1695 5378 1765 5442 bono

120 5434 301 5490 commotione
315 5437 445 5507 devictus,
462 5438 489 5495 in
503 5449 643 5512 peccatum
659 5445 829 5518 subsequens
845 5435 917 5504 inci·
968 5451 1039 5510 lacto
1053 5471 1097 5511 me
1124 5457 1277 5528 poeniteret.
1307 5460 1366 5516 Hoc
1386 5477 1505 5536 namque
1527 5465 1671 5537 poculum,
1695 5474 1768 5541 ‹ptod
