3794 6104
159 179 193 230 39
621 177 792 233 Htttcnsttt
821 170 1020 232 nflsnssttsts
1049 174 1324 234 tacutsrtscort.
1397 179 1402 190 '
1771 182 1803 235 to
1864 171 1867 175 ⁸

158 301 299 367 molestiis,
317 317 383 373 troas
399 302 434 357 ab
458 302 505 358 illo
520 311 546 358 et
559 320 609 374 pre
623 303 670 358 illo
697 319 794 374 passus
813 318 884 368 sum,
896 300 954 369 jam
972 295 1195 368 ATreverensis,
1211 303 1355 358 commissa
1371 302 1428 358 luit.
1447 306 1518 358 luter
1532 319 1610 375 ottae,
1622 304 1803 359 lllrentensem

160 388 272 445 taudem
300 389 446 462 aliquando
474 391 580 446 valeam
610 392 758 462 respirare,
775 399 802 446 et
816 404 956 461 nunquam
1007 387 1110 444 scilicet
1126 399 1152 444 et
1166 392 1362 446 Treverensem
1389 390 1540 447 Ecclesiam
1563 391 1625 455 (has
1653 391 1805 446 enimduas

160 476 227 532 mibi
242 478 381 552 contingat
397 479 509 535 ulterius
537 489 630 536 contra
659 479 730 534 illius
758 478 957 550 inquietudines
1007 485 1108 532 tanturn
1123 479 1277 548 provincias
1293 479 1403 552 Belgica
1417 480 1604 552 regiohabet'),
1622 480 1680 536 baec
1695 496 1805 551 semper

160 565 289 621 inutiliter
312 567 445 623 laborare.
463 567 498 622 Et
518 568 590 639 quod
606 584 659 622 non
675 568 763 621 solum
778 566 813 622 ah
828 567 957 623 eeclesia·
1006 564 1143 622 distinctio
1171 565 1229 636 fuit,
1260 567 1329 623 sieut
1350 568 1377 622 in
1402 567 1596 624 ecclesiasticis
1624 569 1805 623 monumentis

96 652 100 667 '
161 654 237 710 stieis
250 657 386 726 personis,
403 672 500 712 verum
514 663 540 710 et
555 657 638 711 multo
666 655 753 729 magis
772 655 853 711 etiam
874 671 957 711 asm-
1007 652 1171 720 inrenimus,
1187 664 1214 711 et
1228 656 1438 711 vetustissimam
1448 655 1674 712 consuetudinem
1695 672 1807 727 semper

163 743 300 799 coloribus
315 752 408 799 nostra
420 745 523 813 judicia
536 751 757 813 contemnuntur,
774 752 800 798 et
809 759 859 815 pro
874 742 958 798 nihilo
1008 741 1158 797 obtinuisse
1174 744 1399 814 comperimus,ut
1413 745 1500 799 isdem
1515 744 1662 815 episcopus
1677 743 1805 812 nonloci,

162 831 307 897 ducuntur,
335 831 489 887 dicentibus
503 832 552 897 eis,
577 839 603 887 et
617 833 652 887 ad
671 831 789 887 medium
818 831 958 887 devocan-
1008 829 1059 884 sed
1073 830 1204 902 dignitate
1217 831 1322 886 ordinis
1336 832 1413 902 prior
1423 833 1574 888 secundum
1586 847 1682 888 sacras
1693 833 1807 905 regulas

161 919 234 975 tibus
262 921 316 987 illa,
346 919 486 993 quaemihi
509 928 608 976 vestrae
637 920 791 976 auctoritati
820 936 875 975 non
898 927 960 975 sunt
1009 917 1164 985 baberetur,
1181 919 1228 990 qui
1240 918 1309 975 soret
1322 920 1350 974 in
1361 920 1480 992 qualibet
1490 920 1605 976 istarum
1619 920 1808 976 Ecclesiarum

162 1008 336 1076 ascribenda,
364 1016 392 1063 ut
407 1024 462 1063 nou
476 1008 597 1063 animum
624 1008 776 1087 dulcedinis
803 1016 901 1063 rettrte
930 1008 959 1063 io
1007 1006 1153 1076 metropoli
1169 1017 1248 1064 antea
1276 1008 1426 1064 ordinatus.
1442 1008 1507 1063 llihi
1526 1025 1593 1064 rero
1620 1023 1735 1064 necesse
1761 1011 1811 1065 erit

160 1096 252 1169 aliquo
265 1112 400 1163 moveant,
417 1097 490 1169 quod
505 1113 678 1167 summopere
707 1112 805 1153 carere
819 1097 957 1152 desidero.
1008 1109 1053 1149 me
1080 1094 1171 1150 taliter
1199 1111 1306 1168 gerere,
1336 1112 1371 1151 ne
1399 1097 1479 1153 toties
1516 1097 1684 1154 auctoritatis
1711 1108 1810 1155 restrae

160 1185 189 1242 si
203 1186 249 1257 qni
264 1185 292 1239 in
306 1185 447 1257 provincia
462 1193 563 1252 nostra,
586 1201 701 1257 quorum
728 1185 836 1257 querela
850 1185 897 1240 illo
912 1202 958 1240 re·
1008 1181 1138 1253 epistolas
1168 1185 1460 1240 excommunicationes
1482 1184 1646 1241 intentantes
1660 1196 1686 1242 et
1715 1188 1811 1256 objur-

160 1273 253 1329 stituto
266 1274 301 1328 sd
314 1289 364 1328 vos
379 1273 468 1329 valeat
482 1274 635 1344 pervenire,
653 1274 687 1329 de
702 1274 850 1343 majoribus
869 1273 959 1329 causis
1009 1269 1295 1343 gationes,quosroro
1310 1281 1337 1328 et
1351 1288 1452 1344 magna
1480 1274 1641 1330 necessitate
1659 1273 1766 1331 fiendas
1782 1276 1809 1330 in

156 1363 191 1419 de
207 1370 306 1418 eaetero
320 1362 443 1433 quaedam
459 1362 655 1426 conmiserint,
669 1362 737 1419 sieut
753 1362 787 1417 do
798 1361 959 1434 quibusdam
1008 1358 1220 1428 apostolicorum
1235 1359 1356 1415 virorum
1372 1361 1469 1416 litteris
1483 1361 1610 1433 legimus,
1640 1363 1760 1419 ferentes
1775 1365 1810 1419 de

159 1450 241 1506 rebus
265 1449 435 1521 frequentius
464 1466 543 1521 quarn
559 1450 586 1504 in
614 1449 673 1504 istis
690 1458 834 1507 retroactis
860 1458 960 1521 tempo
1009 1446 1113 1518 reliquo
1143 1448 1285 1519 accipiam,
1315 1449 1384 1505 sicut
1407 1450 1466 1504 istis
1492 1451 1671 1522 temporibus,
1687 1453 1810 1523 peccatis

159 1538 237 1592 ribus
252 1538 473 1603 committuntur,
490 1554 525 1592 ne
539 1555 553 1592 a
569 1539 627 1593 Deo
650 1539 766 1593 damner
779 1538 896 1604 silentio,
912 1553 960 1596 eos
1009 1535 1077 1589 meis
1091 1537 1267 1602 merentibus,
1284 1538 1440 1608 frequenter
1454 1539 1557 1610 accepi.
1575 1539 1654 1607 Quod
1671 1540 1694 1595 si
1704 1542 1809 1597 sancti-

160 1641 335 1682 commouere
365 1626 489 1695 studebo,
507 1636 534 1681 et
548 1627 571 1680 si
600 1626 741 1698 corrigere
769 1643 798 1682 se
823 1627 958 1683 voluerint
972 1621 1055 1709 Btati
1070 1633 1167 1679 vestrm
1182 1624 1389 1697 placuerit,non
1404 1625 1481 1682 robis
1495 1643 1565 1697 opus
1588 1628 1714 1701 agerein
1730 1638 1809 1700 post-

161 1714 352 1787 congaudebo,
370 1715 527 1781 sinautem,
544 1715 578 1769 ad
608 1723 726 1770 restrum
753 1731 801 1771 eos
826 1715 958 1786 judicium
1009 1711 1120 1766 modurn
1135 1712 1196 1779 erit,
1212 1713 1299 1770 donee
1314 1713 1463 1785 apostolica
1478 1723 1569 1770 restra
1592 1716 1680 1784 jussio
1704 1733 1750 1772 me
1764 1717 1809 1771 in-

161 1803 326 1875 provocabo.
343 1802 396 1871 Qui
425 1803 447 1857 si
476 1803 515 1857 ire
530 1802 675 1869 voluerint,
692 1812 783 1859 restra
797 1813 888 1859 saneta
919 1819 961 1858 sa·
1008 1798 1179 1855 obedientem
1206 1801 1233 1855 in
1262 1802 1353 1874 aliquo
1381 1811 1475 1858 contra
1502 1803 1611 1876 regulas
1639 1821 1733 1861 sacras
1759 1823 1810 1876 per

160 1892 261 1962 pientia
272 1891 337 1964 quid
351 1891 414 1947 inde
441 1891 538 1946 melius
568 1891 665 1947 viderit
693 1892 842 1948 decernere
857 1908 958 1963 procu-
1009 1895 1203 1959 contemptum,
1221 1891 1294 1961 quod
1309 1890 1388 1959 absit,
1406 1891 1548 1946 invenerit.
1570 1890 1622 1960 Qui
1637 1894 1709 1947 enim
1725 1910 1809 1965 quare

160 1980 241 2036 mbit.
256 1981 285 2036 st
300 1988 390 2035 autem
405 1980 444 2036 ire
459 1980 605 2047 noluerint,
622 1979 723 2036 facient
737 1983 810 2053 quod
826 1980 876 2035 sibi
896 1981 960 2036 utile
1008 1976 1141 2032 Dominus
1157 1977 1184 2031 in
1198 1978 1348 2049 Evangelio
1369 1979 1536 2035 centurionis
1560 1979 1642 2035 fidem
1661 1979 1755 2036 laudet
1769 1983 1810 2037 di-

156 2068 347 2139 judicaverint.
384 2068 427 2124 lle
443 2067 546 2123 utinam
569 2068 634 2124 hinc
649 2069 767 2124 adirina
789 2068 959 2125 damnatione
1008 2064 1809 2140 rantis:bicoerooetsorralttorpoertheos(olantun,

160 2157 391 2213 sententiasaucti
413 2157 550 2212 Ambrosii
565 2156 673 2225 liberet,
692 2174 744 2228 qua
759 2157 842 2212 dicit:
861 2157 899 2223 Si,
915 2157 959 2210 in-
1009 2155 1037 2223 8)
1065 2152 1202 2226 intelligit,
1220 2169 1302 2226 quam
1331 2156 1514 2225 operatorium
1543 2157 1578 2212 sit
1606 2157 1739 2228 episcopi,
1755 2159 1810 2213 imo

160 2246 266 2317 quiens,
283 2246 345 2318 quis
365 2253 529 2316 potestatem
557 2261 612 2300 nou
627 2246 708 2300 habet
723 2262 804 2317 quem
819 2246 869 2301 seit
885 2260 960 2299 reum
1009 2238 1079 2296 sieut
1094 2241 1121 2294 in
1131 2242 1214 2297 Paulo
1229 2243 1257 2297 in
1272 2259 1302 2298 se
1316 2244 1452 2314 loquentis
1468 2244 1578 2311 Christi,
1594 2253 1696 2317 quanto
1719 2248 1810 2320 magis

159 2333 287 2404 abjicere,
303 2340 350 2389 aut
378 2333 496 2404 probare
525 2348 581 2387 non
595 2332 676 2402 valet,
694 2332 821 2387 immunis
835 2341 884 2387 est.
903 2332 959 2388 Sic·
1008 2328 1317 2401 pontificisapostoliea
1332 2332 1406 2387 sedis
1421 2334 1545 2399 verbum,
1575 2342 1602 2388 et
1629 2350 1710 2406 quam
1740 2336 1809 2391 obe-

160 2437 224 2494 que,
242 2428 361 2492 utputo,
378 2420 482 2493 quiain
510 2420 602 2474 multis
630 2430 788 2491 occupatus,
813 2429 838 2475 et
853 2420 960 2475 itineris
1009 2415 1107 2472 dienda
1118 2418 1150 2472 sit
1164 2418 1250 2490 ipsius
1264 2420 1420 2491 praeceptio,
1437 2421 1519 2476 etiam
1534 2421 1593 2479 sine
1608 2421 1663 2477 ulla
1687 2423 1809 2479 admira-

159 2509 329 2581 longitudine
343 2516 424 2581 atque
438 2508 605 2565 insoliditate
635 2508 791 2575 obstrietus,
806 2509 841 2564 de
869 2507 960 2564 omni·
1010 2505 1092 2561 tionis
1107 2507 1258 2578 adjectione
1284 2509 1434 2581 cognoscit.
1452 2508 1531 2578 Quod
1547 2517 1575 2565 ct
1601 2511 1750 2567 scientibus
1765 2513 1810 2567 in·

158 2596 220 2664 buS,
236 2597 575 2670 antequaminsolentium
603 2596 715 2668 querela
739 2597 773 2652 ad
788 2613 837 2653 vos
859 2613 959 2668 perre-
1010 2599 1130 2666 culcarc,
1148 2606 1174 2652 et
1184 2596 1369 2652 nescientibus
1384 2597 1510 2653 intimare
1526 2598 1695 2668 sapientibus
1723 2600 1809 2655 etin-

157 2687 224 2753 niat,
241 2687 274 2741 ad
290 2684 467 2758 apostolicam
482 2686 575 2741 sedem
592 2683 695 2741 referre
719 2701 773 2741 non
795 2685 884 2750 raleo,
915 2686 959 2740 in·
1010 2687 1170 2759 sipientibus
1185 2685 1322 2740 debitores
1337 2685 1469 2740 debemus
1485 2686 1629 2757 episcopi:
1655 2687 1756 2759 quibus
1785 2688 1810 2744 si

157 2776 284 2831 firmitate
300 2782 444 2847 gravatus,
461 2781 488 2828 et
503 2774 605 2846 gratias
633 2775 692 2829 Deo
716 2774 833 2829 termino
845 2775 902 2842 jam
916 2773 959 2829 vi·
1009 2775 1044 2833 de
1059 2775 1165 2845 reliquo
1179 2774 1265 2829 rerba
1276 2773 1430 2845 iniquorum
1445 2774 1637 2845 praevaluerint
1661 2775 1809 2833 adversum

158 2863 245 2930 ciuus,
261 2870 356 2934 potero
371 2877 528 2932 praecavere
542 2878 577 2917 ne
596 2877 611 2915 a
628 2878 790 2934 quocunque
811 2861 960 2918 sanctitatis
1009 2878 1070 2928 nos,
1087 2863 1155 2918 sicut
1165 2854 1290 2930 jactitant
1304 2859 1486 2932 proferentes,
1503 2877 1557 2916 non
1573 2860 1624 2917 erit
1638 2878 1753 2920 neeesse
1774 2865 1809 2920 de

158 2960 255 3008 vestrae
269 2949 376 3005 animus
395 2965 462 3022 erga
479 2966 523 3003 nte
550 2958 703 3019 moveatur,
728 2958 757 3004 ut
780 2950 870 3023 aliqua
894 2950 959 3005 mihi

158 3037 404 3096 excommunicatio
434 3037 593 3092 intentetur.
625 3039 659 3092 Et
684 3035 747 3093 licet
776 3037 898 3094 noverim
913 3054 960 3094 se·
975 3000 1110 3105 Ctrimus,
1125 3053 1295 3111 magnopere
1310 3036 1434 3100 laborare
1456 3038 1580 3110 :quippe
1599 3039 1727 3111 quoniam
1756 3041 1810 3096 erit

157 3127 274 3184 cundum
296 3125 421 3197 Apostoli
444 3125 637 3198 Evangelium,
668 3126 838 3181 redditurum
870 3126 963 3181 Domi·
1010 3135 1037 3184 et
1050 3127 1094 3183 lex
1109 3135 1135 3182 et
1150 3141 1214 3197 spes
1229 3125 1282 3181 sihi
1291 3126 1418 3198 quisque.
1440 3124 1520 3194 Quod
1534 3126 1645 3198 quidem
1655 3136 1747 3183 vestra
1758 3129 1809 3184 hu-

158 3231 224 3272 num
237 3213 384 3287 unicuique
400 3213 553 3269 secundum
577 3229 666 3284 opera
683 3215 741 3283 ejus
772 3216 862 3286 (Rom.
878 3230 908 3282 u,
925 3216 963 3284 6),
1010 3214 1115 3270 militati
1128 3230 1197 3270 meae
1221 3214 1329 3284 scripsit
1357 3213 1518 3283 sublimitas,
1539 3214 1628 3286 primo
1655 3232 1705 3273 vos
1732 3232 1807 3273 com·

157 3303 339 3362 testimenium
356 3302 488 3359 reddente
502 3301 555 3356 illis
583 3301 759 3380 conscientia,
782 3310 809 3358 et
836 3302 906 3357 inter
933 3319 963 3359 se
1010 3313 1100 3359 motos
1116 3319 1177 3357 esse
1192 3302 1227 3357 ad
1241 3301 1358 3356 Rothcdi
1373 3318 1484 3357 eausam
1515 3303 1708 3374 inquirendam
1728 3321 1806 3371 eura,

157 3392 274 3450 invicem
287 3391 483 3465 cogitationum
516 3391 703 3447 accusantium
732 3399 779 3446 aut
805 3391 886 3446 etiam
914 3391 962 3447 tle·
1011 3407 1065 3464 qua
1081 3407 1130 3463 pro
1149 3390 1285 3446 universis
1310 3389 1424 3445 fratibus
1453 3391 1551 3446 restris
1579 3393 1808 3466 constringimini,

156 3478 332 3547 laudantium,
348 3479 375 3535 in
389 3479 434 3535 die
451 3495 508 3553 qtta
520 3479 655 3548 judicabit
670 3479 775 3537 occulta
791 3479 931 3535 hominum
953 3498 960 3534 z
1010 3497 1070 3537 cum
1085 3479 1177 3536 dehita
1196 3478 1347 3535 reverentia
1368 3487 1507 3551 gratanter
1525 3480 1628 3551 accepi,
1651 3480 1810 3553 intelligens

158 3576 227 3625 etot
241 3570 296 3626 Leo
311 3568 377 3625 dicit
399 3585 405 3624 :
424 3567 452 3623 Si
481 3567 547 3640 quid
563 3584 615 3638 per
644 3568 798 3624 servitutem
829 3577 960 3636 nostram,
1011 3569 1076 3642 quia
1105 3569 1131 3624 in
1152 3583 1266 3623 numero
1286 3568 1400 3622 fratrum
1415 3583 1465 3623 nos
1486 3567 1688 3640 qualescunque
1707 3578 1809 3626 metro·

159 3657 285 3715 videlicet
299 3655 508 3723 sacerdotalem,
540 3655 613 3710 bono
642 3657 737 3712 ordine
759 3664 787 3711 et
800 3657 962 3729 gratulando
1011 3656 1122 3731 politani
1138 3655 1289 3727 computari
1310 3655 1451 3712 debemus.
1476 3657 1516 3711 Ea
1530 3665 1651 3729 propter,
1680 3657 1750 3714 sicut
1765 3675 1811 3715 re-

157 3744 284 3818 impletur
297 3743 405 3809 affectu,
421 3759 477 3798 non
490 3743 661 3813 ambigamus
678 3759 728 3814 per
744 3743 874 3814 Spiritum
898 3759 962 3798 san-
1012 3753 1075 3801 strae
1087 3744 1243 3800 discretioni
1256 3744 1455 3814 providendum
1474 3751 1524 3811 est,
1555 3761 1589 3800 ne
1604 3746 1718 3815 subjecti
1747 3747 1809 3819 epi-

158 3831 320 3890 ctumnobis
333 3830 420 3886 luisse
450 3831 590 3896 donatum,
619 3839 646 3886 et
674 3831 747 3902 quod
774 3846 854 3887 secus
870 3830 960 3901 luerit,
1012 3832 1088 3904 scopi
1103 3831 1346 3905 ametropolitanis
1375 3832 1561 3905 irregulariter
1580 3834 1807 3905 condemnentur,

1009 2949 1222 3023 provincialibus
1237 2948 1358 3020 synodis,
1375 2949 1403 3003 in
1427 2949 1524 3021 quibus
1541 2950 1671 3006 haetenus
1698 2950 1809 3007 labora-

53 3958 62 3979 .
158 3927 324 3977 ratumesse
338 3917 529 3990 nonpoterit:
554 3917 644 3972 modis
666 3917 802 3985 omnibus,
832 3927 963 3991 quantum
1012 3920 1048 3976 ita
1062 3920 1256 3976 nihilhominus
1270 3920 1469 3993 providendum
1492 3928 1541 3987 est,
1560 3930 1589 3977 ut
1604 3923 1809 3994 metropolitani

158 4008 218 4080 ipse
232 4006 382 4074 donaverit,
398 4022 414 4060 a
428 4021 482 4078 quo
498 4014 539 4061 est
567 4023 648 4062 omne
663 4007 757 4062 datum
784 4007 915 4078 optimum
936 4024 964 4076 et
1012 4025 1027 4063 a
1042 4009 1158 4065 subditis
1172 4009 1229 4063 suis
1244 4009 1379 4080 episcopis
1395 4025 1449 4064 non
1470 4009 1656 4083 irregulariter
1683 4018 1810 4067 contem-

159 4095 354 4153 omnedonum
377 4094 541 4167 perlectum,
571 4095 717 4165 providere
743 4096 867 4162 studebo,
897 4111 963 4151 nea
1013 4105 1120 4153 uantur.
1150 4096 1255 4152 Deinde
1270 4097 1343 4169 quod
1371 4097 1568 4169 perfectissime
1591 4098 1737 4170 scripsistis
1768 4116 1812 4155 se-

159 4183 352 4242 communioue
366 4182 618 4254 sedisapostolicae,
637 4183 711 4255 quod
739 4183 820 4250 absit,
842 4183 963 4256 quotibet
1012 4186 1113 4253 cundo,
1130 4186 1258 4258 quoniam
1282 4185 1376 4241 sedem
1404 4187 1581 4257 apostolicam
1597 4188 1738 4243 liothadus
1757 4203 1810 4243 no-

158 4273 240 4330 modo
254 4280 391 4329 extorrem
405 4288 449 4328 me
463 4271 575 4328 ultimus
587 4272 666 4339 dies,
690 4272 736 4343 qui
756 4272 821 4327 mihi
843 4272 963 4329 incertus
1012 4274 1095 4331 scitur
1106 4274 1269 4348 appellasse,
1292 4281 1367 4329 etue
1382 4274 1528 4329 rideamini
1555 4276 1687 4333 Ecclesiae
1714 4285 1810 4332 restrae

158 4370 210 4431 cst,
226 4369 253 4417 et
278 4359 367 4416 subito
390 4360 484 4416 venire
513 4368 611 4431 potest,
641 4359 771 4418 inveniat.
786 4360 844 4416 Erit
873 4361 955 4427 enim,
971 4351 1212 4431 Dprivilegiorunr
1241 4358 1400 4413 detrimenta
1428 4358 1524 4414 dicbus
1553 4360 1650 4416 restris
1684 4361 1809 4432 aequani-

157 4451 284 4526 quamvis
308 4449 410 4505 tardius
433 4463 515 4520 «luam
538 4464 652 4505 necesse
675 4448 718 4517 sit,
750 4450 878 4522 quoniam
906 4464 959 4523 ego
1010 4447 1091 4503 miter
1105 4446 1233 4513 tolerare,
1264 4455 1291 4503 et
1304 4447 1357 4502 hoc
1385 4446 1560 4502 nihilominus
1589 4448 1698 4503 anobis
1722 4457 1748 4503 et
1775 4449 1809 4502 ub

158 4541 253 4615 gravis
267 4546 404 4612 peccator,
421 4537 499 4612 gravi
513 4553 625 4594 carcere
640 4538 820 4609 corporisdiu
837 4537 959 4593 inclusus
1010 4536 1136 4592 omnibus
1159 4543 1201 4591 est
1228 4535 1381 4591 rectissime
1410 4535 1625 4608 suscipiendum,
1655 4544 1682 4591 et
1719 4537 1810 4591 soler-

156 4636 261 4696 teneor,
277 4629 374 4685 merito
390 4627 418 4682 in
442 4625 534 4682 multis
563 4624 687 4692 afflictus,
717 4625 958 4697 providentissimo
1009 4624 1368 4688 tissimeconservandum.
1399 4622 1479 4692 Quod
1492 4632 1519 4681 et
1547 4640 1600 4699 ego
1630 4640 1681 4696 pro
1695 4624 1808 4680 modulo

158 4714 460 4787 Domino‘proridente,
475 4724 502 4771 et
516 4723 624 4786 tempus
638 4721 665 4770 et
693 4729 811 4785 persona
824 4714 853 4768 in
881 4714 958 4771 Rhe·
1008 4729 1080 4781 meo,
1098 4714 1263 4769 servandum
1278 4729 1339 4769 esse
1353 4713 1427 4769 volui
1442 4720 1469 4769 et
1483 4713 1554 4784 volo,
1572 4721 1608 4780 et,
1626 4712 1733 4770 lavante
1754 4714 1811 4769 Do·

158 4819 264 4860 morum
278 4805 411 4869 Ecclesia,
441 4804 551 4877 quando
579 4803 648 4861 etin
676 4818 730 4874 qua
748 4802 783 4857 ab
810 4803 958 4874 apostolica
1006 4802 1091 4870 mino,
1106 4802 1135 4856 in
1149 4803 1201 4857 lrac
1216 4801 1361 4858 devotione
1375 4802 1502 4867 manebo,
1526 4801 1616 4858 sciens
1635 4801 1809 4875 privilegium

157 4891 317 4949 auctoritate
330 4893 503 4964 privilegium
532 4893 695 4966 integratum
719 4891 771 4947 sihi
785 4907 820 4948 ex
847 4891 958 4964 antiqua
1008 4889 1222 4962 metropolitana
1237 4889 1310 4946 sedis
1336 4890 1511 4958 Rhemorum,
1536 4891 1579 4947 cui
1603 4891 1754 4946 medisina
1769 4890 1810 4945 di-

159 4978 354 5037 oonsuetudine
378 4979 505 5036 collatum
519 4990 546 5038 et
571 4988 763 5039 conservatum
790 4979 956 5035 habebitur:
1008 4979 1100 5051 gnatio
1115 4979 1216 5037 servire
1230 4979 1374 5051 disposuit,
1390 4980 1417 5033 in
1446 4994 1552 5037 summo
1575 4978 1719 5051 privilegio
1746 4994 1811 5033 san·

159 5085 220 5142 qua
233 5083 373 5140 nunquam
388 5076 500 5138 excepto
528 5071 652 5127 Romano
673 5067 800 5143 pontifice
815 5067 957 5140 primatem
1008 5076 1058 5124 etae
1080 5068 1153 5124 sedis
1181 5069 1320 5138 Romana,
1343 5083 1466 5134 manere,
1497 5077 1523 5123 et
1551 5067 1724 5141 privilegium
1749 5083 1811 5122 esse

159 5157 261 5226 habuit,
276 5155 329 5211 nisi
343 5155 463 5229 quandiu
478 5156 564 5225 ejecto
580 5159 639 5215 sine
653 5159 709 5215 ullo
733 5157 848 5215 crimine
876 5157 912 5212 ab
926 5173 957 5212 ea
1009 5156 1081 5214 sedis
1096 5158 1234 5225 Romanae,
1265 5155 1288 5211 si
1302 5172 1352 5211 sua
1372 5155 1531 5213 auctoritate
1560 5154 1734 5229 privilegium
1759 5154 1812 5210 sibi

160 5261 210 5302 suo
232 5244 360 5317 pontifice
392 5244 541 5315 lligoherto
571 5245 700 5303 violentia
713 5247 823 5320 tyranni
850 5245 958 5302 Milonis
1008 5245 1139 5315 subjecta
1163 5245 1236 5302 sedis
1265 5244 1360 5302 lecerit
1383 5245 1488 5320 vigere,
1519 5253 1546 5302 et
1561 5243 1693 5301 studuerit
1714 5242 1812 5301 coustr-

164 5342 287 5405 tenrpore
303 5333 393 5390 Caroli
408 5331 538 5405 principis
552 5343 660 5403 pastore
685 5349 791 5404 vacans,
819 5332 957 5392 Boniiacio
1008 5349 1097 5391 mure.

160 5422 318 5494 apostolicae
343 5423 416 5480 sedis
430 5421 522 5493 legato
532 5421 700 5492 aliqutmdiu,
712 5425 781 5480 sicut
796 5432 822 5480 ct
835 5423 958 5482 Ecclesia
1047 5423 1089 5477 lte
1105 5438 1138 5478 eo
1154 5440 1221 5481 vero
1237 5425 1311 5496 quod
1324 5424 1405 5480 tertio
1432 5424 1493 5481 loco
1508 5423 1541 5478 ad
1554 5423 1675 5479 medium
1690 5421 1811 5479 devoca-
