3826 6098
137 197 189 255 tlt
516 199 518 202 ’
652 193 824 252 autemut
841 192 1041 252 mmsis
1060 192 1335 253 uucnmrtscott.
1731 203 1782 261 tm

137 326 166 377 et
182 317 244 376 sins
261 317 347 390 ipsius
365 317 475 375 licentia
492 320 526 374 ab
553 334 587 375 eo
614 319 756 385 recedetis,
776 318 934 375 Laudunum
947 317 1145 382 Aincousultis
1160 318 1263 392 aliquid
1277 335 1362 393 agere
1375 329 1550 390 presumant.
1569 322 1606 378 Et
1619 320 1663 379 lex
1684 325 1782 396 prohi-

136 423 189 482 per
206 415 314 465 noctem
334 407 449 480 aufugit.
470 406 558 477 Quem
575 408 691 467 domnus
710 423 756 462 rer
782 406 878 463 litteris
906 415 933 463 et
982 407 1055 476 beat,
1072 415 1101 462 ut
1110 424 1161 478 per
1175 407 1293 464 alienam
1306 424 1425 464 messem
1439 409 1573 465 transiens
1596 409 1697 467 falcem
1727 429 1782 470 non

138 494 230 553 missis
243 502 300 550 tam
314 495 507 552 ecclesiasticis
522 512 603 568 quam
618 503 644 551 et
659 494 840 551 saecularibus
853 502 882 549 ut
898 495 934 550 ad
981 494 1076 562 mittat,
1102 495 1151 551 sed
1182 512 1263 551 manu
1297 496 1386 568 spicas
1417 504 1538 554 conterat
1577 506 1605 555 et
1635 500 1782 558 manducet

138 599 201 641 sum
222 583 328 641 veniret
341 599 414 655 saepe
429 583 534 640 vocavit
549 601 556 638 ε
572 583 618 655 qui
632 585 669 639 ad
683 599 745 638 enm
758 583 852 640 venire
865 598 934 640 con·
983 583 1206 654 (bisernum
1223 584 1342 652 Falcem,
1362 585 1468 657 »inquit
1477 585 1572 642 beatus
1583 585 1738 658 Gregorius
1746 588 1783 643 ad

138 671 257 745 tempsit.
273 673 308 727 Et
325 671 454 744 quoniam
482 671 606 744 pervenit
633 671 668 726 ad
683 672 814 727 domnum
828 687 932 744 regem,
984 671 1165 744 augustinum
1176 670 1236 743 (tic.
1252 688 1303 739 su,
1320 674 1402 745 epist.
1414 676 1458 743 31,
1474 673 1784 746 simmitrisjudi-

67 768 70 772 ‘
139 759 203 834 quis
216 774 279 816 cum
292 751 474 815 Lothsrio'illi
496 759 664 826 conveniret,
689 767 718 814 ut
739 758 885 814 ecclesiam
908 767 935 814 et
984 756 1019 814 cii
1033 757 1142 815 mittere
1151 759 1180 815 in
1190 775 1222 815 ea
1232 768 1326 833 segete
1340 776 1395 816 uon
1409 767 1508 832 potest,
1520 761 1666 833 qurealteri
1676 762 1783 819 videtur

138 846 248 920 plebem
262 847 315 903 sibi
326 847 458 904 creditam
471 847 620 915 desereret,
637 855 664 902 et
686 847 715 901 in
738 862 826 919 reguo
850 846 935 918 ipsius
985 863 1046 903 esse
1060 847 1206 903 commissa
1221 848 1290 903 :sed
1304 864 1354 919 per
1369 846 1494 904 effectum
1518 849 1582 906 boni
1603 849 1697 921 operis
1719 849 1780 906 lra-

137 936 258 992 bonores
272 935 415 1007 acciperet.
428 935 480 1006 Qui
495 942 522 991 et
536 935 565 991 in
578 934 674 990 litteris
689 934 788 989 domno
804 934 863 1005 regi
890 933 935 988 di·
984 942 1075 991 menta
1088 935 1230 992 Dominica
1244 936 1370 992 vitiorum
1398 953 1509 992 suorum
1534 937 1622 1008 paleis
1648 937 1781 1010 exspolia,

139 1021 223 1080 rectis
247 1023 358 1094 scripsit
385 1023 479 1080 dicens
494 1041 501 1077 ε
519 1046 530 1071 α
549 1025 607 1078 Deo
621 1030 689 1077 teste
708 1021 786 1078 vobis
805 1021 903 1093 loquor
927 1039 934 1076 :
985 1030 1012 1078 et
1025 1023 1053 1079 in
1067 1023 1192 1080 ecclesiae
1201 1039 1299 1096 corpus
1309 1026 1446 1081 monendo
1454 1032 1481 1080 et
1489 1025 1692 1097 persuadendo,
1704 1027 1782 1099 quasi

137 1111 230 1186 potius
243 1111 316 1186 eligo
331 1118 406 1167 extra
419 1118 541 1168 vestrum
554 1110 655 1182 degere
671 1125 795 1181 regnum,
812 1124 894 1181 quam
908 1108 936 1163 in
984 1111 1149 1179 mandendo,
1166 1120 1304 1169 converte.
1329 1113 1390 1168 „Et
1417 1113 1482 1168 item
1509 1113 1538 1169 s,
1568 1113 1719 1187 Gregorius
1747 1114 1782 1170 ad

139 1207 232 1257 vestro
250 1198 311 1254 talis
325 1214 469 1270 apparere,
486 1199 619 1270 quosdam
642 1213 727 1254 nosco
750 1212 934 1253 susurrare.»
985 1200 1143 1255 ianuarium
1159 1200 1327 1272 episcopum,
1345 1201 1390 1273 qui
1406 1200 1540 1257 Isidorum
1567 1202 1600 1257 V.
1630 1199 1672 1258 Cl.
1701 1217 1783 1258 causa

138 1288 214 1346 Tunc
227 1287 345 1344 domnus
359 1303 408 1343 rex
422 1287 585 1342 necessitate
606 1286 763 1357 compulsus
787 1284 935 1352 mandavit,
986 1303 1044 1344 suae
1071 1287 1177 1357 injuriae
1204 1289 1496 1359 excommunicaverat,
1533 1288 1649 1361 scripsit,
1688 1290 1782 1346 dicens

138 1383 169 1433 ut
181 1374 246 1450 qma
258 1375 318 1446 ipse
331 1373 423 1430 venire
437 1373 558 1441 nolebat,
573 1374 653 1429 liberi
668 1373 793 1429 homines
822 1373 857 1429 de
876 1373 936 1445 epi·
987 1375 1047 1448 (tit.
1059 1391 1088 1443 ιι,
1105 1376 1164 1432 ind.
1182 1380 1224 1442 to,
1243 1394 1285 1450 ep.
1302 1378 1348 1449 at)
1364 1395 1371 1432 ε
1390 1399 1402 1429 c
1419 1376 1498 1446 Quia,
1515 1377 1539 1433 sl
1550 1377 1589 1434 ita
1602 1385 1656 1448 est,
1671 1377 1740 1434 nibil
1757 1386 1783 1434 te

140 1463 234 1536 scapio
247 1461 370 1518 Lauduni
385 1462 419 1516 ad
433 1478 494 1517 eum
509 1461 670 1534 compendio
684 1462 784 1533 palatio
803 1461 935 1517 venirent.
987 1464 1108 1521 ostendis
1127 1465 1161 1520 de
1186 1465 1341 1521 coelestibus
1365 1465 1495 1538 cogitare,
1518 1466 1567 1522 sed
1593 1473 1730 1522 terrenam
1758 1472 1784 1522 te

140 1551 202 1622 Quo
220 1551 303 1624 aliqui
321 1566 355 1606 ex
368 1550 407 1606 eis
422 1559 554 1607 venerunt
569 1567 576 1606 :
593 1551 753 1623 quibusdam
769 1566 842 1617 vero,
859 1557 888 1605 ut
903 1550 938 1605 ad
987 1552 1089 1608 habere
1103 1552 1337 1608 conversationem
1353 1552 1500 1625 significas,
1516 1553 1579 1609 dum
1594 1568 1643 1625 pro
1666 1553 1785 1610 vindicta

139 1655 235 1714 regem
248 1647 409 1710 perventum
424 1647 474 1706 est,
484 1639 643 1696 Hincmarus
657 1639 751 1696 venire
765 1655 821 1695 non
834 1638 936 1710 permi·
952 1640 1108 1737 Bpropria
1121 1639 1236 1710 injuria,
1248 1641 1320 1713 quod
1335 1641 1423 1698 sacris
1437 1641 1542 1716 regulis
1550 1641 1720 1714 prohibetur,
1730 1656 1785 1696 ma-

142 1727 186 1785 sit.
197 1727 232 1784 Et
246 1727 308 1784 ideo
322 1727 495 1785 domnusrex
506 1728 575 1783 duos
596 1727 741 1800 episcopos
769 1728 936 1784 ithamarum
989 1727 1161 1785 ledictionem
1175 1729 1352 1785 anathematis
1366 1729 1501 1786 invexisti.
1518 1730 1595 1786 Unde
1620 1730 1657 1785 de
1685 1736 1784 1786 caetero

140 1816 298 1891 provinciae,
314 1816 438 1873 Odonem
453 1817 554 1873 scilicet
570 1823 597 1872 et
610 1816 812 1885 Willebertum,
829 1816 865 1871 ad
875 1831 937 1870 eum
985 1813 1096 1872 omnino
1106 1824 1164 1873 esto
1179 1816 1403 1888 circumspectus,
1414 1826 1495 1890 atque
1509 1817 1651 1886 sollicitus,
1667 1833 1704 1873 ne
1732 1816 1783 1875 tale

141 1904 224 1975 misit,
236 1906 369 1962 mandans
383 1914 412 1961 ut
422 1906 479 1976 jam
494 1906 603 1961 tandem
617 1906 652 1960 ad
672 1921 735 1961 eum
761 1904 876 1962 veniret.
904 1905 939 1959 Et
984 1905 1109 1978 cuiquam
1122 1920 1172 1975 pro
1186 1904 1462 1976 detensioneinjuriae
1492 1914 1544 1962 tuae
1572 1904 1675 1961 inferre
1693 1905 1783 1962 denuo

140 1992 214 2051 misit
223 1993 380 2067 reipublicae
392 1994 541 2062 ministros,
556 2001 586 2049 ut
608 1994 709 2049 liberos
733 1993 866 2058 hominos,
892 1992 939 2064 qui
987 1994 1229 2064 praesumas.Nam
1243 1993 1267 2048 si
1281 1994 1335 2049 tale
1349 1993 1452 2065 aliquid
1466 1992 1574 2061 leceris,
1603 1993 1633 2047 in
1658 1999 1686 2049 te
1714 1993 1784 2050 scias

140 2082 174 2140 sd
188 2098 261 2152 eum,
277 2083 348 2140 sicut
362 2085 549 2150 mandaverat,
573 2097 627 2137 non
654 2088 796 2148 venerunt,
826 2089 852 2136 et
876 2094 938 2136 cum
987 2088 1082 2152 postea
1096 2080 1296 2136 vindicandum.
1321 2101 1333 2131 ι
1363 2082 1398 2136 Et
1426 2088 1537 2137 sauctus
1563 2079 1732 2154 Augustinus
1759 2082 1785 2137 in

140 2170 286 2229 ilincmaro
305 2171 450 2245 degebant,
471 2178 518 2226 aut
532 2169 698 2227 voluntarios
712 2178 758 2225 aut
776 2168 875 2225 invitos
903 2167 938 2223 ad
987 2169 1056 2223 libro
1071 2169 1106 2224 de
1121 2168 1282 2224 Poenitentia
1299 2185 1305 2225 :
1323 2166 1463 2225 «inferte
1476 2169 1577 2225 malum
1590 2168 1698 2226 avobis
1707 2169 1784 2242 ipsis.

141 2273 205 2317 ettm
225 2259 321 2318 venire
341 2258 473 2314 lacerent.
918 2314 919 2317 ,
989 2255 1094 2325 Quibus
1108 2256 1198 2311 verbis
1213 2256 1277 2311 satis
1292 2256 1422 2326 ostendit,
1437 2272 1491 2313 non
1519 2265 1629 2324 temere,
1660 2265 1687 2313 et
1715 2272 1785 2330 quo-

176 2347 268 2419 (lbid,
280 2362 305 2403 c.
317 2350 343 2403 3.
356 2347 366 2418 )
381 2345 667 2402 Hincmarusaudiens
679 2360 774 2401 eorum
784 2344 938 2414 adventum,
988 2344 1137 2400 modolibet
1146 2363 1154 2409 3
1163 2344 1212 2400 sed
1225 2360 1275 2415 per
1287 2345 1419 2414 judicium
1447 2344 1609 2401 auferendos
1635 2344 1725 2401 malos
1752 2346 1786 2399 ab

142 2435 212 2495 siem
225 2436 308 2492 etiam
322 2436 381 2507 ipse
395 2435 423 2490 in
437 2434 541 2507 scripto
551 2449 601 2491 suo
612 2433 783 2500 dimonstrat,
795 2441 939 2506 antequam
989 2432 1120 2488 Ecclesia
1132 2431 1331 2487 communione.
1344 2432 1437 2488 Noluit
1448 2432 1520 2488 enim
1535 2431 1684 2504 Apostolus
1698 2431 1785 2488 bomi-

140 2524 211 2598 reip.
225 2524 343 2581 ministri
361 2523 395 2579 ad
423 2539 485 2579 eum
500 2522 596 2579 directi
615 2523 775 2578 Laudunum
809 2522 939 2593 perveni·
989 2536 1051 2576 nem
1063 2520 1098 2575 ab
1113 2518 1222 2574 bomine
1235 2519 1352 2588 judicari
1366 2535 1400 2575 cx
1413 2520 1527 2576 arbitrio
1546 2519 1723 2591 suspicionis,
1743 2521 1785 2576 vel

140 2620 210 2681 rent,
229 2612 380 2668 inauditam
395 2619 476 2668 antea
490 2612 592 2667 nostris
606 2610 773 2681 temporibus
788 2625 941 2666 exeommu-
990 2608 1072 2663 etiam
1086 2607 1305 2663 extraordinario
1319 2616 1447 2679 usurpato
1459 2607 1560 2677 judicio
1577 2607 1646 2663 :sed
1655 2607 1787 2679 potiuser

140 2700 304 2758 nicationem
310 2701 338 2756 in
347 2716 434 2769 meos,
446 2707 472 2756 et
482 2699 627 2755 multorum
636 2698 905 2770 archiepiscoporum
915 2705 941 2753 et
989 2695 1050 2767 lege
1065 2695 1116 2750 Dei
1130 2694 1279 2751 secundum
1293 2695 1417 2751 ordinem
1424 2695 1562 2765 Ecclesiae,
1572 2695 1629 2752 sire
1641 2695 1715 2753 ultro
1725 2711 1787 2752 con-

142 2789 597 2862 episcopcrumparochianos,non
625 2788 661 2842 de
691 2786 850 2843 criminibus
878 2786 941 2858 qui·
990 2783 1102 2854 fessum,
1119 2783 1176 2839 sive
1191 2790 1350 2839 accusatum
1365 2792 1446 2856 atque
1469 2784 1632 2841 convictum.
1659 2783 1788 2856 Alioquin

142 2876 302 2948 buccunque
318 2883 469 2942 accusatos,
494 2876 536 2932 vel
551 2874 702 2941 confessos,
719 2876 777 2930 sive
791 2875 939 2940 convictos,
990 2871 1056 2926 illud
1069 2886 1119 2927 cur
1132 2870 1198 2925 dixit
1214 2889 1220 2925 :
1239 2871 1268 2927 Si
1282 2873 1345 2944 quis
1360 2871 1604 2928 fraternominatur
1614 2870 1787 2927 autiernica-

143 2964 193 3021 sed
205 2979 257 3020 nec
276 2964 433 3036 evangelice
452 2964 495 3020 vel
515 2964 681 3035 regulariter
695 2962 884 3030 commonitos,
911 2963 938 3017 in
992 2967 1044 3027 tor,
1061 2967 1106 3014 aut
1120 2958 1200 3013 idolis
1213 2960 1346 3030 serviens,
1358 2968 1422 3027 etc,
1434 2960 1486 3016 nisi
1502 2960 1563 3033 quia
1577 2975 1637 3016 eam
1665 2960 1789 3016 nomina-

142 3051 505 3124 parochiasuaperpetratis,
517 3053 576 3107 sine
588 3066 648 3106 mea
657 3050 833 3117 conscicntia,
846 3058 939 3106 contra
953 3025 978 3088 G
992 3046 1094 3102 tionem
1107 3046 1222 3119 intelligi
1236 3048 1320 3103 voluit
1334 3065 1393 3120 quae
1411 3047 1441 3103 fit
1467 3049 1495 3104 in
1523 3063 1699 3121 quemquam,
1728 3064 1789 3105 cunr

143 3155 236 3199 sacras
249 3140 361 3214 regulas
371 3141 511 3211 jaculavit.
523 3141 601 3197 Unde
616 3139 762 3194 maximum
785 3138 941 3194 scandalum
990 3135 1125 3192 sententia
1140 3135 1234 3190 ordino
1246 3136 1400 3206 judiciario,
1411 3145 1492 3209 atque
1511 3135 1666 3208 integritate
1679 3135 1786 3207 profer-

143 3237 171 3288 et
185 3228 246 3304 regi
261 3237 288 3285 et
302 3246 399 3303 reguo,
415 3239 442 3286 et
456 3230 516 3285 istis
531 3228 674 3299 Cisalpinis
689 3227 813 3283 ecclesiis
842 3227 939 3282 intulit.
990 3232 1042 3279 tur.
1056 3224 1128 3279 Nam
1142 3224 1164 3277 si
1180 3224 1329 3280 nominatio
1344 3224 1451 3292 sufficit,
1467 3224 1543 3280 multi
1557 3224 1707 3280 damnandi
1723 3231 1784 3279 sunt

142 3318 395 3375 Excommuuicatio
409 3333 485 3385 vero,
497 3317 562 3389 quin
577 3316 667 3388 potius
681 3316 844 3383 maledictio,
861 3331 941 3388 quam
990 3312 1169 3380 iunocentes3
1190 3313 1252 3384 quia
1278 3312 1348 3369 laiso
1375 3330 1447 3386 saepc
1475 3313 1503 3369 in
1531 3328 1668 3386 quoquam
1686 3311 1788 3370 crimen

143 3405 215 3464 turia
229 3408 383 3481 exagitatus
399 3406 515 3476 intorsit,
527 3408 580 3462 hoc
595 3406 677 3462 modo
693 3422 723 3461 se
735 3406 818 3460 habet
829 3423 836 3459 :
849 3426 861 3456 ι
873 3407 944 3476 Apo·
992 3401 1154 3457 nominatur.
1173 3421 1185 3451 ι

144 3495 249 3561 stolica,
266 3497 321 3551 imo
339 3486 609 3552 divina'auctoritate
636 3512 685 3567 per
704 3494 830 3551 virtutem
846 3494 942 3570 ,hujus
1295 3489 1406 3546 CAPUT
1431 3490 1464 3546 V.

142 3581 210 3657 ligni
224 3582 361 3656 (videlicet
376 3592 477 3641 sanctae
492 3585 604 3656 crucis),
621 3582 830 3655 cooperantibus
839 3581 942 3637 meritis
993 3578 1069 3646 Quod
1082 3578 1208 3635 ccclesia
1220 3593 1279 3633 suoe
1287 3579 1460 3650 presbyteros
1475 3581 1505 3663 et
1517 3579 1666 3635 ministros
1688 3577 1790 3636 illicite
1870 3584 1878 3611 ⁴·

142 3678 245 3729 macta
271 3673 352 3742 hujus
385 3672 524 3744 genitricis
556 3673 657 3739 Maria,
690 3688 752 3728 cum
784 3670 941 3726 auctoritate
1254 3650 1520 3705 mmmmm·

141 3759 293 3818 beatissimi
307 3761 439 3832 principis
459 3760 642 3830 apostolorum
670 3761 752 3825 Petri,
773 3767 828 3814 tam
847 3774 942 3813 omnes
1028 3755 1097 3825 (tit.
1111 3769 1146 3809 nv
1163 3755 1240 3827 Cap,
1257 3769 1282 3809 c.
1298 3754 1356 3826 28.)
1371 3755 1412 3810 De
1426 3771 1478 3826 qua
1496 3753 1710 3826 praesumptione
1740 3770 1789 3812 co-
1874 3773 1879 3777 ·

141 3849 222 3918 huius
236 3848 290 3904 loci
304 3849 454 3915 invasores,
473 3848 942 3918 quamparcchioemeae,omnesque
994 3859 1048 3898 ram
1062 3842 1233 3913 coepiscopis
1249 3842 1357 3909 nostris,
1376 3842 1439 3914 quia
1453 3842 1561 3915 publice
1580 3842 1656 3899 illam
1674 3843 1791 3900 admise·
1842 3859 1884 3873 ‘

143 3936 300 4005 huiusmodi
318 3935 547 3991 contaminatores
568 3942 734 4008 cunctosque
754 3936 793 3991 eis
818 3951 940 3990 consen·
993 3939 1043 3997 rat,
1058 3945 1120 3987 cum
1135 3931 1274 4002 corripui:
1291 3930 1341 3986 sed
1354 3946 1409 3986 non
1423 3930 1559 4003 acquievit
1568 3930 1624 3987 ullo
1639 3932 1723 3988 modo
1730 3947 1791 3988 cor·
1833 3947 1887 3964 κ

145 4022 618 4091 1ἰοιιιεε,ιιιιιι1ιειηιιιεᾱιιιιιιιιηιιιε,
636 4033 691 4080 ota
710 4023 847 4079 liminibus
876 4038 942 4078 san·
991 4018 1053 4092 rigi.
1068 4019 1147 4075 Unde
1162 4019 1258 4075 iterum
1274 4035 1358 4075 causa
1372 4036 1428 4075 suaa
1444 4019 1611 4089 injuriae,me
1625 4018 1789 4085 inconsulto,
1850 4048 1884 4067 a

145 4119 197 4168 ctae
225 4111 275 4168 Dei
302 4111 434 4168 Ecclesia
448 4121 571 4169 extorres
594 4114 693 4168 virtute
713 4112 829 4184 Spiritus
858 4112 942 4170 sancti
992 4114 1018 4163 et
1033 4106 1091 4163 sine
1105 4122 1241 4164 consensu
1255 4107 1480 4179 coepiscoporum
1494 4107 1657 4163 Rhemensis
1681 4107 1895 4178 provin-l

144 4199 418 4273 decemimus,atquc
434 4202 469 4257 ab
484 4202 559 4257 omni
573 4201 790 4258 Christianorum
804 4201 941 4257 consortio
993 4204 1051 4271 ciae,
1068 4203 1135 4259 sicut
1159 4204 1252 4277 petitio
1280 4219 1297 4260 a
1323 4204 1429 4261 clericis
1449 4204 1639 4260 Laudunensis
1668 4204 1791 4262 ecclesie
1809 4204 1893 4247 4

143 4289 455 4360 alienosadjudicamus.
476 4315 486 4340 u
512 4292 546 4346 Et
568 4307 632 4347 mox
651 4290 826 4363 subsequitur
845 4290 872 4344 iu
893 4306 942 4345 suo
992 4292 1057 4348 mihi
1072 4299 1198 4365 porrecta
1211 4293 1390 4359 demonstrat,
1407 4299 1433 4348 et
1448 4293 1475 4347 in
1489 4292 1595 4365 synodo
1622 4293 1695 4365 apud
1724 4292 1900 4348 Atti-l

144 4378 256 4451 scripto.
279 4401 291 4431 ι
313 4381 515 4453 Responditque
541 4380 629 4436 omnis
648 4380 761 4437 clerus:
790 4374 1099 4438 AnathemaDniacum
1114 4380 1207 4437 habita
1221 4380 1415 4447 demonstravi,
1444 4381 1631 4453 presbyteros,
1653 4389 1681 4436 et
1709 4381 1903 4436 mini-22

144 4466 198 4523 sint
217 4486 225 4524 ι
244 4469 401 4524 tenentibus
427 4469 594 4541 presbyteris
621 4461 655 4524 in'
684 4468 807 4524 manibus
849 4476 942 4525 sancta
991 4477 1064 4526 stros
1078 4470 1201 4527 ecclesias
1216 4469 1469 4535 excommunicavit,
1490 4476 1520 4523 ut
1538 4484 1619 4525 nemo
1644 4468 1674 4524 in
1696 4463 1910 4525 eadem&¹¹

143 4554 306 4630 Evangelia,
322 4558 481 4631 lignumque
495 4565 596 4613 sanctae
620 4557 718 4613 crucis.
737 4578 748 4607 s
991 4559 1120 4631 parochia
1134 4560 1278 4614 missarum
1295 4558 1384 4614 officia
1398 4557 1561 4614 celebraret.
1571 4556 1650 4613 Unde
1662 4557 1691 4613 S.
1702 4561 1850 4630 Augus
1861 4553 1896 4595 ¹

180 4645 286 4703 Praelati
300 4661 367 4703 vero
382 4646 503 4718 episcopi
518 4646 552 4700 ad
569 4661 630 4701 eum
645 4645 794 4712 venientes,
820 4645 886 4700 nihil
907 4645 942 4700 de
991 4647 1078 4703 stinus
1106 4647 1200 4703 doctor
1227 4647 1432 4712 famosissimus,
1448 4652 1475 4702 et
1486 4646 1520 4700 ab
1552 4644 1704 4716 apostolica
1729 4643 1913 4725 selfflj

144 4734 301 4793 obedientia
315 4751 380 4810 erga
395 4751 498 4807 regem,
511 4751 591 4807 quam
605 4733 644 4788 illi
666 4750 748 4806 super
769 4741 943 4789 sacrosancta
989 4735 1203 4807 receptissimus,
1220 4737 1265 4808 qui
1279 4733 1497 4808 Carthaginiensi
1525 4733 1640 4789 coneilio
1673 4732 1841 4789 interiuiffi
1858 4727 1904 4771 Ι

141 4821 252 4893 juravit,
278 4824 461 4880 obtinuerunt.
484 4823 563 4896 Reip.
588 4830 678 4879 autem
706 4821 822 4877 ministri
841 4838 857 4878 a
876 4836 943 4893 rege
991 4825 1106 4896 (concils
1119 4824 1260 4896 Cortiap,
1277 4840 1302 4880 c.
1320 4827 1363 4891 19,
1380 4823 1436 4895 20),
1449 4830 1475 4879 et
1490 4822 1698 4879 constitutiones
1707 4821 1873 4895 ipsius&
1905 4815 1913 4836 ²

146 4910 251 4979 directi,
260 4912 361 4967 nullam
375 4913 401 4968 ei
415 4920 462 4969 ant
476 4913 603 4986 cuiquam
617 4912 772 4968 violentiam
786 4909 941 4976 inferentes,
991 4912 1151 4986 plenissime
1170 4912 1253 4978 novit,
1274 4913 1302 4968 in
1328 4912 1441 4983 epistola
1473 4911 1509 4967 ad
1540 4911 1645 4968 clerum
1674 4919 1701 4967 et
1728 4910 1790 4982 ple·
1879 4976 1901 5002 ι

145 4999 271 5056 homines
284 5000 384 5057 liberos
399 5001 530 5073 episcopii
545 5001 734 5059 Lauduuensis
747 5001 783 5056 ad
793 4999 866 5072 regis
881 4998 945 5055 lide·
992 5003 1055 5057 bem
1068 5001 1292 5074 Hipponensium,
1313 5000 1384 5056 iuter
1398 5001 1453 5057 alia
1484 4999 1549 5056 dicit
1579 5003 1676 5072 (nug,
1706 5001 1788 5073 epist.
1833 5024 1867 5040 α
1885 5010 1899 5023 ·

145 5088 247 5147 litatem
262 5097 431 5147 sacramento
446 5089 686 5158 confirmaverunt,
703 5097 730 5146 et
745 5089 785 5145 sic
799 5089 834 5145 ad
849 5103 944 5160 regem
994 5092 1075 5160 137);
1095 5089 1217 5162 «Nuper
1230 5089 1259 5144 in
1273 5088 1387 5146 concilio
1401 5089 1593 5162 episcoporum
1616 5088 1793 5144 constitutum

147 5177 294 5238 redierunt.
311 5179 373 5251 lpse
388 5193 453 5236 vero
468 5194 512 5234 me
526 5179 686 5251 postposito,
703 5179 730 5233 in
758 5177 804 5232 tali
832 5192 944 5233 excom·
994 5186 1044 5246 est,
1075 5179 1179 5234 nullum
1206 5178 1335 5235 clericum
1356 5176 1403 5250 qui
1417 5177 1539 5232 nondum
1572 5175 1718 5234 convictus
1743 5183 1792 5241 est,
1816 5204 1855 5229 ι
1877 5162 1898 5201 ³

149 5266 332 5324 municatione
360 5267 417 5323 suis
435 5274 477 5323 est
494 5266 613 5323 libitibus
636 5284 702 5322 usus
733 5285 740 5322 ;
774 5282 835 5322 curu
875 5265 944 5321 sacri
994 5268 1125 5340 suspendi
1153 5283 1168 5322 a
1196 5266 1388 5323 communione
1430 5265 1551 5334 debere,
1577 5264 1632 5321 nisi
1659 5266 1696 5321 ad
1725 5280 1793 5321 cau-
1822 5261 1907 5295 f

72 5386 81 5399 ·
151 5354 251 5414 attica
263 5356 410 5429 provincie
437 5371 557 5413 canones
576 5357 734 5429 praecipiant
749 5356 824 5428 (cca.
855 5356 901 5427 86)
917 5361 945 5408 ut
994 5372 1053 5412 sam
1093 5373 1169 5412 suam
1195 5355 1400 5412 examinandam
1413 5370 1468 5410 non
1496 5369 1526 5409 se
1541 5353 1726 5425 praesentarit.
1745 5327 1905 5409 »Et93

150 5443 318 5524 posteriores
341 5444 462 5522 episcopi
483 5443 666 5508 anterioribus
680 5444 812 5514 delerant,
829 5458 881 5505 nec
906 5441 945 5498 eis
995 5445 1023 5503 S.
1048 5444 1198 5519 Gregorius
1230 5444 1382 5518 Augustino
1424 5451 1547 5516 ternpore
1588 5441 1732 5519 posterior
1747 5483 1755 5513 ,
1770 5448 1797 5501 et
1832 5426 1887 5477 5
