3826 6098
125 204 176 269 bid
479 216 600 273 OPUSG.
631 210 676 273 ΕΤ
702 209 810 275 aelst.
842 220 877 274 ΙΝ
899 214 1012 277 <slusa
1041 218 1212 280 tltitctttltt
1237 223 1389 282 uacua.
1721 234 1780 286 tlt.

92 351 96 362 ·
128 337 283 408 cenobium,
300 339 391 394 sedet
406 339 478 395 idem
494 347 605 397 sauctus
620 344 674 398 Leo
688 345 782 416 (epist.
799 349 843 409 Ὦ,
865 347 921 401 lla·
937 345 1078 418 rigaturi
1095 372 1105 394 a
1122 350 1188 403 satis
1203 350 1299 405 mirari
1312 366 1366 406 uon
1381 352 1470 413 valeo.
1497 355 1633 424 quomodo
1657 356 1771 425 teipsum

128 427 207 497 stica)
224 445 231 481 ε
250 447 261 477 a
277 427 365 482 Etiam
378 429 419 483 eis
434 429 590 495 infantibus
614 432 648 487 de
664 432 762 504 quibus
776 447 831 488 aon
846 434 924 489 iuve-
976 436 1092 501 nescire,
1104 446 1129 491 et
1140 445 1195 491 tum
1205 440 1338 508 grandem
1350 456 1470 511 causam,
1482 441 1651 498 sicutcontra
1661 444 1773 499 decreta

128 514 237 570 niuutur
251 516 398 572 certissimi
412 519 564 591 testes,'qui
574 535 622 575 eos
632 520 784 591 baptizatos
794 537 856 576 esse
866 521 925 577 siue
975 523 1113 578 Caelestini
1128 526 1218 597 egisti,
1236 527 1360 584 oblivisci
1374 530 1478 594 vulcus,
1495 531 1672 587 iutercaetera
1685 532 1714 586 iu
1727 539 1772 588 tuo

129 602 292 659 dubitatione
307 611 451 672 testentur,
467 622 556 678 neque
567 608 620 678 ipsi
634 616 696 662 suut
710 625 760 679 per
773 617 882 665 aetatem
890 611 924 665 de
975 611 1102 681 pitaciolo
1129 615 1215 669 verba
1241 617 1363 684 ejusdem
1392 619 1530 673 Caelestini
1560 636 1640 690 papae
1669 636 1771 690 ponere

128 690 232 746 traditis
247 692 299 746 sibi
313 694 493 749 sacramentis
508 695 599 751 idonci
621 697 797 767 respondere,
821 699 925 770 absque
975 715 1059 754 ausus
1073 700 1155 756 fuisti.
1173 702 1249 771 Quae,
1267 705 1316 759 atsi
1330 705 1359 759 in
1381 706 1561 775 professionis
1585 717 1637 763 tute
1661 709 1772 764 decreto

127 778 179 834 ullo
192 779 323 851 scrupulo
342 797 390 836 eos
414 782 593 853 baptizandos
614 800 675 840 esse
696 785 843 854 jusserunt.
864 786 925 840 „Et
974 803 991 841 a
1019 795 1045 842 te
1066 790 1221 861 subscripto
1249 794 1320 848 hanc
1348 794 1421 848 beati
1449 795 1586 849 Caelestini
1610 797 1771 851 seutentiam

128 876 233 924 sauctus
253 868 381 924 Gelasius
405 869 471 940 (feo,
496 888 523 941 p.
548 887 566 937 1,
592 887 651 942 cap.
675 874 740 944 252)
756 892 762 928 :
781 896 791 923 a
810 873 924 929 Etiamsi
974 877 1139 932 decretalem
1154 881 1354 951 praescripsisti,
1371 899 1425 937 nou
1441 883 1529 938 solum
1544 900 1603 950 suo,
1622 885 1671 938 sed
1686 893 1711 938 et
1725 893 1772 941 tuo

127 956 274 1012 necessitas
289 964 410 1012 extrema
424 959 595 1030 compulerit,
621 976 638 1014 a
661 961 738 1017 laicis
764 962 922 1016 Christianis
970 965 1081 1032 judicio,
1098 973 1124 1021 te
1140 969 1287 1022 secundam
1298 984 1392 1025 sacros
1403 972 1633 1044 Carthaginenses
1640 989 1769 1040 maanes,

126 1044 278 1114 huiusmodi
292 1045 421 1115 baptizari
436 1045 536 1102 debere
550 1049 677 1102 ostendit.
698 1075 708 1093 ι»
973 1054 1076 1108 honore
1100 1055 1223 1125 privasti,
1250 1057 1295 1127 qui
1319 1058 1411 1113 dicuat
1432 1061 1508 1129 (can.
1533 1061 1577 1123 13)
1603 1079 1609 1114 :
1636 1061 1771 1131 «Siquis

973 1149 1067 1196 contra
1081 1159 1158 1197 suurn
1172 1144 1369 1213 professionem
1385 1147 1426 1201 vel
1442 1148 1669 1218 subscriptionem
1687 1165 1771 1203 veae·

974 1229 1005 1282 rit
1033 1230 1060 1283 in
1088 1231 1189 1302 aliquo,
1217 1231 1275 1302 ipse
1304 1249 1334 1287 se
1358 1235 1461 1289 honore
1485 1237 1610 1305 privabit.
1639 1236 1771 1292 »Fecisti

973 1318 1045 1372 enirn
1061 1319 1133 1389 qumi
1146 1320 1257 1373 Patroni
1273 1321 1377 1392 regulis
1391 1322 1493 1388 obviat,
1514 1340 1576 1377 cam
1595 1326 1768 1394 paenitentes,

972 1414 1068 1460 contra
1083 1407 1192 1462 decreta
1208 1409 1357 1475 Caelestini,
1382 1418 1409 1465 ct
1431 1418 1593 1465 caeterorum
1614 1411 1771 1483 pontificum

973 1495 1164 1557 Romanorum.
1181 1506 1262 1568 atque
1278 1507 1374 1553 contra
1389 1515 1481 1554 sacros
1496 1515 1625 1565 canones,
1638 1501 1673 1555 ad
1687 1502 1771 1571 poeni·

157 1583 187 1634 ln
209 1597 243 1636 eo
268 1597 333 1637 vero
356 1583 484 1653 cantulo,
515 1600 569 1655 qno
592 1584 713 1640 ultimam
734 1587 920 1657 poenitemiam
972 1583 1082 1638 tentiam
1098 1585 1208 1655 suscipi,
1225 1594 1251 1640 et
1267 1587 1446 1642 morientibus
1462 1588 1559 1644 viatico
1573 1605 1689 1644 munere
1702 1589 1769 1643 sub-

125 1670 265 1742 dcnegari,
281 1678 308 1724 et
323 1670 422 1727 viatico
440 1687 552 1728 munere
575 1673 718 1729 subvenire
742 1676 921 1732 morientibus
935 1672 1057 1755 Breniri
1072 1673 1244 1743 prohibuisti,
1274 1683 1301 1729 et
1324 1690 1374 1745 pro
1398 1684 1444 1731 tivo
1468 1677 1544 1731 libitu
1569 1686 1700 1748 usurpata
1714 1693 1731 1732 a
1744 1686 1771 1733 te

124 1767 215 1812 contra
242 1759 369 1813 lt'ieaenos
391 1769 417 1813 et
441 1758 585 1817 Africanos
608 1778 736 1827 canones,
763 1773 788 1818 ot
809 1765 921 1821 decreta
971 1760 1115 1826 sententia,
1133 1761 1308 1816 decretalium
1333 1779 1458 1818 normam
1480 1766 1687 1820 constitutorum
1712 1766 1770 1821 fre—

124 1846 219 1910 Siricii‚
246 1854 272 1900 et
297 1847 456 1914 lunoceutii,
481 1856 563 1920 atque
591 1850 739 1920 Caelestini,
765 1869 871 1907 necnon
895 1863 921 1907 et
971 1848 1042 1919 gisti.
1070 1849 1123 1902 Sed
1148 1849 1216 1903 forte
1240 1851 1351 1905 noluisti
1374 1852 1529 1924 intelligere
1551 1854 1598 1907 illa
1622 1855 1770 1910 constituta

124 1933 226 2002 leonis,
243 1934 362 1999 vetuisti,
378 1935 447 1991 sicut
463 1937 647 2001 Innocentius,
671 1948 698 1993 et
716 1940 807 1994 caeceri
822 1941 919 1996 docto.
970 1944 1031 1990 tuos
1046 1952 1107 1991 esse
1122 1952 1252 2002 canones,
1271 1946 1296 1993 et
1311 1940 1346 1994 ab
1362 1940 1389 1994 id
1403 1941 1430 1994 iu
1445 1948 1492 1995 tuo
1506 1941 1634 2011 pitaciolo
1646 1942 1744 1996 misisti
1760 1961 1766 1996 :

123 2038 166 2077 res
179 2023 305 2078 catholici
319 2024 475 2090 ostendunt,
487 2025 584 2080 Novati
594 2027 723 2093 lvaerctici,
737 2028 801 2084 licet
811 2029 920 2086 diverse
969 2024 1040 2077 Nulli
1070 2027 1204 2082 sacerdoti
1234 2027 1315 2082 liceat
1338 2043 1457 2083 canones
1481 2030 1620 2101 ignorare,
1643 2031 1770 2085 omittens

123 2109 226 2175 itinere,
243 2110 293 2165 sed
308 2127 362 2165 non
377 2111 488 2168 diverso
503 2113 671 2180 discrimine,
690 2115 818 2186 sequipes
833 2118 918 2172 exsti·
969 2114 1094 2184 quodibi
1116 2115 1230 2170 lvaltetur
1252 2133 1326 2171 savos.
1351 2118 1412 2170 Non
1434 2117 1518 2189 igitur
1541 2117 1700 2181 radendum,
1725 2119 1767 2173 vel

123 2198 182 2253 tisti.
200 2199 345 2255 Novatiani
362 2200 435 2255 caira
449 2202 633 2274 dogmatizant
647 2204 731 2274 recipi
748 2220 802 2259 non
816 2205 918 2261 debere
968 2200 1144 2256 omittendum
1160 2212 1201 2258 est
1215 2221 1366 2274 pronomen
1382 2221 1455 2274 scios,
1467 2205 1601 2259 deverbis
1611 2205 1766 2260 Caelestini:

121 2288 210 2358 lapsos
238 2288 273 2344 ad
303 2289 490 2359 paenitentiam
512 2299 594 2361 atque
618 2293 836 2348 communionem
863 2313 869 2348 :
892 2304 919 2351 et
968 2293 1768 2367 quoniamcanonesetl’atrumregulaecanauesetrcgulae

122 2376 260 2440 tascians,
274 2377 353 2446 juxta
370 2377 498 2433 Nicmaos
520 2394 649 2442 cananea,
674 2382 771 2452 quovis
796 2391 918 2454 tempore
968 2389 1029 2435 suat
1057 2382 1255 2445 sacerdotum,
1302 2396 1334 2436 eo
1357 2382 1438 2436 modo
1460 2381 1530 2436 sicut
1551 2382 1595 2436 lex
1616 2382 1702 2452 Moysi
1724 2382 1769 2436 di-

120 2479 169 2521 uou
183 2481 247 2521 esse
261 2466 453 2539 denegandam
467 2469 652 2538 paenitentiam
667 2479 694 2524 et
718 2472 918 2527 communionis
968 2469 1038 2523 citur
1065 2476 1092 2523 et
1120 2469 1163 2522 lex
1184 2470 1349 2537 ludaeorum,
1373 2470 1408 2523 de
1433 2485 1486 2540 qua
1508 2470 1640 2524 Dominus
1663 2470 1698 2524 ad
1721 2471 1768 2525 lu·

120 2553 234 2627 prauam
249 2555 406 2624 postulanti,
424 2571 507 2610 causa
529 2556 691 2625 injuriarum
712 2567 821 2614 tuarum
845 2576 918 2631 prae-
968 2557 1042 2611 dnos
1053 2574 1058 2611 :
1070 2558 1101 2611 fn
1114 2557 1533 2628 fecemquit.aestroscriptum
1543 2562 1585 2612 cst
1596 2559 1767 2628 (aconita),

121 2641 223 2712 cepisti,
250 2642 321 2698 sicut
348 2643 376 2697 ia
403 2644 533 2713 petitione
558 2661 574 2699 a
595 2647 768 2719 Laudanensi
792 2649 917 2703 Ecclesia
967 2644 1037 2698 etde
1054 2646 1093 2698 cis
1109 2645 1204 2699 iterum
1216 2662 1221 2697 :
1232 2646 1263 2699 ln
1276 2647 1334 2716 lepc
1348 2662 1445 2700 eorum
1461 2647 1601 2716 scriptum
1618 2650 1661 2701 cst
1672 2648 1766 2715 (loon.

119 2729 180 2785 mibi
207 2739 335 2801 porrecta
363 2732 525 2799 continetur,
556 2735 638 2789 etiarn
666 2735 693 2788 in
721 2736 794 2790 exitu
820 2737 916 2791 mortis
967 2733 1164 2804 xt').dutergo
1173 2732 1286 2804 quilibet
1295 2749 1349 2787 non
1360 2741 1401 2787 est
1412 2734 1696 2803 sacerdos,etsuinou
1705 2742 1770 2788 suut

120 2818 212 2888 positis
226 2819 415 2889 paenitentiam
430 2828 456 2876 et
471 2823 670 2876 communionis
693 2824 808 2895 gratiam
832 2825 916 2881 dene·
966 2836 1086 2875 canones
1103 2837 1109 2875 ε
1126 2828 1171 2874 aut
1185 2821 1231 2893 qui
1244 2822 1372 2876 sacerdos
1384 2828 1434 2884 est,
1447 2823 1488 2875 sui
1500 2823 1768 2877 suntcanoues.Nou

119 2907 186 2978 pari,
212 2922 248 2961 ne
273 2907 445 2978 permittente
467 2909 607 2965 Salvatore
627 2921 723 2966 nostre
745 2929 761 2966 a
784 2922 916 2983 perpetuo
965 2917 993 2963 ut
1010 2909 1078 2963 sieut
1092 2909 1178 2963 ludaei
1192 2909 1293 2981 legem,
1309 2910 1421 2964 eosdem
1432 2925 1611 2980 canonespro
1625 2927 1675 2965 sao
1690 2910 1767 2965 libitu

120 2994 197 3050 exitio
211 2995 345 3052 vindicari
359 2996 492 3065 valerent,
507 3013 568 3053 cum
585 3015 635 3069 per
648 3016 677 3054 se
697 3001 731 3054 dc
755 3017 784 3055 se
809 3002 915 3056 feritas
967 2997 1000 3050 ad
1014 2992 1093 3050 'suum
1110 3014 1220 3051 sensum
1244 2996 1392 3061 inflectant,
1419 2999 1466 3052 sed
1490 3006 1518 3052 ut
1538 3014 1649 3053 sensum
1672 3013 1766 3054 corum

118 3082 185 3138 dicat
203 3099 210 3137 :
232 3085 312 3141 l'cnit
325 3084 402 3152 filius
418 3087 541 3142 laomiuis
552 3104 675 3159 querere
686 3093 713 3144 ct
723 3091 833 3145 sataarc
846 3091 917 3162 quod
967 3085 1110 3155 praeceptis
1125 3087 1279 3141 obediendo
1293 3087 1500 3142 accommodent
1510 3104 1517 3140 :
1529 3096 1663 3158 quatenns
1673 3102 1767 3141 eorum

116 3173 247 3242 perierat,
265 3173 314 3244 qai
328 3189 385 3228 non
403 3176 580 3245 vettitjustus
593 3176 808 3247 scdpcccatorcs
819 3194 915 3234 uocare
965 3181 1101 3244 precepta
1117 3175 1266 3244 seqaiendc,
1282 3191 1395 3245 gressus
1410 3182 1499 3229 rectos
1522 3174 1623 3229 faciant
1648 3176 1765 3244 pedibus

118 3261 523 3332 inpendentis-rusiacum,
535 3263 628 3317 multis
638 3265 822 3320 vocabamini
833 3266 915 3322 recla—
966 3262 1032 3329 suis,
1048 3271 1072 3316 et
1087 3263 1121 3315 de
1137 3263 1339 3331 scripturarum
1358 3263 1461 3317 himine
1475 3263 1663 3334 promulgatos
1677 3263 1766 3317 lucer·

116 3348 251 3403 mantibus
268 3348 369 3404 nactis
385 3358 411 3404 et
435 3350 567 3406 Ecclesiae
591 3353 731 3407 catholicas
756 3353 915 3408 doctoribus
965 3365 1026 3403 nam
1042 3366 1089 3403 aios
1105 3357 1205 3418 ponant
1225 3349 1376 3404 actionibus
1399 3351 1464 3413 suis,
1493 3359 1521 3403 ut
1544 3349 1649 3420 possint
1674 3349 1766 3405 dicere

117 3441 142 3488 at
154 3435 315 3505 presidium
330 3438 557 3508 regenerationis,
571 3455 603 3495 ac
618 3441 793 3510 paenitentiae,
810 3458 914 3498 sacrae-
964 3454 1024 3493 cam
1036 3436 1175 3490 Psalmista
1187 3455 1193 3490 :
1206 3438 1453 3509 Lacccnupcctibus
1465 3440 1534 3493 tucis
1546 3438 1659 3492 uerbum
1669 3442 1762 3506 tuum,

116 3538 164 3593 que
193 3525 414 3592 communionis,
444 3527 472 3580 in
500 3527 595 3583 mortis
623 3530 745 3599 periculo
768 3530 865 3599 positis
888 3540 915 3585 ec
964 3525 1245 3589 [latrunculariam
1265 3527 1375 3580 semitis
1397 3528 1468 3580 meis
1492 3527 1579 3611 (Psoi.
1601 3528 1710 3595 caviat.
1735 3526 1764 3580 Si

115 3612 266 3681 potentibus
280 3629 297 3667 n
311 3629 450 3686 quoquam
473 3616 626 3671 nullatenus
648 3618 809 3690 denegetur,
835 3619 913 3674 Unde
964 3613 1054 3682 aliqua
1069 3612 1148 3667 eliam
1164 3613 1292 3666 tortitudo
1307 3614 1442 3679 sensibus,
1460 3614 1503 3695 vel
1522 3613 1760 3684 preceptionibus,

115 3698 158 3753 tini
180 3716 215 3755 ox
238 3700 348 3773 integro
377 3703 442 3772 qnid
470 3704 541 3760 sacri
566 3705 668 3760 Nionni
692 3721 821 3771 somnes,
847 3707 913 3777 qnid
964 3709 1044 3771 atque
1059 3701 1211 3756 actionibus
1227 3702 1283 3755 suis
1298 3702 1389 3756 inesse
1404 3703 1520 3767 videtur,
1545 3717 1638 3756 eorum
1659 3702 1764 3773 regulis

116 3795 220 3845 smnus
249 3789 372 3855 Sirioius,
403 3791 469 3863 quid
498 3801 609 3848 sanctas
641 3795 825 3860 larmcentius,
848 3795 913 3865 quid
964 3789 1128 3861 corrigatur,
1145 3790 1220 3843 etad
1237 3790 1515 3860 caquasentienda,
1531 3791 1659 3855 tenenda,
1675 3799 1763 3844 etse-

115 3883 220 3932 sauctus
234 3876 408 3945 Caelestinus,
439 3881 503 3950 quid
518 3889 628 3937 sanctus
653 3883 708 3936 Leo
729 3883 911 3949 decreverint,
963 3877 1070 3948 quenda
1085 3885 1146 3931 sunt
1161 3877 1303 3948 dirigatur.
1330 3879 1403 3949 Lege
1426 3878 1509 3949 igitur
1531 3878 1640 3933 decreta
1661 3878 1761 3943 Stricti,

115 3962 157 4018 fibi
169 3965 294 4021 seruere
309 3967 409 4033 studui,
425 3969 475 4023 sed
492 3977 517 4022 et
532 3969 674 4038 judicium,
701 3971 773 4041 quod
797 3972 831 4025 de
854 3972 912 4027 llaec
964 3974 989 4020 et
1005 3966 1127 4035 ejusdem
1141 3966 1291 4025 Caelestini.
1309 3976 1335 4020 et
1351 3982 1446 4022 sacros
1461 3982 1591 4031 canones,
1603 3975 1630 4021 et
1640 3967 1764 4022 invenies

112 4054 347 4109 contemnentibus
363 4064 475 4111 sauctus
489 4057 544 4112 Leo
559 4058 710 4127 protulerit,
722 4057 840 4128 praefatis
852 4059 912 4113 sab·
963 4062 1098 4109 tacentia
1114 4054 1219 4108 illorum
1236 4056 1354 4117 decreta,
1380 4056 1435 4111 imo
1457 4065 1550 4111 contra
1574 4055 1764 4128 evangelicam

112 4140 191 4208 jttnxi,
209 4142 313 4213 tibique
342 4144 480 4199 mandavi.
505 4145 548 4199 aa
572 4146 644 4199 euim
659 4149 751 4218 (epist.
772 4149 799 4209 tt
816 4166 823 4201 :
842 4169 852 4195 ι
870 4148 911 4202 Ne
962 4142 1115 4208 veritatem,
1133 4150 1159 4197 et
1174 4145 1349 4213 apostolicam
1371 4145 1568 4208 alletoritatem,
1594 4160 1663 4199 ausu
1683 4143 1762 4198 nefa-

115 4229 172 4298 quid
196 4245 264 4286 vero
287 4231 321 4286 sit
352 4233 424 4303 quod
453 4233 665 4303 praetermissum
688 4251 704 4288 a
732 4235 811 4290 uobis
840 4234 910 4291 forte
962 4229 1003 4285 rio
1018 4231 1080 4285 talia
1096 4231 1278 4301 prohibuisse,
1304 4232 1371 4286 sicut
1396 4232 1491 4298 semel,
1516 4241 1542 4286 et
1567 4233 1686 4286 secundo
1707 4233 1762 4300 jnm

115 4317 249 4381 cudatur,
276 4320 368 4374 omnia
392 4320 537 4376 decretalia
561 4323 721 4383 constituta,
747 4332 801 4378 tam
825 4325 910 4380 beatae
962 4319 1008 4372 tibi
1026 4318 1132 4389 scripsi·
1151 4319 1537 4389 Seds0n011ae0‚⁰fffltit¹ae
1559 4319 1676 4373 dicimufl
1701 4336 1763 4374 ⁰⁵⁵²

116 4408 307 4463 reeordationis
323 4409 481 4475 monendi,
499 4427 582 4481 quam
595 4412 716 4465 omnium
735 4413 910 4467 decessorum
922 4399 949 4458 D
959 4423 1090 4472 canones,
1107 4413 1200 4460 tenere
1214 4421 1268 4460 nou
1283 4406 1324 4459 vis
1339 4422 1389 4476 pro
1404 4406 1563 4470 canonibus,
1589 4406 1638 4459 sed
1666 4406 1762 4461 illude

397 1239 509 1293 CAPUT
528 1239 644 1294 xxxa.

127 1372 162 1426 lle
175 1387 206 1426 eo
219 1370 292 1442 cuod
304 1372 505 1443 penitentiam
528 1376 556 1427 ct
576 1373 712 1428 matteum
735 1376 921 1432 morientibus

430 1459 495 1514 dari
508 1463 609 1516 vetuit.

114 4501 272 4564 nostrorum,
288 4512 349 4568 qtlae
364 4498 399 4552 de
414 4497 606 4554 ecclesiasticis
622 4499 763 4554 ordinibus
779 4508 805 4555 et
820 4516 906 4570 cunq-

114 4595 169 4636 num
184 4584 355 4656 promulgata
371 4594 432 4639 sunt
446 4587 607 4658 disciplinis,
632 4589 670 4642 ita
693 4605 708 4642 a
729 4598 820 4643 vestra
839 4590 907 4645 dile-

114 4669 196 4725 ctione
210 4673 341 4726 custcdiri
355 4674 455 4729 debere
471 4675 642 4742 mandamus,
662 4685 689 4730 ut
705 4677 726 4729 si
743 4677 804 4747 quis
817 4677 844 4731 in
860 4677 905 4731 illa

113 4759 282 4824 commiserit,
300 4761 407 4815 veniam
417 4762 468 4816 sibi
483 4762 614 4834 deinceps
625 4765 902 4837 noveritdenegari.»

113 4842 182 4901 Uade
199 4847 264 4918 quia
279 4847 404 4918 ignorare
419 4866 474 4904 uon
490 4859 568 4921 potes
594 4852 657 4923 quid
679 4860 788 4908 sanctus
813 4853 904 4907 Caele-

112 4932 190 4988 stinus
212 4935 401 5006 praedeeessor
424 4937 497 4993 beati
521 4940 618 4995 Leonis
642 4941 805 5008 decreverit,
828 4941 903 5011 cujus

111 5019 275 5079 decretorum
302 5033 404 5094 partem
434 5036 486 5081 tute
514 5028 667 5083 collectioni
698 5029 900 5100 interposuisti,

111 5109 202 5181 qubus
216 5111 282 5168 dicit
299 5129 305 5166 ε
324 5134 335 5162 a
352 5114 425 5168 Nulli
442 5115 578 5171 sacerdoti
594 5132 658 5171 suos
681 5117 760 5172 liceat
784 5133 903 5173 canones

110 5194 243 5269 ignorare,
260 5201 472 5274 necquidquam
489 5203 579 5259 facere
593 5205 665 5276 quod
689 5206 797 5260 Patrum
817 5206 903 5277 possit

109 5287 206 5360 regulis
221 5287 335 5344 obviare
351 5307 358 5343 ι
374 5307 434 5362 quae
448 5291 518 5345 enim
534 5292 644 5348 anobis
661 5308 705 5347 res
715 5293 797 5366 digna
812 5310 902 5351 serva-

957 4494 1056 4565 quibus
1072 4503 1116 4548 tua
1132 4503 1283 4549 commenta
1299 4492 1409 4549 finxisti.
1427 4495 1492 4548 ldeo
1513 4493 1660 4564 peregrino
1678 4510 1759 4548 seusu

956 4583 1094 4638 (lielestini
1109 4583 1193 4639 verba
1210 4583 1403 4654 interposuisti.
1421 4583 1514 4638 Reduc
1530 4591 1622 4637 tamea
1647 4581 1681 4641 ad
1701 4597 1760 4636 me-

955 4672 1070 4727 moriam
1085 4687 1144 4744 qua
1160 4672 1188 4726 iu
1204 4672 1300 4727 eodem
1316 4681 1363 4726 tuo
1377 4671 1505 4742 pitaciolo
1519 4687 1552 4724 ex
1576 4669 1669 4724 verbis
1692 4672 1757 4724 ‹3oe-

955 4761 1186 4832 lcstiniposuisti
1213 4779 1218 4813 :
1248 4785 1258 4808 a
1281 4760 1358 4829 Qum,
1389 4747 1525 4830 inquiens,
1552 4758 1610 4813 sola
1633 4758 1761 4813 admoni-

953 4849 1035 4904 tionis
1052 4849 1211 4906 aactoritate
1232 4865 1286 4904 uon
1310 4848 1484 4920 corrigimus,
1510 4863 1625 4902 necesse
1647 4855 1688 4903 est
1709 4863 1761 4918 per

954 4940 1125 4994 severitatem
1156 4945 1349 5010 congruentem
1375 4935 1477 5008 regulis
1503 4935 1682 4992 vindicemus.
1709 4937 1761 4992 Per

953 5035 1022 5081 totas
1047 5029 1099 5082 ltoc
1129 5042 1204 5099 ergo,
1235 5042 1295 5096 quae
1322 5025 1441 5095 propriis
1469 5025 1622 5079 rectoribus
1651 5032 1758 5088 carent,

952 5115 1083 5170 ecclesias
1112 5115 1236 5169 volumus
1266 5114 1426 5181 innotescat,
1459 5121 1488 5167 ut
1514 5112 1605 5167 nullus
1634 5112 1685 5166 sibi
1709 5127 1757 5182 spe

951 5204 1040 5275 aliqua
1056 5202 1169 5257 forsitan
1186 5201 1322 5258 blanditus
1334 5201 1437 5256 illudat.
1452 5226 1463 5249 a
1476 5201 1651 5272 Quapropter·
1661 5200 1757 5254 obser·

952 5292 1067 5347 avaricum
1095 5292 1142 5346 tibi
1158 5291 1247 5345 estile
1262 5299 1370 5354 caetero,
1399 5307 1432 5345 uc
1461 5307 1511 5360 per
1541 5290 1614 5359 ipsas
1642 5288 1753 5359 regulas

108 5369 190 5441 bitur,
226 5374 250 5429 si
280 5375 455 5434 decretalium
484 5395 580 5434 norma
609 5381 815 5436 constitutorum
850 5398 899 5454 pro
948 5381 1089 5450 judiceris,
1106 5395 1176 5450 quas
1191 5379 1225 5434 de
1241 5379 1333 5434 verbis
1349 5379 1434 5434 sancti
1458 5377 1597 5432 Caelestini
1624 5377 1678 5432 tuis
1699 5376 1757 5433 col·

108 5458 255 5535 aliquorum
284 5463 374 5526 libitu,
402 5466 510 5522 licentia
532 5468 640 5538 populis
664 5469 799 5540 permissa
822 5469 899 5524 frau-
950 5467 1112 5522 lectionibus
1137 5467 1283 5528 immisisti,
1309 5468 1378 5520 sicut
1402 5475 1428 5520 et
1451 5480 1504 5537 ego
1528 5480 1641 5519 servare
1665 5465 1758 5519 andei
