3826 6098
193 201 241 254 att
341 154 345 161 ’
709 191 881 252 munuum
898 190 1098 253 nnnsmnsrs
1115 192 1393 256 incamrrscorr.
1773 171 1849 269 'aa

198 334 281 394 quem
296 319 387 392 possis
404 339 411 388 ;
428 330 462 377 ae
476 333 527 394 per
541 320 594 377 hoo
608 320 636 375 in
649 321 700 376 hae
714 334 796 376 eausa
811 320 941 392 superbia
954 329 1000 376 tua
1013 320 1127 389 Aritis,
1144 331 1171 378 et
1185 338 1277 380 meum
1312 330 1354 381 εει
1384 323 1567 384 ordinandum
1602 330 1781 402 examinare,
1797 350 1854 392 εοε

196 426 222 472 ει
237 416 393 489 arrogantia
408 423 454 471 tna
469 416 532 487 plus
546 424 588 471 est
603 430 682 488 quam
695 414 825 471 fortitudo
839 423 893 470 tua.
910 416 995 472 Citius
1045 417 1129 465 tuum.
1146 410 1232 466 Tuum
1261 418 1303 468 est
1332 421 1422 469 autem
1447 431 1510 471 eum
1525 416 1587 472 aliis
1601 434 1708 476 mecum
1723 421 1853 481 ordinare

194 505 266 561 enim
290 504 382 561 tacere
403 510 481 576 potes
497 511 525 558 ut
541 511 569 559 tu
584 504 696 559 missam
725 518 780 560 nun
794 511 899 569 santes,
915 521 995 576 quam
1045 498 1213 570 episcopum,
1229 509 1256 556 et
1278 500 1376 557 litteris
1400 505 1550 572 canonicis,
1567 522 1637 577 quas
1652 508 1797 566 ordinatus
1814 513 1849 569 ab

152 661 154 665 ἢ
196 593 287 650 lacere
298 600 328 649 nt
342 607 395 667 ego
409 592 577 666 degradatus
606 591 690 658 liam;
705 592 761 648 imo
775 593 828 648 hoc
842 592 933 648 iacere
946 608 995 664 po·
1045 586 1248 644 ordinatoribus
1263 589 1319 645 suis
1330 590 1442 660 jubetur
1464 592 1603 665 accipere,
1621 605 1684 667 post
1698 613 1743 652 me
1758 599 1786 655 in
1802 608 1849 656 tuo

195 688 276 738 tesut
285 690 314 738 tu
326 682 440 738 missam
449 695 504 737 non
519 688 623 748 cantes,
640 680 690 737 sed
704 681 757 736 hoc
767 680 859 737 iacere
872 697 928 737 non
942 695 995 754 po·
1045 672 1106 731 1⁰00
1122 675 1297 733 subscribere
1318 694 1325 733 ²
1342 678 1388 749 qui
1403 681 1557 738 ¹¹⁰11dtb0⁵
1571 681 1619 739 Ulli
1633 699 1712 742 ΠΜ
1725 686 1777 752 reis
1789 703 1851 760 (ιω

196 778 238 828 ιεε
247 777 276 827 ει
290 784 343 843 ego
356 768 504 843 degrader:
517 771 580 826 Non
591 784 622 826 es
636 769 710 825 enim
719 768 932 840 mihipraelatus,
946 769 996 826 sed
1045 764 1081 818 ad
1095 764 1256 836 generalem
1269 765 1470 824 observantiam
1483 771 1777 831 Dominisscerdotum
1786 791 1852 847 par·

196 858 264 915 velis
279 858 349 914 nolis
363 858 392 915 in
400 857 505 914 ordinis
513 858 643 931 dignitate
653 857 801 927 subjectus,
809 857 878 914 etde
887 857 996 914 illorum
1046 851 1150 920 tinent,
1167 854 1226 909 siut
1245 855 1412 912 conscientia
1425 857 1470 912 uel
1496 859 1631 916 sententia
1645 877 1708 918 mea
1723 863 1849 920 subscri·

193 943 322 1000 societate
336 942 363 998 iu
378 942 482 999 ordinis
506 943 645 1014 qualitate,
662 942 761 1014 quibus
784 942 855 999 sacri
875 957 996 1000 canones
1046 939 1125 996 bere.
1145 940 1184 996 'ln
1196 941 1303 1011 juberis
1318 958 1334 998 a
1349 943 1434 1001 saeris
1449 946 1564 1019 regulis,
1576 948 1688 1006 decreto
1712 951 1758 1008 vel
1772 951 1849 1008 rela-

195 1047 249 1088 non
259 1031 416 1103 permittunt
431 1031 502 1102 apud
517 1047 547 1086 se
561 1031 703 1087 celebrare
719 1031 842 1101 concilia,
853 1039 879 1087 et
893 1031 927 1088 de
937 1031 996 1119 qni·

195 1120 248 1176 bus
261 1135 361 1193 magna
373 1119 494 1192 synodus
510 1119 740 1176 Chalcedonensis
753 1119 819 1175 dicit
840 1122 916 1191 (eon.
933 1120 994 1191 ltu:

199 1230 210 1260 a
227 1209 356 1266 Decrevit
370 1215 465 1264 saneta
494 1206 616 1279 synodus
645 1208 794 1263 secuudum
809 1223 927 1264 canones
941 1208 995 1264 Pa—

1046 1027 1209 1096 tinuimus,
1239 1031 1262 1084 si
1285 1046 1445 1103 precepero
1473 1034 1531 1101 tibi,
1556 1034 1631 1093 salva
1655 1036 1709 1095 fide
1722 1039 1850 1096 subseri-

1046 1117 1120 1186 bere,
1136 1124 1164 1173 et
1173 1132 1228 1174 non
1242 1133 1295 1192 ego
1310 1127 1357 1176 tuo
1366 1121 1478 1179 decreto
1487 1122 1532 1179 vel
1538 1122 1664 1183 relationi
1674 1118 1850 1186 subscribere

1046 1205 1134 1261 debeo
1151 1222 1157 1259 :
1172 1206 1236 1278 quia
1251 1215 1279 1263 ιε
1293 1208 1471 1276 decreto,ch
1484 1212 1611 1268 relationi
1626 1214 1788 1288 cuicunque,
1804 1217 1850 1274 vel

194 1305 276 1364 trum,
293 1296 377 1353 bisin
392 1311 465 1351 anno
484 1295 628 1368 episcopos
651 1296 679 1350 in
699 1296 854 1368 idipsumin
870 1310 994 1368 unaqua-
1046 1295 1242 1368 cujuscunque,
1258 1295 1292 1352 de
1316 1297 1358 1352 liis
1386 1314 1447 1369 quae
1473 1299 1509 1355 ad
1530 1301 1688 1372 parochiam
1702 1311 1778 1360 tuam
1792 1320 1848 1363 nun

194 1402 247 1458 qne
269 1384 409 1456 provincia
438 1384 594 1451 convenire,
620 1397 675 1456 quo
689 1385 914 1456 metropolitanus
927 1385 996 1440 anti·
1045 1382 1192 1453 pertinent,
1207 1392 1308 1454 prater
1321 1401 1366 1442 me
1380 1402 1435 1442 non
1451 1387 1537 1446 debes
1551 1389 1736 1448 subscribere.
1753 1392 1810 1450 Sed
1822 1403 1848 1451 ει

197 1488 253 1536 ειεε
266 1479 432 1551 probaverit,
448 1485 475 1534 et
490 1478 630 1552 corrigere
645 1479 794 1552 singulasi
807 1479 996 1551 quaeiortassis
1045 1485 1097 1527 nee
1111 1471 1146 1527 de
1160 1479 1207 1528 tua
1221 1474 1360 1545 parochia,
1371 1476 1424 1531 nisi
1438 1476 1474 1533 de
1488 1477 1571 1534 rebus
1586 1487 1613 1535 et
1625 1480 1847 1551 possessionibus

197 1568 367 1634 emerserint,
382 1588 393 1617 s
410 1575 437 1623 et
451 1567 564 1640 reliqua.
581 1569 642 1640 Ego
657 1575 684 1623 ta
697 1567 731 1623 ad
759 1569 893 1639 synodum
909 1568 996 1624 dobeo
1046 1575 1115 1630 quas
1129 1575 1193 1616 cum
1207 1562 1300 1617 notitia
1316 1563 1543 1636 presbyterorum
1556 1574 1583 1623 et
1595 1566 1776 1625 diaconomm
1789 1569 1847 1627 Ee-

195 1671 356 1722 convocare,
373 1662 399 1710 ιε
414 1672 458 1712 me
473 1671 526 1712 non
542 1665 620 1727 potes
634 1654 669 1711 ad
683 1656 817 1728 synodum
827 1657 990 1730 regulariter
998 1680 1025 1740 Β
1044 1646 1136 1704 etesia
1150 1657 1202 1705 tuae
1215 1665 1314 1720 regere
1324 1652 1409 1709 debes
1424 1661 1450 1709 ει
1464 1653 1845 1726 dispensare,velcommuta·

195 1758 355 1815 provocare,
373 1752 399 1799 gt
413 1743 436 1799 si
451 1743 487 1800 gd
502 1745 636 1816 synodum
647 1761 662 1798 a
675 1761 719 1799 me
742 1752 855 1800 vocatus
872 1761 928 1800 non
942 1761 992 1801 γρ.
1043 1736 1162 1793 tionibus
1175 1752 1271 1794 earum
1290 1754 1353 1796 cum
1366 1741 1520 1798 cohibentia
1543 1744 1705 1802 clericorum
1721 1746 1846 1804 subseri-

195 1832 280 1898 neris,
296 1839 341 1887 εει
368 1832 481 1905 dignam
507 1832 711 1888 exeusationem
724 1847 786 1887 eum
802 1833 930 1889 tractoria
941 1849 992 1904 per
1043 1824 1119 1880 bere·
1136 1826 1176 1882 Dt
1192 1834 1239 1882 ¹110
1263 1827 1367 1897 judicu
1386 1829 1501 1899 judiciii
1515 1832 1559 1888 ttl
1581 1833 1722 1901 judicandi
1751 1835 1787 1891 ad
1801 1851 1846 1894 me

194 1920 411 1977 comministrum
425 1929 500 1975 tuum
514 1920 580 1976 mihi
595 1920 809 1993 directumque
820 1921 990 1992 impossibili·
1041 1921 1166 1986 possunt,
1182 1923 1209 1970 et
1223 1916 1247 1970 si
1267 1918 1417 1974 necessitas
1437 1920 1477 1975 eis
1491 1919 1572 1977 tuerit
1585 1921 1620 1977 ad
1633 1938 1679 1978 me
1692 1938 1846 1995 provocare

192 2009 255 2064 tatis
274 2010 317 2065 vel
345 2009 516 2065 necessitatis
545 2016 597 2065 tuae
611 2023 708 2065 causas
736 2010 875 2077 ostendas,
893 2005 943 2066 εεεΙ
957 2011 992 2066 ad
1041 2002 1151 2069 dehent.
1167 2019 1223 2059 non
1236 2013 1326 2061 autern
1339 2005 1374 2062 dt
1386 2023 1450 2063 tutu
1462 2008 1564 2076 judicit>
1579 2009 1614 2065 td
1629 2017 1702 2067 tunm
1713 2012 1846 2082 iudicium

194 2097 328 2169 ayoooom
341 2113 398 2153 ooo
420 2098 527 2163 amiati,
544 2112 600 2153 ooo
619 2097 738 2166 miseria,
755 2113 807 2170 ago
825 2105 853 2154 to
873 2099 951 2155 oaiao
964 2104 992 2155 at
1042 2091 1103 2162 quis
1118 2093 1288 2162 provocabit.
1298 2093 1339 2151 Tu
1349 2095 1383 2151 de
1394 2096 1475 2152 rebus
1486 2098 1618 2154 Ecclesia
1629 2106 1682 2155 tuae
1692 2101 1845 2158 vendendis

193 2186 281 2242 debeo
293 2186 433 2256 judicare:
449 2193 477 2241 ru
491 2201 543 2258 pro
553 2187 708 2254 huiusmodi
718 2187 761 2241 vet
775 2202 824 2257 pro
835 2185 990 2255 alsacense,
1041 2178 1085 2235 vel
1098 2179 1280 2237 distrahendis
1295 2185 1457 2252 notaberis
1468 2186 1620 2254 consulere.
1632 2203 1687 2261 ego
1701 2189 1736 2245 de
1750 2191 1844 2260 nujus

195 2280 241 2329 tna
255 2274 416 2330 auctoritate
431 2289 474 2330 ma
496 2289 553 2329 non
565 2274 701 2346 praevales
713 2274 844 2343 judicare.
859 2275 894 2330 Et
909 2276 933 2330 si
945 2290 991 2332 εε-
1040 2268 1115 2324 modi
1128 2283 1214 2325 taust
1237 2271 1271 2324 etl
1290 2278 1365 2327 tuum
1388 2273 1543 2330 consultum
1556 2275 1596 2331 ire
1610 2291 1665 2332 non
1685 2276 1795 2346 jubeor.
1814 2279 1842 2336 st

193 2363 330 2419 eusandua
342 2363 437 2432 tueris,
453 2371 663 2420 aecusatortuns
678 2364 914 2435 admeprimatem
927 2381 991 2437 pro·
1041 2362 1068 2410 ta
1083 2358 1283 2429 presbyterum,
1306 2360 1349 2416 tel
1364 2360 1516 2430 diaconem,
1533 2363 1576 2420 tel
1591 2363 1674 2420 illum
1688 2381 1843 2438 liutmun·

193 2450 290 2507 oiooim
304 2451 339 2507 tio
354 2459 381 2505 to
395 2451 596 2508 accusationem
611 2450 692 2508 tiabat
707 2451 831 2519 (totamm
848 2468 929 2508 namo
939 2467 990 2509 ao.
1041 2460 1093 2516 que
1107 2448 1397 2514 excommunicaveris,
1414 2458 1440 2506 et
1457 2452 1594 2530 patienter
1606 2454 1730 2525 accipere
1743 2455 1843 2512 nolue-

192 2548 247 2596 tem
257 2554 300 2596 me
315 2540 386 2610 apud
400 2547 427 2595 te
439 2539 599 2612 regulariter
614 2541 649 2595 ad
672 2540 848 2610 judicandum
861 2541 992 2613 pravatus
1040 2532 1076 2587 ris
1091 2540 1118 2588 ut
1132 2549 1182 2606 per
1197 2534 1326 2592 finitimos
1342 2538 1487 2610 episcopos
1512 2541 1653 2614 negotium
1669 2541 1841 2612 discutiatur,

192 2644 333 2685 aoooaaoo,
349 2627 412 2684 Noa
440 2629 512 2685 enim
527 2636 602 2684 tuom
630 2637 671 2684 ost
684 2631 719 2685 oo
733 2646 777 2685 mo
789 2629 922 2698 judicare,
939 2645 991 2688 ooo
1040 2628 1067 2677 et
1077 2622 1120 2677 vel
1138 2623 1271 2694 probetur
1285 2628 1420 2682 sententia
1435 2636 1480 2684 tua
1490 2623 1838 2701 aplurimisuelemende·

191 2717 258 2774 mihi
270 2717 375 2786 judices
390 2718 466 2783 dare,
483 2718 547 2790 quia
561 2718 630 2774 sieut
650 2718 846 2790 scriptumest,
863 2722 990 2776 minore
1039 2717 1092 2777 itit,
1108 2718 1135 2766 et
1150 2711 1199 2767 libi
1213 2721 1274 2769 ente
1289 2714 1424 2786 synodum
1439 2732 1494 2773 non
1507 2718 1639 2790 placuerit
1651 2720 1842 2778 humaniorem

191 2809 299 2879 majore
309 2805 484 2862 benedicitur
496 2807 589 2876 (ltebr.
612 2822 662 2878 vn,
677 2810 716 2879 ι),
733 2808 771 2864 ita
798 2815 825 2864 ει
842 2808 988 2877 judicatur,
1038 2814 1089 2870 lun
1100 2815 1134 2856 80
1149 2799 1220 2857 lette
1235 2804 1406 2871 sententiam,
1428 2807 1604 2879 congregetis
1616 2809 1765 2879 prut'iuolae
1779 2811 1842 2882 eoi·

191 2895 269 2952 Unde
285 2895 355 2950 sacri
370 2908 489 2950 canones
500 2903 526 2950 et
541 2896 653 2952 decreta
671 2896 828 2969 apostolieae
855 2896 930 2951 sedis
945 2912 989 2952 me
1039 2889 1139 2958 ttOPlS.
1156 2904 1210 2944 nna
1224 2907 1285 2946 curn
1300 2892 1351 2960 tlt,
1366 2892 1390 2948 Sl
1404 2895 1562 2952 tulluuublle
1576 2897 1655 2953 uubis
1673 2898 1763 2954 visum
1777 2898 1842 2956 lue·

191 2983 225 3038 sd
242 2982 382 3054 sequentis
396 2983 512 3039 civitatis
526 2984 649 3056 episcopi
659 2985 793 3054 judicium
813 2985 862 3040 irae
875 2984 988 3042 invitum
1039 2977 1082 3043 rit,
1095 2992 1243 3048 P⁰SS¹¹¹¹¹t¹⁸
1257 2987 1285 3035 el
1305 2980 1448 3052 debemus,
1473 2983 1555 3040 ellum
1580 2985 1603 3039 Si
1617 2985 1749 3054 mlieris,
1765 2995 1841 3044 tuam

188 3085 243 3127 non
258 3071 405 3143 patiuntur.
420 3070 455 3128 Et
478 3071 502 3128 si
516 3073 550 3127 de
573 3086 634 3128 meo
657 3073 717 3144 quis
734 3073 836 3142 judicio
851 3074 983 3146 queritur,
1036 3063 1181 3122 immutare
1197 3076 1223 3122 et
1238 3069 1349 3125 alteram
1363 3070 1489 3141 prolerre
1505 3073 1676 3130 sententiam.

188 3160 326 3217 evidenter
340 3159 444 3233 regula
459 3167 611 3216 monstrant
626 3160 739 3233 qualiter
753 3170 780 3217 et
794 3177 811 3217 a
825 3162 923 3234 quibua
933 3163 984 3219 da.
1073 3154 1168 3211 Sedet
1184 3155 1229 3211 illa
1244 3173 1299 3212 non
1315 3158 1384 3214 bene
1397 3160 1525 3232 intelligis
1540 3170 1569 3217 ut
1586 3162 1615 3217 in
1629 3163 1683 3218 tuis
1701 3164 1840 3222 collectio

188 3249 251 3305 aest
265 3249 411 3305 retraetari.
438 3250 499 3321 ugo
518 3263 583 3305 varo
607 3249 655 3304 sint
674 3249 791 3320 judiees,
807 3257 853 3305 aut
866 3266 985 3307 eonsen—
1035 3243 1116 3298 nitnt
1137 3245 1283 3318 retinente
1305 3247 1543 3318 musitationibus
1564 3250 1672 3320 inveni,
1690 3259 1719 3309 n
1733 3269 1788 3326 eso
1803 3254 1840 3310 aa

186 3336 237 3393 tire
250 3338 363 3404 electos,
389 3346 523 3393 aniame
540 3336 621 3393 etiam
649 3338 793 3409 deputatos
806 3339 872 3395 dare
885 3339 983 3407 debeo,
1036 3338 1109 3387 luam
1124 3334 1280 3403 parochiam
1294 3335 1346 3389 nisi
1361 3344 1413 3393 ale
1427 3337 1556 3394 invitatus
1589 3355 1644 3395 non
1675 3340 1794 3412 venium,
1815 3352 1843 3399 et

186 3424 209 3481 si
223 3441 306 3482 eausa
319 3425 486 3498 poposcerit.
498 3425 559 3498 Ego
574 3424 665 3481 locum
680 3427 768 3483 debeo
783 3434 808 3482 et
817 3441 931 3498 possum
940 3429 984 3485 eli-

184 3530 261 3587 gere,
276 3515 434 3588 ubicunque
449 3515 516 3570 mibi
527 3514 615 3571 msam
628 3513 719 3583 inerit,
736 3516 829 3573 intuta
844 3531 907 3573 mea
921 3530 984 3590 pro·

183 3602 272 3660 vincia
286 3603 322 3659 ed
343 3603 477 3676 synodum
492 3605 706 3671 convocandam,
723 3604 767 3660 vel
783 3603 819 3660 ad
834 3605 983 3662 ordinatio·

182 3706 246 3749 nem
260 3690 463 3760 celebrandam,
479 3707 533 3764 qno
547 3692 571 3747 si
585 3700 612 3747 ιε
621 3707 757 3749 vocavero
774 3692 859 3748 debes
871 3709 983 3749 coneur-

182 3795 255 3836 rere.
280 3780 367 3836 Tuum
389 3787 501 3835 nonest
524 3781 614 3836 locum
628 3780 663 3835 ad
678 3781 812 3852 synodum
826 3794 982 3838 convocan-

183 3867 255 3936 dam,
271 3867 314 3924 εει
330 3867 365 3923 ad
379 3867 577 3924 ordinationem
591 3867 792 3935 celebrandam,
809 3869 983 3940 eligeremus

179 3971 215 4012 ne
230 3969 284 4027 quo
294 3962 321 4010 tu
334 3956 491 4012 decreveris
511 3969 637 4012 evocare.
658 3957 686 4011 si
701 3957 728 4011 in
759 3957 905 4014 Rhomensi
919 3974 982 4030 pro-

180 4043 270 4100 vincia
296 4052 396 4115 praeter
418 4060 507 4100 meam
533 4045 694 4103 sententiam
710 4046 771 4119 quis
792 4045 873 4102 luerit
887 4062 903 4102 a
917 4048 981 4120 qui·

94 4181 97 4184 a
180 4133 338 4206 buscunque
352 4140 379 4189 et
397 4133 613 4207 quantiscunque
627 4135 775 4206 provincias
786 4136 865 4205 liujus
878 4137 980 4208 episco-

179 4221 222 4293 pis
242 4221 328 4278 lactus
347 4221 501 4294 episcopus,
517 4222 588 4280 sicut
603 4224 719 4295 mystica
733 4225 844 4280 Nicaena
859 4225 979 4296 synodus

174 4309 302 4369 diffinivit
316 4311 388 4386 (cop.
405 4312 443 4380 6),
459 4329 516 4370 oon
530 4316 638 4385 oportet
652 4330 719 4370 eom
733 4329 793 4370 esse
806 4316 976 4386 episcopam.

1035 3435 1096 3492 qua
1114 3422 1280 3494 corrigenda
1303 3424 1341 3478 ibi
1356 3432 1419 3480 sunt
1446 3427 1601 3499 corrigam
1617 3436 1645 3484 et
1657 3429 1730 3486 huno
1743 3445 1839 3501 prsvae

1036 3507 1223 3581 intelligentiae
1237 3519 1290 3568 tuae
1304 3528 1426 3582 sensum,
1442 3523 1470 3570 et
1491 3516 1570 3586 plura
1585 3532 1728 3575 sacrorum
1743 3520 1840 3578 conci-

1034 3596 1071 3652 lia
1086 3613 1231 3666 canonum,
1247 3606 1272 3658 et
1286 3603 1444 3672 apostolicae
1454 3603 1528 3659 sedis
1537 3606 1648 3662 decreta
1657 3605 1836 3679 redarguunt,

1033 3686 1177 3743 revincunt
1202 3695 1283 3760 atque
1311 3689 1457 3761 repellunt.
1486 3693 1515 3747 Si
1544 3708 1625 3750 cansa
1653 3694 1681 3751 in
1694 3697 1838 3766 provincia

1033 3789 1093 3831 mea
1107 3783 1167 3831 orta
1177 3775 1266 3846 suerit,
1284 3788 1330 3833 aut
1349 3778 1376 3833 in
1390 3779 1507 3836 concilio
1521 3782 1643 3853 perlecto
1668 3783 1750 3840 debet
1763 3783 1837 3842 finiri

1032 3863 1042 3929 (
1055 3886 1066 3911 v
1083 3863 1245 3935 perlectum,
1257 3865 1344 3937 inquit
1358 3883 1447 3925 canon
1463 3869 1552 3941 [conc.
1563 3872 1694 3930 Ληιιεειι.
1704 3888 1765 3929 can.
1779 3873 1835 3947 16],

1031 3950 1177 4008 concilium
1204 3952 1271 4010 illud
1298 3963 1338 4011 est
1366 3956 1413 4013 nbi
1436 3957 1589 4015 interfuerit
1611 3961 1836 4033 metropolitanus

1031 4037 1144 4096 antistes
1157 4061 1167 4091 s
1181 4042 1190 4112 )
1204 4084 1211 4109 ,
1224 4049 1270 4098 aut
1283 4059 1332 4115 per
1346 4045 1493 4118 episcopos
1505 4048 1622 4118 judices,
1634 4049 1691 4106 sive
1700 4065 1771 4122 quos
1782 4067 1836 4125 ego

1030 4129 1253 4199 conquirentibus
1283 4131 1400 4200 dedero,
1422 4135 1480 4192 sive
1497 4151 1565 4207 quos
1593 4137 1645 4209 ipsi
1669 4137 1775 4202 vicinos
1802 4157 1836 4196 er

1029 4231 1164 4273 consensu
1178 4218 1339 4292 delegerint.
1354 4222 1419 4278 llihi
1429 4223 1583 4280 sollicitudo
1598 4226 1836 4297 totiusprovinciae

1029 4311 1071 4360 est
1085 4306 1248 4374 commissa;
1263 4319 1373 4382 propter
1401 4311 1474 4382 quud
1488 4305 1582 4369 adme
1603 4329 1699 4371 ornnes
1713 4316 1835 4388 undique

180 4399 209 4456 Si
223 4408 323 4469 autem,
340 4401 477 4458 communi
492 4409 653 4458 caeterorum
669 4403 779 4459 decreto
790 4402 982 4474 episcoporum
995 4396 1063 4456 Der
1079 4400 1134 4450 ιειε
1149 4396 1298 4466 provincia,
1315 4397 1362 4469 qui
1376 4399 1488 4470 negotia
1506 4401 1690 4458 ecclesiastica
1703 4402 1834 4461 videntur

176 4489 332 4547 rationabili
346 4490 530 4547 etsecundum
540 4491 666 4562 regulam
677 4491 893 4548 ecelesiasticam
905 4506 979 4548 com·
1031 4482 1144 4550 hubert,
1167 4483 1267 4540 delitui
1295 4501 1465 4557 concurrere,
1489 4497 1517 4545 tl
1544 4504 1597 4563 03⁰
1611 4490 1720 4547 illorum
1736 4508 1834 4550 musas

175 4579 301 4651 probato,
317 4587 346 4634 tu
359 4585 404 4634 aut
418 4578 464 4634 alii
492 4578 546 4634 duo
574 4578 613 4633 tui
636 4579 784 4650 complices
811 4586 901 4636 tecum
916 4594 978 4651 pro·
1030 4570 1099 4626 sicut
1118 4579 1145 4627 et
1154 4571 1189 4628 de
1204 4581 1250 4628 tua
1264 4575 1403 4645 parochia,
1420 4576 1507 4633 debeo
1526 4579 1690 4652 regulariter
1704 4580 1831 4640 dilsmire.

174 4675 236 4739 pter
245 4667 454 4724 constitutiones
464 4665 592 4739 proprias
600 4667 830 4735 contradixeritis,
840 4683 901 4723 mea
915 4682 978 4725 curn
1028 4658 1068 4714 Tu
1078 4668 1168 4716 nutem
1183 4670 1327 4718 contentus
1342 4680 1403 4720 esse
1418 4665 1505 4722 debes
1520 4675 1548 4722 ut
1562 4684 1645 4741 regas
1662 4677 1736 4725 tuam
1748 4686 1831 4743 paro-

176 4755 299 4827 plupibus
313 4755 349 4810 gd
377 4754 560 4811 ordinandum
587 4755 749 4828 episcopum
764 4755 897 4813 obtinebit
911 4772 976 4813 sen.
1028 4747 1117 4804 chilim
1129 4751 1204 4818 juxla
1223 4752 1404 4808 reverenllam
1427 4755 1543 4827 siugulis
1577 4765 1790 4829 compellentem,
1806 4768 1833 4816 el

177 4843 270 4908 tentia,
286 4843 393 4898 etmihi
407 4859 462 4900 non
482 4844 530 4899 tibi
549 4843 662 4899 firmitas
685 4859 781 4901 eorum
794 4861 856 4916 quae
870 4860 975 4917 gerno·
1026 4837 1229 4906 providentiam
1243 4854 1325 4911 geras
1338 4842 1427 4897 omnis
1447 4844 1630 4914 possessionis
1645 4862 1706 4918 quae
1721 4847 1772 4902 snb
1787 4855 1834 4905 tua

173 4938 228 4998 tur,
249 4930 284 4987 de
307 4930 523 4988 ordinationibus
538 4932 580 4988 vel
594 4933 654 4988 aliis
683 4932 765 4988 rebus
781 4933 976 4990 ecclesiasticis
1027 4932 1224 4996 estpotestate,
1240 4927 1276 4982 ita
1290 4935 1317 4982 ul
1333 4931 1508 5001 presbyteros
1523 4940 1550 4988 et
1557 4932 1688 4991 diaconos
1703 4935 1829 5003 ordinet,

172 5018 200 5074 in
214 5018 361 5075 Rbemensi
370 5020 512 5090 provincia
526 5020 668 5078 tribuetur.
680 5022 710 5076 ln
724 5038 777 5094 qua
792 5021 815 5077 si
830 5021 909 5078 luerit
924 5022 975 5079 de·
1026 5019 1053 5069 tl
1067 5028 1122 5068 non
1145 5015 1301 5084 exordines,
1326 5025 1354 5073 tl
1374 5019 1492 5093 singula,
1512 5036 1566 5077 ⁰01¹
1581 5032 1669 5080 autern
1680 5025 1832 5095 PtOVltttlae

171 5106 278 5183 lunatos
293 5107 447 5181 episeopus,
463 5124 516 5181 ago
532 5117 558 5166 et
572 5124 626 5165 ooo
641 5118 669 5166 ot
684 5110 851 5167 visitatorem
864 5111 917 5183 ipsi
931 5111 974 5167 oi.
1025 5101 1175 5174 generalia,
1192 5110 1237 5160 ιεο
1250 5105 1353 5173 judicio
1372 5109 1601 5180 comprehendas.
1621 5112 1679 5168 Nec
1691 5112 1740 5168 tibi
1751 5111 1826 5180 licet,

172 5196 259 5254 duatae
274 5196 428 5270 designabo
441 5195 585 5264 Ecclesia,
604 5198 765 5254 electionem
781 5216 843 5256 curn
862 5200 973 5257 decreto
1025 5189 1048 5245 sl
1058 5200 1153 5247 contra
1169 5191 1279 5251 fratrum
1293 5204 1370 5251 tuum
1384 5196 1504 5268 aliquem
1514 5201 1674 5274 episcopum
1689 5201 1765 5258 litem
1781 5202 1829 5258 ba·

170 5287 300 5342 canonico
315 5284 472 5358 precipiam
496 5283 564 5354 fieri,
579 5293 607 5340 ει
621 5286 644 5341 si
659 5285 687 5341 in
713 5295 805 5358 partes
820 5303 850 5345 se
866 5286 972 5362 eligen·
1022 5278 1125 5349 bittit,
1143 5296 1176 5336 0¹
1185 5282 1237 5337 ³11³
1250 5283 1389 5354 provincia
1404 5287 1540 5344 adimit
1552 5289 1712 5360 ttltl⁵⁰t>l³t¹¹¹¹
1732 5291 1831 5364 ⁰⁰sstil·

168 5372 236 5429 tium
250 5383 312 5429 vota
327 5374 476 5441 diviserint,
498 5389 589 5430 meum
605 5381 701 5452 elnon
713 5383 787 5431 tuum
798 5376 849 5432 erit
858 5376 970 5450 eligere,
1023 5375 1120 5436 torem,
1136 5386 1187 5426 110⁰
1205 5371 1286 5428 etiam
1303 5371 1351 5428 tibi
1379 5372 1443 5431 litei
1469 5392 1519 5446 Pt0
1544 5377 1714 5435 terminando
1735 5379 1829 5452 jurgio

167 5461 214 5532 qui
229 5461 377 5529 majoribus
395 5463 430 5518 ad
444 5463 626 5519 ordinandum
640 5463 736 5519 studiis
749 5465 859 5532 juvetur
873 5472 900 5520 et
914 5481 971 5522 me·
1022 5474 1121 5536 praeter
1138 5484 1181 5525 me
1195 5468 1228 5525 ad
1238 5469 1306 5526 alias
1325 5471 1471 5530 convolare
1485 5473 1647 5544 provincias.
1671 5475 1726 5532 Sed
1742 5475 1766 5530 si
1780 5493 1829 5534 ne·
