3826 6098
160 224 212 278 1119
501 221 622 279 OPUSC.
654 222 700 277 ET
727 220 837 277 Eetst.
868 217 905 272 lN
932 215 1046 272 ctbst
1074 214 1248 270 HINCMARI
1275 213 1430 272 LAUDEN.
1763 223 1815 275 610

157 344 265 401 auxilio
280 352 371 402 vestro
386 345 535 418 agendum,
552 345 674 414 Qualiter
689 352 781 400 autem
794 343 829 399 de
839 339 1002 413 apostoli-A
1016 337 1124 405 iterum,
1140 353 1172 394 ac
1187 336 1277 406 tertio,
1293 338 1342 394 sed
1353 353 1409 393 non
1421 337 1570 409 poenitente
1584 339 1679 408 tratre,
1707 357 1813 413 prece·

154 448 197 489 eae
215 433 304 500 sedis,
321 450 382 505 qum
394 441 435 489 est
447 433 568 489 omniurn
584 433 773 489 Ecclesiarum
785 432 813 487 in
829 439 885 486 tcto
900 428 965 486 orbe
1016 426 1054 496 pit
1070 427 1164 482 dicens
1181 428 1330 483 :Stantem
1342 427 1702 497 Ecclesiomnocoadicrit,
1718 431 1754 486 tit
1764 430 1816 486 tttt

151 529 300 577 terrarum
314 528 442 576 meteret
457 521 596 592 magistra,
613 528 639 576 et
654 521 730 590 cujus
758 517 889 590 pontifex,
913 531 965 587 pa·
1016 515 1241 583 sicutetbnicas,
1259 515 1465 587 etpubliccnas
1484 514 1596 585 (natet.
1616 517 1709 589 xvtrr).
1728 518 1762 574 Et
1780 533 1815 574 ne

148 607 284 664 triarcba
312 616 353 663 est
380 608 607 679 patriarcharum,
636 593 664 663 ‘et
690 607 794 678 primas
821 605 966 677 primatum
1016 600 1077 655 leve
1088 601 1461 673 quisqucputaretEcclesiae
1471 617 1501 656 se
1507 603 1611 671 iudicio
1625 605 1813 676 condemnari,

145 705 323 752 cunctarum
347 696 557 767 provinciarum,
576 695 707 769 ligatione
729 702 810 765 atque
831 692 966 748 solutione
1016 704 1079 743 mcx
1093 690 1250 744 terribiliter
1261 689 1383 759 adjunxit
1409 692 1704 749 :ahmendicovobis
1716 711 1723 748 ε
1735 692 1817 763 Quae·

142 783 279 838 sentiam
293 792 373 856 atque
387 791 504 849 teneam,
521 791 551 838 ut
564 782 831 838 sciatismandaciter
841 781 905 836 hinc
921 795 965 834 me
1016 792 1124 847 cunque
1138 776 1313 849 alligaveritis
1328 792 1410 847 super
1425 783 1536 844 terram,
1553 787 1629 834 erunt
1644 779 1729 852 ligata
1744 787 1771 836 et
1788 780 1818 836 in

142 870 189 925 ab
226 870 374 927 llincmaro
402 871 614 938 calumniatum,
648 884 802 942 quanquam
837 869 966 925 decernat
1017 863 1087 918 coelo
1105 881 1110 916 :
1126 872 1151 917 et
1167 881 1335 937 quecunque
1363 863 1497 919 solveritis
1512 876 1719 937 superterram,
1737 875 1817 925 erunt

139 957 321 1014 Africanum
350 958 533 1024 concilium«
564 966 592 1012 ut
619 959 831 1030 quotiescunque
860 954 966 1012 clericis
1017 951 1507 1026 solutaetincoelo(llcttb.avrti).
1528 955 1638 1011 »Omni
1665 955 1749 1027 igitur
1763 956 1819 1012 ele-

138 1046 189 1100 ab
208 1046 420 1103 accusatoribus
431 1046 517 1101 multa
526 1046 638 1103 crimina
653 1045 825 1115 objiciuntur,
843 1052 870 1098 et
883 1058 966 1097 unum
1015 1046 1122 1093 ctorum
1136 1038 1277 1106 Ecclesiae,
1290 1042 1367 1110 juxta
1381 1045 1493 1100 modum
1508 1043 1660 1114 culparum,
1673 1043 1717 1098 vel
1731 1043 1819 1115 poeni·

140 1149 188 1187 ex
207 1133 294 1203 ipsis,
311 1133 345 1188 de
359 1150 414 1204 quo
428 1133 506 1204 prius
521 1133 619 1206 egerit,
635 1129 964 1203 probarenonvaluerint,
1017 1125 1117 1193 tentia,
1140 1125 1244 1198 ligandi
1267 1144 1298 1183 ac
1320 1130 1443 1187 solvendi
1466 1131 1547 1186 datur
1569 1131 1724 1186 auctoritas.
1762 1129 1818 1187 Sed

138 1220 190 1275 ad
210 1229 319 1276 caetera
330 1220 387 1288 iam
400 1235 455 1275 non
469 1220 656 1276 admitantur:
675 1240 686 1269 a
701 1234 796 1275 coram
819 1218 898 1274 vobis
920 1233 966 1272 ex·
1017 1212 1090 1267 idem
1104 1213 1201 1268 beatus
1216 1215 1322 1285 Petrus,
1341 1219 1386 1288 qui
1397 1220 1532 1274 Christum
1549 1234 1614 1273 vera
1629 1217 1682 1274 tide
1706 1216 1818 1275 contes-

133 1322 247 1377 pono,
265 1307 334 1363 sicut
347 1307 750 1377 ccrdecredoadjustitiam,et
764 1322 811 1362 ore
835 1303 967 1361 confiteor
1018 1317 1073 1366 sus,
1103 1316 1168 1355 vero
1192 1310 1233 1356 est
1261 1319 1354 1360 amore
1388 1315 1505 1372 secutus,
1539 1306 1694 1377 specialiter
1725 1305 1818 1364 claves

132 1395 186 1450 ad
206 1394 341 1451 salutem,
810 1437 817 1447 ,
1018 1388 1097 1459 regni
1114 1388 1255 1456 emiorum,
1287 1400 1314 1447 et
1339 1394 1487 1464 primatum
1505 1393 1654 1463 judiciariae
1665 1393 1817 1464 potestatis,

186 1485 232 1538 Et
247 1482 320 1539 sieut
332 1499 365 1539 ex
380 1482 499 1539 doctrina
514 1483 587 1538 beati
606 1483 711 1547 Leonis,
727 1482 850 1552 ejusdem
865 1489 967 1537 sanctae
1018 1484 1045 1530 et
1059 1492 1151 1532 curam
1165 1481 1364 1548 pascendarum
1378 1482 1470 1538 ovium
1486 1482 1620 1538 Dominiei
1634 1481 1713 1536 ovilis
1737 1497 1819 1539 acce·

130 1580 173 1625 ec
191 1571 303 1643 primae
318 1571 392 1626 sedis
405 1570 542 1642 pontificis
557 1572 648 1638 didici,
666 1571 753 1643 quiin
774 1585 900 1626 sermone
925 1568 967 1624 sui
1017 1564 1074 1634 pit;
1091 1572 1117 1618 et
1131 1565 1158 1619 in
1172 1566 1289 1635 primatu
1300 1568 1372 1624 illius
1394 1586 1570 1626 successores
1594 1569 1679 1641 ipsius
1703 1569 1732 1624 in
1754 1568 1820 1626 sede

128 1658 262 1714 natalis
278 1660 375 1731 (serm.
392 1660 429 1729 3),
446 1659 516 1714 inter
531 1667 628 1715 caetera
644 1659 708 1714 dicit
725 1676 732 1712 ε
750 1680 761 1709 r
779 1657 858 1728 Quod
868 1657 967 1713 dicitur
981 1652 1077 1741 Bejus
1091 1663 1256 1723 acceperunt
1272 1672 1278 1710 :
1294 1664 1322 1710 ut
1337 1673 1432 1713 ornnes
1443 1675 1495 1730 per
1509 1659 1605 1714 orbem
1620 1658 1765 1714 credentes
1779 1656 1820 1712 iu-

127 1745 326 1802 beatissimc
337 1748 432 1802 Petro:
448 1747 507 1801 Tibi
522 1747 593 1802 dabo
609 1747 700 1803 claves
716 1746 794 1819 regni
822 1745 965 1812 coelorum,
1018 1740 1149 1811 telligant,
1167 1742 1229 1813 quia
1246 1744 1400 1817 quicunque
1415 1747 1449 1800 ab
1464 1748 1565 1802 unitate
1580 1745 1653 1813 fidei,
1670 1747 1715 1802 vel
1729 1745 1821 1802 socie·

129 1843 174 1889 et
194 1850 381 1906 quaecunque
394 1834 526 1908 ligaveris
541 1851 624 1906 super
645 1843 754 1900 terram,
780 1841 859 1889 eruut
884 1833 968 1904 ligata
1018 1828 1079 1882 tatis
1094 1828 1165 1883 illius
1180 1831 1390 1902 quolibetmcdo
1405 1835 1566 1906 semetipsos
1579 1842 1738 1907 segregant,
1748 1833 1819 1891 tales

125 1931 171 1977 et
189 1922 229 1977 in
246 1922 338 1990 coelis,
364 1930 392 1977 et
415 1938 584 1995 quecunque
608 1922 724 1978 solveris
749 1938 831 1992 super
855 1929 966 1989 terram,
1018 1931 1069 1971 nec
1084 1916 1199 1973 vinculis
1213 1929 1390 1989 peccatorum
1418 1922 1535 1991 absolvi,
1566 1938 1617 1978 nec
1628 1923 1740 1992 januam
1755 1937 1820 1990 pos·

124 2016 243 2065 erunt
258 2010 350 2065 soluta
364 2017 390 2065 et
404 2009 432 2063 in
447 2010 542 2076 coelis;
557 2009 681 2065 transivit
702 2009 811 2081 quidem
836 2009 918 2064 etiam
940 2008 968 2063 in
1019 2011 1081 2058 sunt
1095 2006 1174 2075 regni
1190 2006 1310 2063 coelestis
1324 2009 1445 2082 ingredi.

119 2098 225 2154 alios
245 2098 389 2169 apostolos
399 2097 444 2166 jus
458 2097 535 2152 istius
551 2097 704 2168 potestatis,
722 2095 789 2152 etin
803 2112 900 2152 omnes
918 2097 970 2152 Ec·
1054 2088 1095 2142 De
1108 2103 1162 2159 qua
1177 2089 1344 2162 obhgatione
1360 2095 1404 2149 vel
1417 2093 1551 2149 solutione
1568 2093 1727 2165 0p1800palir
1745 2092 1820 2165 (1¹10d

119 2185 255 2242 clesiae
267 2185 410 2257 principes
419 2185 522 2241 decreti
531 2185 612 2254 hujus
621 2184 777 2241 constitutio
785 2184 967 2240 commeavit:
1017 2174 1097 2229 nobis
1113 2178 1270 2248 apostoheae
1286 2180 1360 2236 sedis
1374 2180 1437 2236 siliis
1452 2198 1484 2237 ac
1499 2181 1650 2253 discipulis,
1672 2181 1739 2236 satis
1761 2188 1803 2236 tre

120 2274 200 2330 sed
220 2289 286 2328 non
301 2271 399 2328 frustm
427 2273 475 2328 uni
500 2273 715 2339 commendatur,
736 2265 816 2344 ‘quod
842 2271 968 2327 omnibus
1017 2263 1157 2331 mendum,
1175 2276 1201 2321 et
1215 2269 1376 2334 cavendum,
1393 2277 1474 2340 atque
1489 2270 1691 2326 observandum
1715 2276 1766 2337 est,
1790 2269 1819 2326 S.

115 2361 314 2417 intimetur.
325 2361 402 2416 Petro
412 2361 485 2416 enim
500 2360 561 2416 ideo
576 2361 627 2416 hoc
647 2359 823 2431 singulariter
840 2359 966 2429 creditur,
1018 2350 1170 2423 Gregorius
1185 2353 1212 2408 in
1227 2355 1339 2411 homilia
1353 2357 1498 2430 Evangelii
1527 2357 1613 2414 dicit:
1643 2379 1653 2408 ι
1684 2358 1762 2429 Saepe
1790 2356 1820 2413 in

114 2448 219 2520 quia
237 2447 493 2504 cuncllbssoelesiae
507 2447 661 2503 rectoribus
680 2447 752 2502 Petri
767 2446 856 2501 forma
867 2462 968 2518 propo.
1017 2437 1136 2508 ligandis
1150 2457 1182 2496 ac
1196 2443 1334 2499 solvendis
1351 2446 1466 2500 subditis
1481 2453 1575 2517 pastor
1597 2461 1653 2501 Sllae
1676 2444 1821 2503 voluntatis

114 2536 243 2591 nitur.
265 2555 277 2586 ι
304 2536 392 2591 Manet
420 2551 486 2608 ergo
514 2535 587 2591 Petri
611 2534 796 2606 privilegium,
814 2534 967 2607 ubicunque
1017 2532 1116 2595 motus,
1133 2544 1188 2584 non
1203 2539 1293 2586 autem
1307 2548 1454 2589 causarum
1468 2533 1566 2588 merite
1587 2533 1718 2605 sequitur.
1743 2533 1822 2591 Unde

117 2640 179 2681 ex
195 2622 302 2695 ipsius
316 2621 402 2678 fertur
415 2623 542 2695 aequitate
553 2622 684 2692 judicium
700 2642 706 2677 :
733 2639 785 2680 nec
815 2622 899 2678 nimia
927 2630 968 2677 est
1017 2610 1056 2680 fil,
1072 2622 1102 2669 ut
1116 2614 1176 2686 ipsa
1190 2618 1242 2674 hac
1256 2619 1360 2690 ligandi
1375 2627 1401 2676 et
1416 2620 1540 2675 solvendi
1553 2628 1687 2691 potestate
1711 2635 1741 2676 se
1761 2619 1821 2691 pri·

113 2712 191 2769 vel
213 2709 360 2767 severitas
374 2710 417 2767 vel
436 2710 574 2779 remissio,
605 2711 650 2766 ubi
679 2709 747 2766 nihil
775 2718 817 2766 est
843 2710 966 2781 ligatum,
1018 2707 1071 2766 vel.
1089 2703 1134 2773 qui
1150 2705 1218 2761 hanc
1231 2722 1282 2777 pto
1296 2708 1352 2762 suis
1365 2706 1562 2774 voluntatibus,
1578 2716 1604 2764 0²
1620 2724 1675 2763 ⁰011
1689 2723 1740 2780 pro
1754 2708 1821 2763 sub·

114 2799 225 2855 nihil
245 2796 378 2865 solutum,
394 2797 446 2852 nisi
461 2799 535 2870 quod
553 2800 583 2852 Β.
608 2799 705 2854 Petrus
728 2805 774 2853 aut
797 2797 897 2869 ligarit,
923 2806 968 2852 aut
1014 2787 1147 2857 jactorum
1163 2794 1283 2850 moribus
1299 2796 1643 2868 exercetUnderecteper
1657 2795 1819 2867 prophetam

115 2885 281 2944 solverit
298 2901 305 2939 ς
322 2886 368 2957 qui
382 2900 475 2958 regem
489 2886 622 2942 goelopum
636 2894 665 2941 ug
680 2886 846 2959 Augustinus
866 2893 893 2942 et
914 2901 967 2941 (3ae-
1018 2875 1481 2950 dicitur:Mortificabamauima8,
1494 2901 1556 2956 qiloe
1567 2901 1624 2941 non
1634 2886 1819 2943 moriunlurss

115 2976 201 3032 teri
213 2975 355 3028 doctores
365 2982 512 3045 exponunt,
521 2975 623 3043 majore
639 2991 695 3045 prae
709 2973 967 3030 caeterisdevcticne
1018 2967 1046 3018 el
1056 2967 1361 3039 vivificobaatoaimas,
1371 2971 1814 3044 11118’1011111111(Εθόθθὴὺῑῐῐῐλι
1848 3024 1851 3028 -

117 3060 315 3119 consessus
329 3069 387 3128 est;
401 3061 499 3118 merito
512 3079 569 3133 praa
583 3062 690 3118 caeteris
705 3062 763 3133 ipse
785 3061 890 3119 collatis
914 3061 972 3117 ela·
987 3031 1084 3107 CNon
1099 3056 1260 3113 morientem
1275 3059 1376 3130 quippe
1389 3057 1544 3126 mortificat,
1561 3059 1608 3131 qul
1620 3059 1723 3128 justum
1742 3058 1822 3114 dam·

120 3150 246 3208 vibus
260 3148 345 3219 regni
359 3148 479 3205 coelestis
489 3166 600 3206 munere
616 3150 730 3206 donatus
745 3157 786 3204 est
802 3167 809 3205 :
826 3158 855 3204 ut
869 3157 974 3207 consta·
1023 3151 1088 3209 nat,
1103 3151 1129 3199 θῐ
1153 3160 1207 3200 ⁰⁰11
1230 3145 1365 3202 victurum
1389 3146 1527 3203 vivificare
1549 3148 1652 3214 nimuh
1679 3147 1725 3219 ‘lui
1744 3163 1823 3204 reum

116 3246 190 3296 ret
209 3235 363 3304 omnibus,
386 3236 448 3309 quia
471 3237 573 3310 absque
596 3254 628 3293 ea
657 3237 829 3294 confessione
853 3253 886 3293 ac
919 3237 972 3293 fide
1024 3230 1157 3300 supplicio
1174 3232 1317 3289 absolvere
1331 3242 1465 3290 conatur:
1481 3250 1514 3290 ac
1529 3251 1602 3305 saepe
1618 3234 1717 3304 agitur,
1734 3241 1764 3289 ut
1778 3234 1822 3291 vel

121 3340 284 3400 reguum
299 3324 429 3380 coelorum
442 3325 533 3380 nultus
548 3326 635 3395 possit
656 3326 768 3382 intrare,
795 3326 892 3382 claves
920 3341 972 3381 au.
1022 3316 1133 3374 damnet
1153 3319 1310 3385 immeritos,
1341 3321 1386 3376 vel
1414 3321 1481 3376 alios
1509 3321 1568 3392 ipse
1596 3320 1694 3393 ligatos
1722 3321 1821 3378 solvat.

122 3426 209 3473 tem
228 3412 320 3486 regni
340 3412 482 3479 caelorum,
508 3413 594 3484 ipsam
619 3413 797 3471 discernendi
820 3412 971 3479 scientiam,
1023 3405 1116 3461 Causae
1131 3423 1198 3479 ergo
1211 3409 1359 3479 pensandae
1374 3417 1446 3475 sunt,
1463 3417 1489 3465 et
1517 3417 1581 3465 tuuc
1608 3409 1712 3481 ligendi
1739 3416 1819 3482 atque

130 3500 374 3578 potentiamque
385 3500 535 3570 judiciariae
549 3502 692 3572 potestatis
707 3501 838 3569 nominat,
856 3517 908 3573 qua
933 3501 974 3557 di·
1023 3495 1146 3550 solvendi
1159 3504 1279 3566 potestas
1295 3497 1456 3553 exercenda.

137 3606 232 3667 gnos
250 3587 379 3659 recipere
392 3588 421 3643 in
436 3605 563 3662 regnum,
579 3590 707 3663 indignos
717 3590 859 3646 secludere
867 3588 973 3645 debete
1059 3593 1192 3647 Caeterum
1207 3594 1276 3649 sicut
1289 3595 1319 3649 B.
1349 3594 1528 3666 Augustinus,
1545 3602 1571 3650 et
1585 3594 1677 3650 aeteri
1688 3594 1815 3653 catholici

141 3675 266 3751 regno.
277 3676 358 3732 Unde
365 3676 496 3733 Dominus
506 3676 650 3734 manifeste
665 3678 817 3747 subjunxit:
836 3680 872 3734 Et
885 3678 972 3751 qaod·
1022 3682 1147 3737 doctores
1161 3680 1264 3749 dicunt,
1280 3698 1336 3737 non
1350 3689 1413 3737 sunt
1435 3681 1584 3753 ligamenta
1608 3683 1652 3739 vel
1672 3682 1822 3740 solutiones

155 3779 280 3838 cunque
292 3765 422 3834 ligaveris
431 3782 517 3838 caper
525 3770 642 3833 terram,
669 3767 725 3823 crit
753 3767 873 3838 ligatam
896 3770 924 3822 ct
941 3767 972 3821 itt
1023 3777 1123 3825 sanctae
1144 3770 1285 3837 Ecclesiae,
1310 3787 1370 3842 quae
1389 3777 1486 3826 contra
1516 3777 1641 3827 sanctam
1669 3770 1824 3829 Ecclesiam

160 3853 245 3908 celis
262 3851 376 3922 (natta.
398 3852 470 3925 xvr).
1024 3856 1109 3923 stunt3
1125 3858 1168 3913 vel
1183 3858 1218 3912 ab
1232 3859 1274 3913 his
1289 3857 1365 3924 fiunt,
1382 3859 1428 3930 qui
1439 3866 1533 3914 contra
1542 3858 1673 3932 dogmata
1683 3858 1823 3916 catholice

194 3939 273 4010 Quae
287 3937 413 3997 soluendi
426 3956 458 3998 ac
471 3940 575 4013 ligandi
601 3949 733 4014 potestas,
767 3942 892 4015 quamvis
921 3943 973 3999 soli
1021 3945 1152 4002 Ecclesiae
1168 3947 1324 4015 sentientes,
1342 3947 1475 4003 contraria
1491 3947 1544 4018 ipsi
1561 3947 1695 4004 Ecclesiae
1726 3947 1823 4022 ligant,

170 4029 252 4084 Petro
265 4027 332 4084 data
344 4029 468 4086 videatur
481 4045 497 4084 a
511 4030 645 4098 Domin03
667 4032 770 4102 absque
799 4032 855 4087 ulla
882 4039 973 4087 tamer
1022 4034 1066 4089 vel
1081 4035 1198 4090 solvunt.
1215 4035 1312 4090 Sancta
1328 4036 1428 4107 quippe
1442 4035 1565 4091 Ecclesia
1578 4035 1645 4091 dicit
1662 4051 1669 4090 z
1686 4037 1748 4094 Noa
1764 4035 1824 4092 sedi

173 4115 312 4172 dubietate
326 4119 495 4174 noscendum
509 4127 559 4185 est,
572 4119 635 4191 quia
651 4129 677 4176 et
706 4119 812 4175 caeteris
842 4119 972 4190 apostolis
1022 4125 1214 4182 cumconsilio
1224 4127 1371 4190 vanitatis,
1385 4125 1825 4195 etcmeiniqaoqerentibasnott

174 4203 261 4273 datur,
273 4203 334 4275 ipso
344 4213 423 4274 teste,
435 4206 481 4279 qui
489 4215 550 4278 post
561 4207 697 4278 passionis
710 4206 973 4279 resurrectionisque
1022 4213 1152 4268 introibo.
1167 4212 1244 4267 Ovidi
1255 4213 1410 4268 Ecclesiam
1418 4213 1652 4282 malignantium,
1665 4214 1828 4269 etcamim·

174 4307 227 4348 suaa
242 4291 556 4366 triumphumapparens
573 4294 782 4367 eisinsuftiovit
793 4300 821 4351 ct
831 4297 974 4351 dicitcm-
1021 4300 1076 4370 piis
1087 4301 1256 4356 coniectatio.
1266 4300 1822 4356 Lavaboictericnoceetesmonaameaa

173 4380 250 4438 nibus
263 4398 271 4434 ι
286 4381 412 4452 Accipite
420 4383 558 4451 Spiritum
566 4388 700 4439 sanctam
712 4400 717 4437 :
728 4400 846 4456 quoram
855 4384 972 4439 remisc-
988 4378 1112 4458 Dtl’sol.
1125 4386 1206 4457 xxv).
1219 4387 1249 4440 ln
1263 4387 1341 4455 cujus
1352 4385 1436 4441 solius
1446 4386 1588 4442 catholicae
1600 4386 1732 4442 Ecclesia
1757 4385 1821 4442 uni-

174 4470 370 4539 ritiapaccoto,
377 4470 568 4527 reraittcctar
575 4472 626 4539 eia·
637 4476 790 4544 ctqcoram
796 4473 975 4528 retinueritis
1023 4482 1086 4540 tate,
1098 4492 1159 4546 quae
1168 4490 1219 4545 per
1229 4475 1348 4530 hereses
1358 4481 1384 4530 et
1396 4473 1544 4530 schismata
1565 4490 1619 4529 non
1636 4481 1678 4529 est
1688 4473 1784 4544 divisa,
1795 4482 1823 4529 ut

175 4560 287 4612 retecto
300 4561 371 4613 sant
385 4558 477 4628 (loon.
489 4559 552 4630 xx).
568 4559 638 4614 Nam
652 4559 722 4615 sicut
738 4561 912 4633 interrogatis
926 4577 975 4632 ge·
1024 4579 1089 4618 vera
1098 4572 1161 4617 sunt
1171 4571 1349 4628 sacramenta,
1368 4562 1404 4617 ita
1423 4577 1490 4620 vera
1507 4570 1569 4617 sunt
1583 4561 1731 4635 ligamenta
1741 4569 1823 4634 atque

172 4643 449 4716 naraliteromnibus,
462 4646 558 4702 Petrus
573 4648 712 4719 respondit
732 4664 802 4703 unus
815 4663 867 4719 pro
887 4648 975 4705 omni-
1024 4651 1263 4724 solutiones;quae
1286 4650 1416 4708 aedificata
1438 4660 1480 4706 est
1505 4667 1586 4722 super
1607 4659 1732 4722 petram:
1762 4666 1823 4724 quae

174 4730 239 4799 bua;
255 4732 294 4788 ita
308 4739 336 4788 et
350 4733 423 4805 quod
438 4734 520 4790 Petro
535 4736 668 4792 Dominus
682 4737 833 4808 respondit,
849 4736 877 4792 in
890 4737 973 4793 Petro
1023 4740 1102 4797 unica
1113 4739 1237 4796 columba
1247 4741 1414 4811 appellatur:
1428 4757 1488 4812 quae
1507 4755 1609 4810 sponsa
1625 4739 1739 4810 pulchra
1763 4738 1824 4795 sine

174 4819 298 4875 omnibus
306 4821 585 4892 respondit:Necncn
596 4825 749 4880 etiamnunc
762 4825 789 4879 in
798 4824 973 4897 episcopisac
1022 4829 1129 4885 macula
1140 4837 1166 4884 et
1174 4846 1258 4902 ruga:
1271 4837 1297 4884 et
1316 4830 1412 4884 hortus
1429 4829 1584 4894 conclusus,
1606 4827 1669 4884 fons
1687 4827 1821 4901 signatus,

173 4907 772 4979 presbyterisomniaectesiaeotfietumtdem
784 4913 971 4982 committitur,
1021 4926 1119 4988 puteus
1129 4917 1291 4989 aquaviva,
1303 4917 1446 4988 paradisus
1463 4932 1525 4972 cum
1545 4915 1634 4973 tructu
1660 4931 1817 4987 pomorum,

175 5002 202 5048 ut
216 4995 345 5053 videlicet
357 4998 457 5071 agnitis
471 5000 643 5071 peccantium
667 5002 768 5066 causis,
794 5018 972 5074 quoscunque
1022 5005 1099 5062 locus
1106 5023 1191 5078 penes
1202 5008 1288 5061 Deum
1298 5005 1326 5059 in
1336 5021 1390 5076 quo
1401 5004 1487 5060 solide
1494 5011 1590 5072 statur,
1598 5013 1625 5060 et
1636 5004 1786 5062 locusaurc
1795 5004 1824 5060 in

175 5080 290 5139 humiles
299 5098 333 5140 ac
347 5100 412 5141 vere
434 5087 598 5157 poenitentes
617 5090 777 5160 respexerit,
805 5091 856 5146 hos
874 5090 933 5160 jam
957 5107 972 5145 a
1021 5110 1074 5165 quc
1082 5095 1269 5161 contletur3et
1279 5094 1376 5149 domus
1386 5093 1436 5148 Dei
1447 5109 1507 5166 quae
1525 5093 1618 5150 claves
1637 5093 1717 5166 regni
1735 5092 1823 5151 coelo-

174 5169 268 5227 tinrore
280 5180 420 5244 perpetuae
441 5176 538 5232 mortis
562 5176 697 5232 miserans
726 5177 871 5234 absolvat:
903 5194 971 5250 quos
1021 5199 1082 5238 rum
1090 5183 1204 5254 accepit,
1216 5189 1416 5253 acpotestatem
1426 5181 1529 5253 ligandi
1541 5190 1568 5237 et
1588 5181 1723 5238 solvendi.
1747 5182 1824 5238 lianc

175 5272 238 5314 vero
250 5259 280 5314 in
292 5261 415 5331 peccatis
430 5279 491 5334 que
507 5272 623 5338 egerunt
638 5265 787 5336 persistere
800 5267 969 5339 cognoverit,
1021 5270 1132 5326 domum
1142 5270 1165 5324 si
1176 5270 1237 5341 quis
1246 5269 1428 5342 corrigentem
1441 5269 1689 5343 corripientemque
1706 5276 1825 5326 contem·

175 5344 233 5403 illos
246 5363 297 5419 per
311 5347 402 5422 [deest
416 5351 486 5425 eam]
501 5353 628 5410 omnibus
643 5354 783 5426 suppliciis
806 5354 970 5426 obligandos
1020 5358 1113 5429 pserit,
1124 5357 1282 5428 precipitur
1295 5374 1311 5411 a
1325 5357 1441 5414 Domino
1456 5358 1530 5415 utsit
1552 5358 1626 5414 meat
1648 5358 1780 5416 ethnicas
1794 5361 1824 5414 et

176 5440 299 5503 hanuet.
317 5445 397 5503 Unde
410 5446 476 5505 alias
490 5449 633 5518 Dominus,
650 5451 684 5508 de
699 5459 826 5524 correpto
842 5451 927 5509 semel
943 5461 970 5509 et
1019 5447 1188 5520 publicanas
1202 5446 1311 5517 (dotat.
1326 5447 1420 5519 xvru).
