3794 6104
98 245 129 298 re
387 213 395 225 '
833 243 1019 300 aristone.
1714 218 1749 304 so

97 366 183 419 beatae
197 365 340 421 memoriae
353 365 488 435 liertiael,
501 365 640 421 sedetiam
654 381 707 440 ego
721 381 783 423 mea
798 365 905 422 coufes-
920 365 1098 439 Aquidquam
1113 366 1203 424 lacere
1219 369 1292 440 quod
1303 370 1411 424 Patrunr
1418 369 1506 441 possit
1515 369 1617 442 regrdis
1626 368 1746 441 obviare,

97 453 172 508 sione
201 451 322 509 firmavi.
354 455 394 509 De
421 454 519 526 quibus
543 455 675 511 ultionum
699 454 900 512 conditionibus
950 469 1063 511 necesse
1077 465 1119 511 est
1132 465 1161 511 ut
1175 472 1206 512 ea
1225 456 1288 513 lriuc
1302 457 1465 525 decernatis,
1482 475 1517 514 ue
1532 459 1751 532 autiuquaestio-

94 540 187 613 quida
203 551 297 598 sancto
313 542 413 614 Spiritu
427 559 477 615 per
491 543 605 599 coucilia
620 544 768 615 provincias
787 542 897 609 Africa,
948 555 1012 595 nem
1028 541 1175 608 reveniant,
1192 549 1238 596 aut
1246 541 1356 598 occasio
1371 542 1468 598 exinde
1483 542 1598 612 clicerius
1612 558 1749 615 praesum-

95 637 199 709 quidve
215 634 266 689 Dei
274 631 418 703 sapientia,
436 647 499 703 qua,
514 639 543 686 ut
557 633 688 702 scriptum
703 640 753 698 est,
772 631 898 688 condito·
949 628 1049 698 ptiouis
1059 638 1244 701 exsurgebant
1253 630 1300 686 illa
1307 630 1457 687 dissolvere
1467 631 1636 703 temporibus
1645 632 1748 689 nostris

93 742 138 781 res
155 724 252 795 legum
276 722 351 790 justa
368 720 527 785 decernunt,
549 721 658 793 legibus
681 721 715 775 sit
738 720 897 783 decretum,
949 716 993 771 vel
1008 731 1198 774 successorum
1212 727 1511 791 nostrorumoporteat.
1528 719 1644 789 Quanta,
1663 719 1751 793 inquit
1803 786 1812 799 .

91 814 193 869 melius
209 811 263 882 ipsi
278 809 363 864 scitis.
376 808 454 878 Quod
469 809 492 863 si
507 808 588 864 etiarn
617 809 669 865 hoo
683 809 718 864 de
742 825 772 863 se
800 807 898 864 intelli·
950 800 1131 871 Symmachus
1141 802 1238 875 (epist.
1254 802 1486 874 t,cdAEonirrm),
1496 803 1608 860 vicariis
1618 803 1749 861 beatissi-

92 919 174 975 gens,
192 908 219 955 et
233 898 276 953 his
290 898 386 970 legum
401 895 601 952 conditionibus
617 897 697 952 subdi
720 905 811 952 tantus
826 911 899 969 papa
948 889 986 942 ni
1002 890 1071 944 Petri
1088 891 1205 961 apostoli
1216 891 1382 962 judicabitur
1400 907 1462 949 esse
1478 891 1638 957 reverentia,
1649 891 1672 947 si
1688 907 1750 965 que

949 977 976 1030 in
991 978 1142 1034 sacerdotio
1151 980 1310 1051 praecipiunt
1325 981 1428 1037 eisdem
1437 980 1638 1036 transeuntibus
1648 979 1750 1037 dissol-

89 999 118 1048 et
132 990 231 1062 primae
246 986 321 1042 sedis
337 984 456 1056 pontifex
471 986 652 1056 praecavendo
667 985 786 1058 refugit,
811 984 899 1056 quali·

95 1090 137 1135 ter
146 1078 255 1133 eisdem
278 1075 409 1129 ultionum
418 1073 618 1129 conditionibus
632 1075 711 1129 subdi
722 1074 901 1145 praecavendo
949 1066 1068 1121 vantur?
1084 1067 1157 1138 quia,
1174 1075 1202 1121 ut
1217 1068 1289 1123 idem
1312 1068 1393 1133 dicit,
1421 1083 1475 1124 non
1499 1076 1590 1140 potest
1617 1084 1651 1123 ex
1672 1075 1750 1140 parte

88 1169 191 1223 timere
208 1181 259 1220 nos
283 1164 432 1218 debeamus
461 1162 591 1231 subJecti,
621 1171 748 1233 patenter
768 1162 896 1218 ostendit.

92 1257 149 1312 Sed
159 1263 187 1310 et
197 1254 233 1310 de
249 1259 406 1321 contempto
420 1251 589 1305 anathemate
611 1251 773 1307 necessitate
786 1251 898 1323 (quanto

91 1346 185 1417 magis
200 1339 398 1398 deliberatione
408 1339 433 1409 i)
447 1338 497 1394 rite
514 1339 630 1410 prolato,
648 1341 718 1410 quod
738 1340 765 1392 in
779 1338 898 1410 prefatis

93 1430 249 1504 privilegiis
278 1429 442 1495 continetur,
472 1427 537 1499 quid
557 1435 668 1483 sauctus
689 1427 840 1501 Gregorius
862 1427 897 1484 ad

94 1520 280 1576 Theoctistam
296 1516 438 1587 patriciam
453 1516 525 1571 dicat
544 1516 604 1585 (lib.
621 1531 660 1581 rx,
677 1517 760 1588 epist.
777 1516 833 1585 ib),
850 1531 896 1569 sa-

95 1609 227 1681 pientiam
243 1614 362 1661 vestram
377 1621 394 1660 a
408 1605 467 1660 Deo
477 1605 585 1660 doctam
599 1620 654 1659 uon
672 1603 745 1658 latet.
768 1604 803 1658 Et
818 1604 896 1675 Sym-

95 1699 211 1753 machus
225 1695 291 1751 dicit
305 1695 397 1766 (epist.
416 1696 427 1746 l
445 1693 490 1748 cd.
504 1692 690 1764 AEonitrnrlad
703 1692 792 1762 ipsam
803 1706 896 1746 sacro·
910 1718 938 1779 Β
983 1686 1085 1756 synodo
1100 1687 1152 1741 blei

95 1794 218 1842 sanctam
233 1782 397 1840 catholicam
412 1780 574 1854 religionem
584 1780 732 1852 pertinere,
745 1781 821 1849 cujus
835 1795 897 1834 orn-

33 1914 47 1937 .
94 1875 136 1929 uis
145 1881 269 1945 potestas
277 1870 444 1941 infringitur,
459 1869 513 1923 nisi
527 1869 664 1937 universa,
687 1885 772 1940 quaea
789 1867 895 1923 Domini

95 1962 283 2018 sacerdotibus
301 1958 386 2014 semel
402 1956 565 2028 regulariter
580 1963 744 2026 statuuntur,
765 1964 895 2027 perpetua

96 2053 166 2117 siut;
182 2049 258 2121 quod
273 2046 341 2102 alias
356 2047 515 2118 contingere
531 2045 641 2116 poterit,
658 2045 681 2097 si
700 2058 844 2100 successor
853 2044 898 2100 de·

97 2138 215 2195 cessoris
229 2136 336 2192 actibus
351 2150 404 2189 uon
425 2132 549 2188 tribuerit
578 2131 741 2198 firmitatem,
767 2141 793 2187 et
812 2132 896 2188 robo-

98 2227 181 2282 rando
195 2241 256 2297 quae
269 2233 346 2295 gesta
361 2231 432 2289 suat,
449 2220 529 2276 faciat
543 2228 604 2276 rata
618 2237 680 2276 esse
693 2236 755 2292 quae
769 2219 895 2293 gesserit.

99 2317 129 2369 Et
143 2314 271 2370 Gelasius
282 2313 377 2384 (epist.
392 2314 420 2363 ll
440 2309 476 2365 cd
496 2310 660 2380 Germanos)
677 2327 707 2361 :r
727 2310 829 2371 Patres,
852 2308 896 2363 in·

98 2404 161 2476 quit,
174 2402 263 2458 nostri
292 2398 417 2456 catholici
441 2397 568 2453 videlicet
591 2396 718 2468 doctique
743 2395 894 2468 pontifices,

97 2491 227 2564 quidquid
243 2505 293 2561 pro
309 2488 373 2556 lide,
393 2502 445 2558 pro
474 2484 599 2550 veritate,
628 2501 678 2557 pro
706 2485 896 2541 communione

97 2580 228 2638 catholica
242 2587 325 2649 atque
339 2574 499 2647 apostolica,
524 2574 672 2630 secundum
689 2573 896 2644 scripturarum

98 2665 254 2728 tramitem,
285 2659 514 2731 traditionemque
543 2658 675 2726 majorum
691 2702 699 2725 ‚
716 2656 788 2713 faeta
811 2656 897 2713 semel

98 2750 312 2824 congregatione
340 2755 509 2815 sanxerunt,
534 2745 725 2802 inconvulsum
754 2745 898 2800 voluerunt

949 1152 1055 1207 lirmurn
1071 1156 1220 1226 essequod
1236 1154 1421 1227 generalitatis
1436 1155 1521 1229 tangit
1542 1155 1679 1225 injuriam.

1232 1270 1402 1327 eristott
1418 1272 1463 1328 lv.

1068 1384 1103 1422 rur
1123 1383 1239 1424 neuneu
1254 1384 1386 1425 svuonmr
1400 1383 1628 1426 senssronnxsrx

948 1475 1084 1529 [ledberto
1100 1476 1258 1539 ilbemensr',
1274 1475 1345 1548 qaod
1364 1477 1398 1531 ob
1414 1478 1576 1548 episcopatu
1585 1477 1653 1547 jure
1677 1475 1748 1547 deje-

983 1548 1056 1613 ctus,
1074 1562 1125 1600 nee
1142 1547 1265 1617 lepitr’rne
1279 1549 1545 1618 poetenrestr'tatas,
1569 1547 1686 1603 elericos
1700 1562 1749 1603 or·

982 1615 1082 1670 dirrare
1092 1618 1295 1741 conpotuerit,
1309 1620 1339 1672 et
1350 1617 1421 1688 quod
1432 1616 1749 1688 bernriedensem

1171 1689 1233 1743 ensi
1248 1688 1386 1758 strepenti,
1399 1687 1647 1743 insuesssionenti
1659 1685 1749 1758 prodit

981 1757 1095 1828 spoliati
1109 1757 1177 1810 siut.

1222 1864 1312 1935 (Apud
1326 1864 1477 1936 Sirmond.)

983 1969 1148 2024 Hrvcxrrtxus
1169 1969 1334 2025 Rhemorum
1359 1969 1504 2041 episcopus
1528 1977 1629 2025 sanctae
1643 1970 1749 2040 synodo

948 2057 1041 2111 domni
1056 2072 1134 2127 papae
1148 2057 1251 2113 Nicolai
1267 2057 1425 2113 auctoritate
1445 2064 1612 2114 convocatae.

983 2145 1048 2199 Car.
1066 2145 1085 2198 l.
1111 2146 1151 2199 De
1169 2145 1275 2214 libone,
1304 2145 1376 2200 unde
1403 2145 1514 2217 quidam
1529 2145 1685 2216 loquuntur,
1703 2144 1749 2217 qui

948 2247 1057 2288 causan
1073 2234 1131 2301 ejus
1146 2232 1279 2301 nesciunt,
1292 2233 1412 2289 velseire
1423 2241 1468 2288 aut
1478 2232 1745 2298 audirenonvoluut,
1819 2276 1822 2281 .

947 2337 1008 2374 curn
1023 2337 1183 2392 quocunque
1200 2336 1250 2392 per
1264 2321 1465 2376 contentionem
1484 2320 1586 2376 nullam
1608 2318 1747 2377 conferam

948 2409 1148 2480 quaestionem,
1178 2410 1241 2481 quia
1255 2425 1307 2465 nec
1336 2410 1451 2465 domnus
1480 2409 1646 2482 apostolicus
1680 2407 1747 2465 milri

946 2498 1083 2567 agendum
1093 2499 1145 2553 hoc
1160 2498 1278 2568 scripsit,
1294 2515 1344 2554 nec
1360 2514 1421 2554 curn
1437 2497 1534 2554 eodem
1542 2499 1638 2554 Ebone
1652 2497 1680 2551 in
1692 2497 1748 2553 vita

948 2602 994 2640 sua
1010 2585 1100 2639 exstiti
1123 2586 1280 2655 altercator,
1301 2602 1352 2642 nec
1366 2595 1429 2657 post
1443 2594 1557 2642 mortem
1585 2586 1644 2655 ejus
1672 2584 1744 2641 illius

947 2689 1007 2728 sum
1019 2674 1172 2744 derogator,
1189 2690 1240 2730 nec
1256 2674 1314 2744 ejus
1329 2674 1402 2729 sedis
1413 2674 1525 2730 invasor
1538 2673 1637 2742 exstiti,
1661 2688 1743 2745 quarn

947 2762 982 2816 ab
993 2777 1025 2816 eo
1036 2762 1185 2817 secundum
1200 2762 1311 2834 regulas
1319 2762 1472 2818 sacerdotio
1486 2760 1614 2817 defuncto
1623 2767 1745 2832 quartus,

98 2841 225 2911 deinceps
241 2837 406 2908 firmumque
435 2844 561 2891 ⁰⁰1¹S¹³s⁰
579 2850 652 2901 {1¹00
673 2833 701 2887 5¹¹
723 2833 775 2888 ΜΟ
798 2833 896 2888 eidem
946 2857 1009 2920 post
1023 2865 1070 2904 eos
1082 2849 1199 2921 quieam
1214 2857 1367 2920 tenuerunt,
1383 2849 1514 2907 canonice
1536 2849 1565 2905 iu
1591 2864 1623 2904 ea
1639 2847 1743 2905 electus

99 2928 275 2984 0³¹1⁵³d01¹l¹0
291 2942 353 2996 ‹11¹ae
367 2923 478 2996 Ι)ΓιἭῇΜ
493 2922 602 2977 fuerim
618 2920 760 2976 retractari
775 2919 895 2992 qualibet
947 2944 973 2992 et
996 2938 1137 2992 ordinatus
1151 2938 1300 3009 regendam
1315 2939 1433 3010 suscepi.
1449 2937 1563 2994 Ratione
1579 2944 1670 2992 autern
1699 2935 1745 2991 di-

99 3017 197 3074 Γθθθῦῑῑ
228 3013 442 3087 lll'aessumlmone
469 3011 659 3083 permiserim·
690 3008 895 3080 sapientissime
946 3032 1044 3090 ctante,
1061 3042 1142 3097 quam
1155 3027 1229 3081 omni
1243 3027 1366 3098 poscenti
1381 3042 1485 3100 negare
1498 3042 1555 3082 non
1570 3024 1746 3093 debeoneri!

101 3105 279 3177 pervidentes,
295 3102 422 3174 quoniam
437 3100 460 3154 si
476 3100 586 3155 decreta
605 3097 897 3168 salubritereuiquam
947 3121 1029 3168 tarem
1043 3113 1163 3185 pmsffle
1190 3114 1263 3170 110,oe
1292 3115 1380 3171 valeo·
1409 3115 1484 3171 ldem
1510 3129 1628 3186 namque
1657 3127 1675 3168 a
1702 3127 1743 3179 ΒΘ,

101 3195 189 3250 Ῑίθθῐθῑ
204 3193 317 3259 fleme,
334 3189 436 3245 nullum
447 3187 804 3258 c⁰¹1¹li¹⁸i¹18¹¹¹0⁵(1¹1⁰Sllue
814 3201 895 3256 Pf0f·
943 3203 1020 3271 juxta
1036 3218 1128 3257 sacras
1145 3203 1254 3273 regulas
1269 3211 1296 3257 et
1323 3203 1493 3259 traditionem
1516 3199 1742 3269 ecclesiasticam,

103 3299 140 3336 sus
155 3296 268 3337 errores
283 3278 380 3334 stabile
395 3277 553 3348 persisteret
566 3274 699 3331 Ecclesiae
708 3274 894 3344 coustitutum,
946 3305 979 3346 ω
988 3288 1099 3346 ,sperem
1114 3290 1187 3345 sedis
1200 3291 1329 3347 p0mfflae
1342 3290 1508 3363 pontificum,
1525 3288 1634 3357 zosimi,
1656 3290 1743 3345 toan.

102 3386 128 3426 ae
136 3385 249 3441 semper
261 3368 361 3423 iisdem
375 3365 510 3420 furoribus
522 3363 651 3419 redivivis
675 3362 764 3417 omnis
790 3362 896 3435 integra
946 3377 988 3432 nis
1002 3387 1084 3450 atque
1099 3378 1236 3450 Gregorii,
1250 3379 1318 3434 sicu,
1336 3379 1371 3434 ab
1381 3379 1421 3435 ej,
1445 3378 1619 3435 complutum
1639 3375 1742 3431 multo,

101 3459 216 3514 ‘llffisslliO
230 3457 398 3511 turbaretur·
421 3479 431 3502 '¹
946 3467 996 3520 ties
1008 3467 1116 3536 legitur,
1133 3482 1181 3536 per
1193 3465 1371 3537 professionis
1384 3483 1441 3522 sure
1454 3465 1585 3531 libellum,
1600 3479 1634 3520 ea
1646 3462 1743 3520 mode·

130 3558 193 3612 llaec
208 3555 299 3626 itaque
313 3553 348 3609 de
363 3551 459 3606 litteris
472 3549 602 3605 divinitus
616 3548 754 3621 inspiratis
770 3555 894 3618 accepta,
945 3554 1059 3618 ratione,
1077 3569 1157 3625 quam
1172 3554 1227 3610 Leo
1240 3569 1356 3625 magnus
1370 3570 1441 3625 papa
1455 3552 1577 3609 decrevit
1590 3552 1626 3608 ad
1635 3551 1742 3608 univer·

104 3645 136 3699 rel
151 3660 202 3716 pro
218 3643 258 3698 rei
271 3640 367 3696 notitia
380 3638 558 3703 manifestata,
574 3653 630 3693 non
640 3637 675 3692 ad
691 3636 893 3703 resultandum,
945 3657 991 3697 sos
1005 3642 1150 3713 episcopos
1164 3659 1214 3713 per
1242 3642 1392 3706 Samnium,
1418 3643 1545 3698 Picenum
1568 3648 1595 3696 et
1615 3638 1741 3695 Tusciam

106 3733 169 3804 qnod
184 3732 265 3797 absit,
283 3731 312 3784 in
330 3729 422 3801 aliquo
436 3727 528 3782 dornni
542 3742 621 3798 papae
635 3726 752 3782 decretis
766 3723 896 3795 apostoli·
945 3730 1001 3802 (ep.
1026 3732 1081 3802 86),
1097 3731 1228 3785 dictatum
1241 3738 1268 3786 et
1281 3730 1392 3802 propria
1405 3744 1488 3785 rnanu
1503 3727 1695 3799 subscriptum,
1711 3725 1741 3781 in

106 3822 145 3883 cis,
156 3822 198 3876 rel
213 3821 248 3875 ad
273 3817 456 3873 resistendum
470 3815 568 3871 vestris
596 3814 769 3887 regularibus
793 3812 894 3867 diffini·
945 3818 1050 3889 synodo
1065 3834 1094 3873 se
1104 3819 1237 3890 deposuit,
1248 3827 1273 3873 et
1288 3818 1435 3891 episcopali
1443 3816 1593 3873 ministerio
1602 3813 1739 3887 spoliavit,

108 3908 213 3963 [ionibus
227 3906 357 3979 profem
374 3905 423 3959 Sed
435 3913 464 3958 ut
478 3902 616 3974 quomodo
630 3902 672 3956 llis
687 3917 747 3974 qllae
764 3901 791 3955 ln
817 3900 894 3969 deje·
944 3915 1024 3978 alque
1039 3907 1186 3962 secundum
1202 3923 1277 3961 suam
1292 3905 1490 3979 professionem
1512 3914 1539 3961 et
1562 3901 1742 3974 subscriptio·

109 3997 185 4052 ctione
199 3997 306 4051 illorum
321 3992 432 4048 diffinita
451 4000 512 4046 sunt
527 3993 657 4047 hacteuus
681 3989 799 4055 obedivi,
812 3989 852 4043 sic
867 3988 895 4044 iu
944 4006 1037 4044 neme
1056 3990 1236 4062 quadraginta
1250 3990 1335 4045 tribus
1348 3990 1483 4061 episcopis
1493 3987 1624 4059 judicium
1634 3984 1744 4057 deposi-

113 4096 189 4135 eorum
203 4079 384 4143 restitutione,
401 4077 477 4146 cujus
499 4076 564 4130 estis
579 4091 595 4129 a
610 4074 710 4129 domno
742 4071 895 4144 apostolico
944 4078 1024 4134 tionis
1039 4079 1157 4149 suscepit
1173 4096 1179 4132 :
1196 4079 1263 4134 sicut
1273 4078 1318 4134 ille
1332 4079 1391 4149 ipse
1405 4078 1524 4142 libellus,
1541 4091 1623 4149 quem
1636 4073 1742 4147 synodo

115 4169 195 4223 arbitri
208 4167 356 4234 constituti,
369 4165 393 4221 si
407 4181 424 4221 a
438 4165 516 4220 vobis
531 4162 620 4218 fienda
637 4161 767 4218 canonice
783 4161 894 4216 inventa
944 4167 1073 4237 porrexit,
1090 4174 1116 4221 et
1129 4167 1223 4221 notitia
1234 4167 1381 4238 synodalis,
1393 4183 1454 4238 quae
1468 4166 1617 4233 habemus,
1634 4162 1743 4219 eviden-

118 4265 135 4309 et
147 4266 241 4326 patrata
255 4256 346 4325 fuerit,
363 4262 533 4325 quantumex
549 4268 592 4307 me
606 4260 657 4315 est,
675 4249 796 4322 praefatis
812 4265 895 4322 regu-
945 4262 986 4310 ter
1000 4255 1154 4309 ostendunt.
1172 4255 1206 4311 Ut
1220 4256 1291 4310 enirn
1302 4254 1367 4310 dicit
1381 4254 1520 4321 Gelasius,
1543 4253 1605 4310 ideo
1627 4259 1741 4308 vocatur

120 4344 144 4396 lis
155 4347 240 4410 sacris,
266 4353 293 4400 et
312 4342 511 4415 episcopalibus
536 4349 615 4412 atque
643 4338 800 4411 apostolicae
821 4337 895 4392 sedis
945 4343 979 4396 ad
995 4343 1127 4412 judicium
1140 4351 1214 4399 certa
1228 4358 1396 4415 quaecunque
1411 4357 1536 4414 persona,
1552 4349 1582 4396 ut
1595 4347 1642 4396 aut
1657 4338 1741 4395 fatea-

123 4432 197 4488 erute
211 4432 467 4494 confirmationibus,
492 4428 646 4501 periculose
661 4443 715 4483 non
733 4427 851 4492 obviem,
868 4433 895 4481 et
909 4417 987 4485 Dur
1000 4432 1115 4501 objecta,
1132 4441 1178 4488 aur
1188 4439 1217 4486 nr
1232 4431 1409 4487 convincatur
1423 4430 1547 4500 objectis.
1565 4429 1619 4485 Seu
1629 4429 1701 4482 nunc
1714 4434 1742 4481 er

126 4522 364 4595 rpraecepnonitrus‚
377 4519 472 4592 quaein
494 4514 651 4589 apostolicis
675 4513 894 4586 epistolisconti-
944 4520 1015 4575 acrio
1029 4537 1098 4591 pene
1112 4519 1297 4577 0mnimund0
1317 4528 1381 4575 nora
1395 4518 1521 4584 convicti,
1550 4526 1576 4572 er
1594 4516 1654 4586 ipse
1671 4529 1740 4585 pro.

125 4612 207 4672 uentu,
220 4607 345 4678 aquibus
373 4603 490 4659 Domino
513 4608 647 4656 annuente
672 4600 715 4654 vel
730 4608 893 4655 transverso.
945 4608 1005 4679 pria
1020 4625 1050 4664 se
1075 4625 1142 4665 voce
1164 4618 1190 4664 et
1220 4608 1372 4679 subscripta
1400 4606 1568 4678 professione
1591 4601 1739 4659 damnavit,

128 4689 241 4761 illicitur,
259 4710 350 4768 ⁰⁰3⁰ss
365 4693 482 4748 Sssissfllff
496 4699 523 4747 ⁰²
544 4706 593 4761 P01'
618 4687 816 4744 ⁰⁰ss²1¹¹¹¹³⁰ii²¹¹¹
840 4702 896 4742 ¹¹0n
946 4697 1044 4752 Postea
1058 4715 1124 4753 vero
1139 4699 1197 4753 sine
1211 4697 1265 4752 ulla
1279 4696 1398 4769 regulari
1413 4692 1577 4750 restitutione
1591 4691 1664 4746 ident
1687 4689 1742 4745 mi-

128 4780 262 4852 exorbitabo,
279 4783 306 4836 in
321 4781 395 4836 nullo
409 4796 459 4852 per
473 4777 652 4850 ignorantiam
667 4775 815 4841 deviemet
826 4791 895 4847 qua·
946 4784 1084 4840 nistnriunr
1101 4786 1263 4858 episcopale,
1280 4801 1334 4857 quo
1354 4800 1384 4841 se
1406 4783 1568 4854 privaverat,
1585 4787 1680 4837 contra
1704 4795 1745 4835 sa·

129 4861 173 4918 liter
183 4871 278 4943 absque
287 4870 451 4926 descrimine
462 4867 539 4938 sequi
552 4867 665 4921 debeam
681 4864 842 4936 regularem
853 4879 897 4919 ve·
946 4889 1009 4929 cros
1024 4890 1142 4930 canones
1155 4873 1305 4945 usurpavit,
1323 4874 1356 4927 Et
1370 4872 1477 4925 domurn
1494 4870 1543 4925 sub
1561 4885 1631 4942 papa
1647 4866 1746 4941 Sergio

128 4958 198 5024 mm»
211 4976 321 5032 ‘fumum
335 4975 369 5014 ΘΧ
384 4956 558 5027 d⁰l⁰g³¹l0¹¹⁰
574 4954 647 5009 sedis
673 4952 831 5024 ῑψθὸῑθῙῑθὶὈ
851 4952 896 5005 ῑῐῑ·
947 4962 1059 5016 Romam
1074 4963 1197 5025 veniens,
1213 4962 1249 5016 ab
1262 4976 1304 5025 eo,
1331 4966 1360 5014 ut
1383 4960 1525 5014 damnatus
1548 4959 1575 5012 iu
1599 4958 1668 5013 laica
1681 4963 1741 5010 tan·

128 5046 198 5107 teresi,
213 5048 405 5113 dlffissiliffltem,
422 5061 471 5116 1³0¹*
486 5045 605 5115 ipsarum
620 5042 776 5113 tegularum
799 5038 896 5094 immi·
947 5059 1002 5105 tum
1017 5050 1207 5106 communione
1223 5054 1354 5113 maneret,
1370 5047 1490 5102 districta
1518 5046 1660 5111 sententia,
1676 5043 1745 5099 sient

126 5132 166 5180 itm
177 5131 269 5205 liquido
290 5149 459 5206 cognoscere
469 5132 593 5187 valeam.
620 5130 661 5184 td
684 5131 736 5184 hoc
759 5128 831 5184 enim
854 5126 897 5182 vel
948 5143 973 5189 et
988 5142 1063 5205 gesta
1074 5134 1158 5206 ipsius
1175 5148 1252 5203 papae
1268 5132 1463 5195 demonstrant,
1480 5131 1674 5185 condemnatus
1685 5124 1745 5181 fuit.

128 5219 218 5278 maximo
230 5226 263 5279 ad
273 5223 409 5295 synodum
422 5220 496 5276 venit
510 5221 668 5291 episcopus
686 5225 714 5272 ut
730 5224 775 5272 aul
797 5215 895 5281 distat,
948 5223 1075 5293 Quicum
1090 5219 1248 5290 metropolis
1263 5219 1437 5286 llhemorum,
1454 5219 1480 5272 in
1496 5232 1550 5289 qua
1564 5215 1651 5271 fuerat
1666 5212 1744 5270 ordi·

126 5311 160 5355 ³1¹¹
172 5307 266 5377 doceat,
277 5320 323 5367 ant
338 5310 500 5382 corrigatur,
510 5317 555 5363 aut
566 5308 695 5379 corrigat.
706 5307 740 5360 Et
750 5303 898 5360 Coelestino
947 5315 1034 5371 natus,
1046 5322 1095 5375 por
1109 5303 1269 5359 decennium
1285 5310 1344 5373 post
1354 5301 1551 5372 depositionem
1563 5299 1621 5368 ejus
1636 5305 1746 5369 pastore

126 5389 210 5453 dicente
220 5402 338 5468 (bearet.
360 5402 405 5466 20,
427 5397 564 5471 episeopis
586 5412 636 5468 per
659 5395 802 5467 Apuliam,
818 5392 896 5462 etc).
949 5401 1068 5457 vacaret,
1085 5392 1169 5446 sedet
1183 5408 1269 5463 usque
1285 5391 1319 5445 ad
1344 5390 1486 5446 terminum
1510 5387 1572 5442 vitae
1591 5402 1657 5454 suae,
1684 5401 1745 5442 curn

126 5487 150 5532 ut
163 5485 218 5541 nulli
229 5487 361 5544 sacerdoti
375 5502 440 5541 suos
454 5486 535 5541 liceat
549 5498 670 5540 canones
684 5481 822 5549 ignorare,
848 5495 898 5535 nee
949 5482 1003 5536 fere
1018 5481 1112 5536 decern
1126 5488 1152 5533 et
1171 5488 1276 5550 septem
1288 5478 1365 5534 anuis
1381 5484 1441 5549 post
1453 5475 1656 5532 damnationem
1670 5489 1746 5530 suam
