3794 6104
864 238 1012 293 JOANNIS
1040 239 1136 295 PAPAE
1166 243 1234 296 fol.

502 362 674 418 cuxxxht.

376 482 412 523 aa
432 482 540 522 casana
559 482 805 524 urnrouaxausnu.

497 568 588 640 (Anno
607 569 681 639 879.)

193 678 327 750 Proecipit
342 679 374 731 ai
389 677 495 748 quoties
506 677 649 747 episcopas
663 676 817 729 Ticiaeasis
835 690 879 730 eos
894 675 930 729 ad
947 690 991 744 sy-

377 744 481 802 nodum
493 747 640 810 vocaverit,
655 746 801 800 accedant.

228 852 361 910 Omnibus
383 851 562 907 sanctissimis
585 860 612 906 et
635 850 872 907 reverendissimis
886 849 991 904 confra-

192 941 280 996 tribus
301 948 327 995 et
350 939 531 1010 coepiscopis,
555 947 609 994 tam
636 937 830 994 Mediolanensi
859 937 992 1006 archiepi-

193 1045 277 1099 scopo
291 1044 353 1085 cum
368 1028 426 1082 suis
440 1025 631 1099 suffraganeis,
643 1041 725 1098 quam
740 1026 889 1081 Ravennati
898 1024 992 1079 nihilo

194 1119 282 1172 minus
297 1133 359 1172 eum
374 1113 556 1188 suffraganeis
573 1114 639 1168 suis.

1360 366 1517 421 CLXXXV.

1291 449 1326 489 aa
1346 450 1439 490 oveas
1458 450 1584 491 aramus.

1359 510 1437 561 harno
1457 510 1518 561 879.

1041 593 1172 664 Praecipit
1192 609 1229 649 aa
1244 509 1383 666 quispirim
1402 509 1574 651 raonestZrio
1592 597 1691 651 sancti
1710 597 1838 668 Auqeaiii

1209 683 1359 754 quidquam
1374 685 1539 740 detrimenti
1553 685 1669 756 afferat.

1077 761 1209 817 Omnibus
1224 763 1349 819 fidelibus
1363 766 1504 821 Ecclesiae.

1077 851 1291 907 Sollicitudinem
1316 854 1435 908 omnium
1456 855 1644 909 Ecclesiarum
1662 856 1721 909 'uos
1743 855 1837 911 habere

1041 948 1158 1010 oportet,
1175 949 1201 994 et
1216 941 1386 1013 singulorum
1401 959 1497 998 causas
1511 944 1645 1015 aequitatis
1654 943 1761 1012 judicio
1774 944 1836 998 alle-

1041 1044 1125 1093 vare3
1141 1038 1314 1099 quapropter,
1330 1046 1391 1086 cum
1406 1032 1441 1085 de
1459 1031 1586 1086 omnibus
1606 1047 1692 1103 agere
1716 1033 1776 1087 haec
1797 1047 1836 1086 ea·

1041 1117 1103 1171 dem
1125 1117 1259 1183 convenit,
1285 1118 1455 1189 praecipimus
1476 1128 1556 1190 atque
1576 1119 1709 1189 presenti
1734 1119 1837 1175 decreta

227 1205 363 1276 Scriptum
378 1204 477 1259 etenim
492 1212 532 1258 est
544 1220 550 1256 ι
562 1205 635 1258 Deus
645 1204 692 1275 qai
702 1202 920 1273 qlcrificatarin
930 1218 993 1257 con·
1041 1206 1180 1260 sancimus
1194 1215 1224 1259 ut
1237 1207 1271 1259 de
1286 1207 1394 1260 abbatia
1410 1206 1495 1261 sancti
1517 1207 1656 1279 augentii,
1674 1223 1760 1277 quam
1774 1208 1837 1262 dive

193 1295 257 1351 silio
272 1297 436 1349 sanctorem
447 1292 534 1362 (Pani.
548 1296 689 1359 cxxxviii)
700 1309 706 1354 ;
717 1299 742 1344 et
752 1289 913 1362 iueranglio
926 1307 932 1342 z
945 1289 992 1346 {stt
1041 1293 1180 1348 memoriae
1199 1294 1312 1348 Carolus
1331 1295 1478 1364 imperator
1501 1295 1573 1349 fideli
1589 1310 1640 1349 suo
1664 1304 1694 1350 et
1717 1294 1774 1350 lilio
1792 1296 1837 1351 Ec·

193 1379 992 1452 duoaeftresconqreqeiifacriatirraominemco,inme-
1040 1381 1132 1436 clesiae
1151 1391 1248 1436 nostrae
1262 1391 1324 1437 ante
1344 1383 1406 1449 jure
1430 1381 1603 1437 beneficiario
1627 1383 1733 1447 tribuit,
1755 1384 1838 1438 nullus

194 1471 239 1526 dio
254 1484 351 1525 eoram
368 1484 432 1522 sum
456 1467 565 1537 (uacca.
579 1468 636 1533 xr);
653 1465 755 1520 etitem
772 1466 820 1520 :Si
829 1468 921 1535 frater
931 1468 991 1536 sra-
1041 1469 1075 1523 de
1090 1469 1155 1539 ipsis
1171 1471 1253 1523 rebus
1268 1471 1371 1541 aliquid
1381 1471 1478 1538 injuste
1491 1470 1600 1525 auferre
1610 1480 1763 1541 praesumat
1774 1489 1781 1535 ;
1793 1487 1837 1527 nec

193 1561 266 1613 irem
283 1556 433 1628 adjuverit,
452 1554 530 1610 ambo
546 1554 766 1611 consotabuntur
789 1554 880 1623 (Pron.
898 1553 989 1623 xvm).
1040 1557 1170 1626 praedicto
1187 1559 1325 1629 episeopo,
1342 1567 1368 1613 et
1390 1559 1531 1613 monachis
1552 1559 1707 1628 ipsiusloci
1725 1559 1836 1630 aliquam

193 1645 242 1700 llis
268 1643 473 1700 auctoritatibus
502 1641 570 1705 fulti,
609 1650 706 1697 restra
742 1641 861 1695 omnium
895 1641 991 1696 saneti·
1041 1644 1069 1699 in
1092 1646 1268 1701 distrahendo
1291 1646 1381 1702 illicite
1403 1647 1505 1702 inferre
1526 1647 1693 1703 molestiam.
1718 1646 1836 1716 Quodsi

193 1733 241 1789 tati
267 1731 439 1800 mandamus,
460 1739 485 1785 et
508 1729 658 1800 apostoliea
681 1731 838 1785 auctoritate
852 1729 990 1798 jubemus,
1004 1707 1030 1769 Β
1042 1734 1103 1805 quis
1118 1735 1217 1790 abhinc
1231 1751 1313 1806 agere
1327 1736 1541 1806 presumpserit,
1558 1743 1705 1805 separetur
1727 1751 1744 1790 a
1766 1750 1836 1791 conr·

195 1829 224 1876 ut
254 1819 360 1893 quoties
388 1835 437 1874 uos
472 1817 608 1874 confrater
634 1826 658 1873 et
693 1818 872 1888 coepiscopus
900 1825 993 1871 noster
1040 1823 1169 1877 munione
1199 1823 1320 1877 fidelium
1348 1823 1478 1878 Ecclesiae
1498 1824 1596 1894 :quod
1618 1824 1641 1879 si
1672 1824 1836 1894 pertinaciter

193 1909 313 1964 ioannes
340 1906 501 1975 Ticinensis,
532 1915 558 1961 et
594 1915 655 1978 post
690 1922 751 1960 aum
780 1905 820 1958 sui
848 1920 992 1960 successo·
1041 1911 1200 1980 perstiterit,
1218 1911 1405 1966 etemendare
1421 1911 1547 1977 uoluerit,
1561 1911 1833 1981 judiciosanctiSpi·

194 2015 249 2065 res,
264 2006 424 2067 vestrosque
439 1994 606 2062 vocaverint,
624 2010 674 2064 pro
698 1993 901 2066 emergentibus
914 2010 991 2064 quae-
1042 1998 1109 2052 ritus
1123 1998 1301 2053 anathematis
1315 1999 1423 2053 vinculo
1438 1999 1560 2054 feriatur.
1576 1999 1647 2053 Data
1666 2002 1700 2054 ai
1710 2015 1803 2071 supra.

192 2086 325 2143 stionibus
353 2084 521 2149 eximendis,
551 2091 679 2138 continuo
707 2082 786 2137 beato
814 2082 894 2136 Petro
922 2097 991 2152 apo-

194 2175 267 2231 stolo
280 2173 463 2229 obedientiam
478 2171 647 2236 extimentes,
672 2170 752 2225 simul
775 2171 922 2225 convenire
936 2184 991 2224 non

196 2261 326 2318 differatis
358 2279 364 2314 :
392 2268 543 2332 quatenus,
572 2259 761 2328 Redemptoris
791 2258 877 2312 nostri
906 2259 992 2328 gratia

193 2349 327 2407 discussis
340 2348 567 2416 animositatibus,
583 2347 708 2418 vitiisque
718 2347 851 2418 purgatis,
868 2345 895 2398 in
919 2354 992 2399 tran·

192 2438 322 2511 quillitate
336 2436 412 2509 pacis
426 2436 551 2492 Ecclesia
566 2436 718 2500 constituta,
737 2432 903 2506 glorificetur
919 2435 992 2488 Deus

192 2527 347 2600 pertesum
361 2525 497 2581 Christum
512 2524 656 2580 Dominum
671 2521 990 2578 nostrum.Saeerdotum

193 2615 401 2685 Levitarumque
412 2613 526 2683 judicia,
543 2611 759 2683 quandocunque
775 2625 888 2664 necesse
900 2609 989 2673 fuerit,

191 2720 253 2762 cum
267 2703 397 2775 praedicto
407 2702 546 2773 episeopo,
559 2709 687 2770 tanquam
696 2699 800 2770 proprii
811 2698 932 2768 episcopi
943 2699 991 2752 de·

189 2793 301 2856 cernite,
317 2807 350 2846 ac
363 2788 486 2854 ditlmite,
501 2788 564 2843 freti
586 2796 678 2843 nostra
698 2786 861 2842 omnimodis
877 2794 989 2855 aposto-

186 2880 239 2937 lica
249 2877 419 2945 auctoritate,
431 2877 495 2948 quia
504 2890 589 2931 onera
604 2883 696 2930 nostra
709 2874 850 2929 vobiscum
867 2874 986 2942 partien-

185 2968 223 3025 do
237 2966 341 3037 reliqua
355 2964 521 3020 tolerabilius
544 2961 658 3018 sufferre
671 2961 830 3018 valebimus.
853 2960 987 3030 Optamus

189 3055 357 3113 mactitatem
372 3061 490 3108 vestram
503 3052 532 3106 in
547 3050 655 3108 Christo
670 3050 739 3105 baua
753 3049 855 3105 valere.
874 3049 944 3104 Data
956 3053 988 3104 at
1003 3056 1027 3121 (ζ

189 3159 286 3216 supra.

498 3257 669 3313 ccxxxiv.

308 3379 344 3419 hu
363 3377 494 3420 tosuusstt
512 3379 669 3419 EPISCOPU!
687 3377 869 3418 TlClNENSEH.

499 3472 588 3539 (anno
609 3469 683 3539 ero.)
757 3541 761 3556 ι

194 3591 331 3662 Raptoraa
356 3586 456 3644 acoris
472 3585 622 3656 eujusdam
642 3585 783 3656 ftnqiherti
798 3583 997 3640 recommuni-

512 3671 573 3725 cari
606 3670 697 3740 jabet.

223 3787 462 3845 Reverendissimo
487 3793 514 3841 et
544 3785 718 3840 sanctissimo
746 3783 876 3839 confratri
899 3790 994 3838 nostro

189 3878 295 3932 tonum
309 3873 460 3930 venerabili
477 3872 607 3942 episcopo
621 3871 769 3927 Ticinensi.

225 3963 349 4034 Denique
371 3961 536 4031 flagibertus
561 3960 669 4031 quidam
692 3960 811 4026 nomine,
832 3958 918 4013 iudex
943 3973 993 4013 co-

190 4059 349 4124 gnomento,
364 4063 458 4122 coram
476 4048 555 4102 nobis
579 4047 692 4102 veniens
717 4055 829 4119 questus
854 4055 994 4115 estsuper
1058 4092 1064 4103 .
1098 4091 1103 4101 .

193 4137 363 4202 Gotfredum,
379 4135 463 4191 filium
479 4134 590 4191 ioannis
603 4135 709 4190 comitis
720 4134 821 4206 palatii,
835 4143 861 4188 et
871 4135 993 4188 lserber-

193 4237 250 4284 tum
274 4226 476 4294 subdiaconem,
493 4233 573 4297 atque
598 4223 773 4278 Heribaldum
793 4223 938 4285 notarium,
959 4220 993 4274 fi-

192 4317 258 4375 lium
274 4315 423 4381 Garibaldi,
442 4330 475 4369 eo
490 4313 563 4386 quod
578 4312 704 4384 legaliter
714 4312 766 4367 sibi
777 4310 824 4366 tilii
834 4312 874 4366 sui
883 4319 993 4380 nuptam
1075 4356 1079 4365 .

194 4403 354 4461 Gausildam
369 4401 479 4458 nomine
494 4409 587 4456 contra
603 4416 738 4456 canonum
755 4409 780 4454 et
794 4400 884 4470 legum
900 4405 992 4453 aucto·
1007 4406 1034 4469 Ι)

196 4493 314 4555 ritatem,
330 4507 380 4561 per
396 4490 448 4544 vim
463 4497 490 4544 et
503 4505 553 4559 per
567 4488 677 4543 forciam
693 4488 872 4553 abstulerunt,
889 4487 993 4542 calcato

195 4581 243 4636 illo
257 4588 395 4652 praecepto
402 4593 456 4649 quo
463 4578 595 4632 Dominus
605 4576 654 4630 ait:
666 4575 742 4642 Quod
750 4578 822 4631 lteae
828 4592 878 4631 corr
877 4575 991 4646 junxit,

198 4667 278 4727 homo
292 4684 350 4724 noa
365 4670 477 4740 separet
492 4666 601 4733 tffctth.
618 4670 690 4733 rra).
700 4662 872 4735 Quapropter
886 4670 995 4732 aposto·
1045 4705 1051 4716 .

198 4755 252 4813 lica
266 4754 452 4811 adhortatione
468 4753 554 4811 zelum
570 4753 608 4807 tui
629 4753 773 4807 sacerdotii
796 4753 831 4807 ad
852 4753 996 4806 hortamen

200 4843 319 4902 charitas
334 4843 384 4899 Dei
398 4842 539 4911 accendat,
556 4848 581 4895 et
605 4841 683 4913 quasi
706 4840 770 4894 tuba
790 4840 878 4895 exalta
901 4853 997 4894 vocem

146 4918 150 4925 ¹
201 4942 285 4999 tuam,
302 4941 328 4987 et
349 4930 449 5004 iniquis
469 4929 639 5001 iniquitatem
659 4945 736 4983 suam
760 4928 919 4983 annuntiare
942 4942 998 4981 non

202 5035 305 5089 cesses,
322 5035 356 5075 ne
371 5018 483 5092 sanguis
496 5034 589 5074 eorum
604 5019 638 5072 de
663 5017 788 5071 manibus
808 5017 860 5070 tuis
876 5014 998 5085 requira-

203 5119 256 5167 tur.
283 5105 484 5179 Praedietosque
508 5116 725 5179 transgressores
748 5105 821 5159 omni
850 5103 1000 5159 Christiana

1352 2104 1522 2159 CLXXXVl.

1073 2190 1108 2229 AD
1128 2190 1277 2230 EPISCOPOS
1296 2190 1326 2229 tx
1346 2190 1438 2312 lffifih'o
1456 2189 1588 2313 ἔξξίῖῊῦΙ
1608 2189 1806 2231 CONSTITOTOS.

1387 2261 1440 2299 nno
1511 2286 1517 2300 .

1041 2335 1176 2389 describit
1185 2332 1219 2387 dc
1230 2334 1410 2404 indulqentia
1422 2350 1518 2388 eorum
1531 2336 1580 2405 qai
1595 2338 1702 2393 contra
1720 2349 1833 2406 paqaacr

1252 2426 1412 2493 paqaantes
1427 2422 1626 2477 occubuerant.

1077 2510 1209 2564 Omnibus
1226 2509 1460 2564 reverendissimis
1483 2517 1510 2563 et
1530 2509 1716 2565 sanctissimis
1730 2524 1833 2563 venera·

1040 2593 1140 2647 bilibus
1154 2593 1323 2663 coepiscopis
1338 2610 1388 2664 per
1403 2601 1487 2648 totum
1502 2609 1619 2666 regnum
1629 2593 1786 2649 charissimi
1795 2592 1834 2647 filii

1040 2683 1093 2735 mei
1109 2681 1248 2736 Ludovici.

1076 2769 1145 2837 Quia
1161 2770 1316 2824 veneranda
1332 2768 1484 2824 fraternitas
1497 2777 1590 2824 vestra
1614 2770 1744 2824 modesta
1758 2770 1834 2823 inter·

1040 2858 1182 2930 rogatione
1196 2855 1340 2913 sciscitans
1354 2859 1478 2930 quesivit
1492 2869 1582 2911 utrum
1599 2858 1627 2912 hi
1637 2859 1686 2930 qui
1695 2874 1746 2929 pro
1755 2857 1835 2913 defen

1040 2946 1115 3000 sione
1133 2954 1234 3000 sanctae
1249 2945 1297 3000 bei
1312 2945 1444 3001 Ecclesia
1462 2953 1489 3000 et
1512 2961 1561 3016 pro
1586 2953 1659 3000 statu
1686 2945 1835 3000 Christiane

1039 3034 1181 3106 religionis
1196 3032 1392 3104 acreipublicae
1402 3033 1428 3086 in
1438 3033 1834 3103 bellonuperceciderunt,aut

1043 3123 1077 3176 de
1094 3122 1199 3192 reliquo
1215 3138 1263 3191 pro
1280 3137 1311 3175 aa
1327 3121 1459 3176 recasuri
1476 3130 1547 3182 sunt,
1565 3121 1767 3194 indulgentiam
1780 3135 1837 3191 pos·
1870 3153 1872 3157 >

1043 3210 1096 3265 sint
1111 3209 1240 3281 consequi
1256 3208 1429 3274 delictorum,
1445 3209 1576 3263 audenter
1589 3208 1691 3264 Christi
1701 3209 1754 3264 Dei
1763 3205 1838 3263 nostri

1042 3298 1142 3368 pietate
1167 3297 1365 3369 respondemus
1389 3297 1518 3368 quoniam
1541 3295 1580 3349 illi
1604 3296 1732 3368 quicum
1748 3296 1836 3367 pietate

1042 3386 1183 3441 catholicae
1198 3385 1339 3458 religionis
1355 3385 1382 3439 in
1405 3384 1469 3439 belli
1491 3383 1644 3440 certamine
1668 3385 1780 3453 cadunt,
1799 3399 1836 3438 re·

1043 3475 1121 3547 quies
1137 3491 1184 3529 eos
1198 3483 1306 3528 sternae
1321 3474 1382 3528 vitae
1398 3472 1535 3545 suscipiet,
1551 3481 1649 3528 eontra
1664 3488 1789 3545 paganos
1803 3479 1835 3525 at·

1043 3578 1096 3635 que
1111 3560 1235 3616 infideles
1250 3570 1358 3616 strenue
1373 3561 1543 3630 dimicantes,
1566 3576 1600 3616 eo
1622 3544 1700 3633 quod
1716 3560 1836 3617 Dominus

1042 3666 1091 3721 per
1106 3651 1265 3721 prophetam
1280 3649 1406 3722 dignatus
1429 3657 1471 3704 est
1491 3649 1583 3704 dicere
1600 3667 1607 3701 z
1624 3650 1764 3706 Peccator
1776 3664 1834 3721 qua·

1043 3755 1152 3812 cunque
1168 3740 1237 3794 hora
1252 3754 1404 3794 conuersus
1413 3737 1835 3810 faerit,omniumiaiqaitatan

1042 3827 1124 3882 illias
1133 3825 1609 3897 aonrecordaboremptiasfflacch.
1625 3826 1720 3897 t8)‚et
1732 3837 1835 3880 venera·

1043 3915 1105 3969 bilis
1115 3915 1159 3970 ille
1171 3915 1239 3969 latro
1252 3914 1279 3968 in
1294 3930 1348 3969 una
1363 3913 1544 3969 confessionis
1554 3928 1623 3969 voce
1635 3912 1672 3968 de
1692 3928 1773 3970 cruce
1786 3925 1834 3967 me·

1044 4003 1094 4058 ruit
1110 4002 1266 4075 paradisum
1281 4003 1617 4072 (Lucmxrhhifanaases
1627 4017 1751 4074 quoque,
1762 4001 1834 4071 impu·

1044 4107 1167 4146 rrssrmus
1181 4090 1315 4163 quondam
1331 4106 1389 4157 res,
1406 4099 1502 4161 captus
1516 4088 1679 4160 carcerique
1693 4088 1834 4146 arctissimo

1043 4179 1182 4250 religatus,
1209 4179 1246 4232 ibi
1268 4177 1454 4249 paenitentiam
1476 4193 1571 4251 agens,
1595 4193 1661 4232 cum
1681 4176 1834 4249 perfectione

1044 4266 1227 4337 indulgentia»,
1253 4266 1334 4320 etiam
1357 4265 1434 4338 regni
1458 4265 1574 4336 pristini,
1599 4274 1716 4336 propter
1742 4261 1835 4320 Domini

1046 4355 1269 4416 misericordiam,
1284 4354 1345 4424 quia
1360 4354 1492 4408 immensa
1507 4361 1548 4408 est
1561 4353 1636 4409 circa
1650 4369 1740 4425 genus
1758 4353 1834 4407 huma

1046 4461 1129 4505 mum,
1143 4445 1257 4513 adeptus
1266 4443 1410 4497 estsolium
1419 4440 1457 4505 (ff
1465 4444 1531 4497 Par.
1543 4442 1834 4511 xnnrrr).Nostrapre·

1043 4529 1113 4584 fatos
1131 4530 1331 4594 mediocritate,
1348 4528 1543 4585 intercessione
1557 4528 1629 4583 beati
1640 4525 1831 4600 l’etriapostoli,

1046 4620 1123 4687 cujus
1138 4627 1257 4688 potestas
1273 4617 1376 4690 ligandi
1391 4626 1471 4688 atque
1488 4617 1612 4671 solvendi
1629 4624 1671 4671 est
1691 4618 1719 4670 in
1737 4615 1800 4672 coelo
1811 4614 1833 4666 el

1044 4723 1072 4761 ιιι
1089 4716 1171 4774 terra,
1186 4715 1315 4779 quantum
1342 4705 1381 4760 fas
1395 4714 1445 4768 est,
1470 4703 1640 4761 absolvimus
1663 4705 1831 4776 precibusque

1046 4795 1107 4850 illos
1122 4796 1237 4850 Domino
1251 4794 1485 4850 commendamus.
1503 4792 1636 4864 Optamus
1652 4792 1832 4848 fraternitatem

1048 4894 1163 4939 vestram
1178 4885 1205 4938 in
1221 4884 1328 4939 Christo
1343 4884 1413 4938 bene
1427 4882 1528 4937 valere.
1544 4882 1614 4936 Data
1632 4885 1665 4937 at
1680 4898 1774 4957 supra.

1355 4988 1538 5045 CLXXXVII.

1155 5076 1191 5115 ao
1210 5075 1360 5115 nrrraanuu
1379 5073 1532 5114 srrscornu
1551 5073 1743 5122 raxcrsnssu,

1361 5133 1451 5197 <huno
1466 5129 1541 5197 879.)

204 5196 394 5254 communione
413 5194 522 5267 privare
544 5210 598 5249 non
626 5193 850 5260 dilleras,donec
877 5190 1001 5261 legatiter
1052 5221 1219 5292 Episcopum
1247 5221 1295 5290 qm·
1317 5235 1382 5275 cum
1406 5219 1664 5274 excommunicatis
1693 5211 1829 5273 commi,

203 5284 349 5344 emendent
364 5284 437 5358 quod
454 5283 578 5355 nequiter
591 5291 750 5355 perpetrare
761 5282 821 5338 ausi
836 5289 907 5336 sunt.
921 5278 1002 5348 Quod

1123 5295 1213 5357 cerat,
1230 5291 1386 5346 missarum
1401 5291 1590 5346 celebratione
1597 5289 1739 5360 prohibet.

204 5372 227 5427 si
240 5381 266 5429 te
282 5372 377 5429 audire
392 5371 571 5446 neglexerint,
587 5379 720 5443 perpetuo
731 5386 778 5426 eos
788 5372 931 5428 anathema
941 5381 1003 5425 esse
1089 5379 1228 5436 wqmm
1243 5377 1391 5439 „uerebar
1414 5377 1544 5450 episeopo
1568 5385 1671 5441 mer„
1695 5367 1835 5432 vfflaieua's

205 5468 388 5526 decernimus.
409 5470 476 5525 Data
490 5473 523 5524 at
538 5485 636 5542 supra.

1054 5467 1195 5523 Ecclesia.
