3826 6098
160 241 213 298 533
515 239 635 299 OPUSC.
651 240 705 298 'ET
732 240 842 299 EPIST.
870 241 907 296 IN
932 239 1045 298 clusa
1067 241 1239 300 BINCMARI
1266 242 1420 302 LAUDUN.
1760 245 1812 303 tat

161 364 280 422 ecclesia
293 372 444 436 separatus,
461 366 623 438 usquedum
639 365 831 439 episcoporum
846 365 998 426 consilioA
1012 381 1164 439 congruum
1184 383 1240 423 uon
1262 369 1430 424 remandasti
1446 386 1453 425 :
1469 385 1566 426 verum
1586 384 1637 426 nec
1662 369 1770 442 quando
1784 376 1812 428 te

162 461 260 511 tractet
275 453 389 526 qualiter
402 454 460 524 ejus
475 455 614 526 provincia
629 456 789 527 corrigatur,
805 454 962 527 metropoli·
1013 471 1105 510 coram
1119 456 1229 512 domino
1243 465 1338 513 nostro
1352 474 1428 531 rege,
1447 466 1473 515 et
1488 459 1650 531 quibusdam
1666 457 1812 515 confratri·

162 551 224 598 tana
238 542 421 599 sollicitudine
436 550 555 600 vestram
565 559 727 602 commoneo
737 543 921 611 dilectionem,
934 551 963 598 ut
1013 543 1073 608 bus,
1099 552 1126 600 et
1149 545 1318 617 coepiscopis
1341 547 1442 603 uostris
1460 547 1551 604 verbis
1575 547 1698 620 Apostoli
1718 547 1813 606 monui

162 631 294 704 quoniam
308 631 375 686 illud
394 632 543 688 uelandum
562 633 700 689 vinculum
720 633 862 706 praeceptis
876 648 962 690 evan·
1013 632 1050 701 (ll
1066 633 1134 687 Tim.
1151 633 1172 704 ι)
1187 641 1215 688 ut
1230 650 1284 689 non
1307 634 1461 707 negligeres
1480 636 1595 708 gratiam
1609 635 1660 692 Dei
1673 651 1735 708 quae
1749 634 1812 692 data

160 719 257 794 gelicis
271 727 353 793 atque
366 721 522 793 apostolicis
531 722 733 789 eontrarium,et
757 722 873 780 decretis
902 737 962 778 sau·
1012 727 1054 774 est
1068 720 1116 775 tibi
1130 737 1181 792 per
1195 737 1324 778 manuum
1335 738 1455 779 mearum
1471 724 1683 796 impositionem,
1697 723 1764 781 mihi
1776 724 1812 780 ad

163 817 269 865 ctorum
284 809 440 875 adversum,
458 810 529 882 quod
543 811 618 866 visus
632 810 720 866 fuemt
735 811 874 883 alligasse,
892 811 961 867 sicut
1011 824 1068 862 rem
1090 809 1254 880 pertinentia
1276 812 1450 883 respondisti.
1468 813 1597 881 Cogitans
1617 821 1708 868 autem
1721 819 1813 869 matu·

156 898 215 967 jam
229 897 309 954 vobis
319 898 379 953 aliis
394 898 492 954 litteris
511 899 643 968 intimavi,
659 900 809 956 seeundum
824 900 960 956 tramitem
1011 896 1078 951 riori
1093 898 1207 954 consilio
1222 900 1285 955 inde
1304 899 1371 955 mihi
1385 902 1552 973 respondere
1568 908 1594 957 te
1607 901 1679 957 velle
1696 899 1813 972 qualiter

160 987 374 1058 Scripturarum,
398 986 623 1059 tmditionemque
644 989 780 1058 majorum
798 989 959 1045 auctoritate
1011 1001 1044 1040 ea
1063 985 1097 1041 de
1116 986 1214 1057 quibus
1237 995 1263 1042 te
1286 1003 1446 1044 monueram
1469 989 1622 1057 correxisti,
1648 1005 1711 1045 cum
1733 1004 1813 1046 secus

159 1075 233 1130 sedis
262 1075 478 1147 metropolitanae
510 1075 632 1132 noscitur
665 1076 826 1133 dissolutum
854 1077 958 1134 devotis
1010 1081 1083 1128 tuam
1101 1075 1270 1144 parochiam,
1287 1084 1313 1131 et
1328 1076 1354 1131 in
1370 1077 1508 1134 vicinitate
1526 1077 1574 1133 tihi
1594 1077 1748 1134 commissae
1761 1092 1810 1135 ec·

157 1171 262 1220 sauctae
283 1163 426 1236 religionis
450 1164 572 1220 excubiis
594 1165 741 1236 mancipati
763 1166 916 1221 orationum
932 1175 958 1223 et
1009 1161 1099 1217 clesiae
1121 1163 1238 1235 amplius
1266 1180 1346 1236 quam
1370 1166 1535 1234 perdecem
1565 1167 1624 1221 dies
1649 1166 1811 1222 immoratus

157 1267 247 1308 sacrae
261 1251 406 1308 oblationis
415 1269 446 1308 ac
460 1253 566 1310 caeteris
576 1252 675 1310 divinae
689 1253 847 1326 placationis
862 1256 957 1312 studiis
1008 1248 1120 1318 sueram,
1151 1250 1254 1305 nulium
1278 1253 1345 1306 mihi
1367 1252 1509 1308 reddidisti
1537 1270 1708 1326 responsum.
1729 1255 1810 1312 Nunc

156 1340 302 1415 invigilare
317 1341 428 1397 curetis.
1008 1354 1073 1394 vero
1089 1339 1152 1410 quia
1162 1339 1232 1394 sicut
1247 1340 1312 1394 mihi
1327 1340 1444 1396 domnus
1454 1358 1503 1396 rex
1518 1340 1615 1397 litteris
1630 1344 1686 1398 suis
1699 1343 1810 1398 manda·

192 1429 360 1502 Praepositus
380 1444 488 1503 quoque
502 1444 534 1486 ac
549 1430 669 1487 decanus
691 1429 802 1487 fratrum
826 1431 957 1487 custodiae
1007 1427 1055 1495 vit,
1072 1435 1098 1482 et
1113 1436 1139 1482 te
1154 1428 1264 1485 audisse
1277 1429 1333 1498 jam
1347 1430 1429 1485 credo
1444 1446 1493 1501 pro
1508 1431 1624 1487 utilitate
1639 1439 1739 1488 sauctae
1751 1433 1808 1488 ue·

155 1527 211 1573 tarn
226 1517 403 1589 inspirituali
417 1518 608 1586 sollicitudine,
625 1535 707 1591 quam
721 1520 748 1574 in
760 1519 902 1592 temporali
912 1520 957 1575 ad·
1008 1515 1107 1584 clesiae,
1123 1524 1150 1570 et
1164 1532 1232 1587 pace
1247 1517 1340 1589 populi
1356 1517 1500 1573 Christiani
1514 1534 1567 1573 una
1583 1535 1643 1575 cum
1658 1535 1690 1574 eo
1704 1519 1732 1574 iu
1743 1519 1807 1575 lou·

154 1605 353 1662 ministratione
373 1606 488 1663 solerter
507 1622 599 1663 curam
615 1607 777 1674 adhibeaut;
798 1609 955 1664 Thesaura·
1006 1605 1097 1678 giores
1111 1613 1203 1676 partes
1218 1621 1234 1660 a
1248 1604 1382 1676 parochiis
1402 1607 1504 1662 nostris
1518 1622 1674 1679 pergemus,
1691 1622 1740 1678 pro
1754 1605 1811 1664 loci

153 1694 211 1749 rius
225 1694 261 1751 de
275 1693 453 1750 luminaribus
465 1702 492 1751 et
506 1694 541 1751 de
561 1695 622 1751 aliis
636 1696 773 1761 omuibus,
788 1712 848 1768 quae
861 1697 896 1753 ad
910 1712 955 1753 ec·
970 1694 1060 1779 Bmei
1075 1692 1256 1750 sollicitudine
1270 1710 1444 1751 commonere
1452 1703 1479 1750 te
1487 1694 1600 1768 dignum
1611 1694 1685 1761 duxi,
1700 1700 1730 1749 ut
1740 1701 1830 1752 elea..

153 1782 247 1839 clesiae
260 1783 440 1850 honestatem,
456 1783 609 1852 utilitatem,
625 1793 705 1857 atque
721 1784 908 1853 salvationem,
927 1793 954 1841 et
1009 1783 1043 1837 de
1059 1782 1158 1853 quibus
1173 1782 1221 1837 tibi
1236 1783 1411 1855 scripseram,
1427 1791 1453 1839 et
1467 1783 1490 1838 si
1506 1799 1559 1855 qua
1573 1791 1635 1838 sunt
1649 1783 1704 1839 alia
1717 1783 1746 1838 in
1759 1798 1808 1856 pa·

153 1870 188 1926 sd
204 1887 284 1927 suurn
297 1871 478 1927 ministerium
491 1873 636 1944 pertinent,
653 1873 850 1946 providentiam
865 1881 951 1946 gerat.
1003 1871 1097 1927 rochia
1111 1878 1156 1925 tua
1169 1886 1286 1944 pergere
1299 1879 1385 1944 gesta,
1410 1870 1514 1944 regulis
1528 1871 1614 1928 saeris
1634 1870 1806 1928 concordans

153 1959 389 2031 archipresbyteri
409 1968 500 2016 autem
524 1962 604 2018 totuis
627 1962 771 2034 parochiae,
787 1977 820 2018 ac
835 1962 953 2034 presby·
1004 1959 1124 2015 debitam
1139 1959 1352 2017 satisfactionem
1376 1959 1516 2030 exhibere,
1531 1968 1611 2032 atque
1625 1960 1659 2016 ad
1670 1960 1805 2016 tramitem

150 2054 275 2104 terarum
289 2048 342 2104 sibi
356 2049 565 2106 commissorum
587 2049 755 2124 diligentiam
779 2067 952 2124 summopere
1003 2049 1061 2104 Deo
1079 2048 1209 2119 placitum
1233 2048 1311 2104 stude
1327 2048 1466 2104 reducere.
1493 2047 1633 2116 Quatenus
1652 2047 1805 2104 inordinata

149 2136 282 2206 habeant,
308 2144 335 2193 et
357 2145 479 2194 rectores
506 2153 538 2194 ac
568 2140 697 2196 rectrices
726 2141 954 2196 monasteriorum
1004 2152 1119 2209 quaeque
1134 2135 1163 2191 in
1177 2147 1210 2192 ea
1224 2152 1279 2192 non
1294 2144 1462 2203 remaneant,
1479 2143 1505 2192 et
1520 2136 1631 2208 nequid
1644 2143 1739 2192 contra
1749 2134 1806 2191 dis·

148 2225 238 2296 ipsius
252 2226 393 2297 parochias
406 2226 503 2284 sedulo
517 2235 655 2296 moneant,
671 2235 804 2301 quatenus
819 2237 845 2285 et
858 2229 885 2285 iu
902 2229 954 2300 spi·
1004 2225 1131 2296 cipliuam
1169 2224 1380 2280 ecclesiasticam
1414 2224 1448 2280 de
1475 2233 1574 2281 caetero
1610 2224 1712 2279 ibidem
1746 2221 1802 2292 liat,

147 2312 297 2369 ritualibus
324 2321 351 2371 et
378 2314 406 2371 iu
434 2315 628 2386 temporalibus
660 2317 952 2373 subministrationibus
1003 2312 1101 2385 quibus
1130 2311 1248 2368 valueris
1271 2312 1361 2368 modis
1391 2320 1516 2384 satagere
1545 2329 1610 2369 cura
1633 2330 1640 2368 :
1661 2310 1804 2368 attendens

147 2401 310 2458 necessaria
332 2403 385 2458 sibi
414 2404 567 2460 commissis
593 2404 746 2462 exhibeant.
777 2405 952 2477 Presbyteros
1003 2399 1803 2473 quodnosomnesmonetdpostolus3iactatiainquieus,

146 2505 218 2546 vero
232 2491 344 2549 assidue
359 2493 500 2549 decertare
520 2495 663 2549 hortentur
677 2502 703 2550 et
718 2494 829 2560 iaciant,
846 2502 875 2549 ut
887 2493 954 2567 vigi·
1002 2507 1048 2547 vos
1056 2506 1114 2548 non
1120 2491 1313 2563 apprehendat
1322 2491 1381 2546 nisi
1392 2491 1517 2546 bumana
1532 2489 1570 2562 (ll
1580 2490 1640 2547 Cor.
1652 2487 1685 2560 x)
1696 2490 1805 2544 :burna-
1837 2560 1846 2583 ι

145 2579 207 2635 lare
222 2595 308 2651 super
321 2597 422 2654 greges
440 2580 491 2637 sibi
506 2583 667 2638 commissos
682 2598 736 2638 non
750 2583 902 2655 negligant,
917 2600 952 2638 ue
1002 2595 1067 2634 uum
1083 2580 1182 2650 quippe
1199 2586 1240 2633 est
1254 2579 1362 2643 tentari,
1379 2579 1429 2633 sed
1443 2577 1621 2634 daemonicum
1637 2584 1679 2633 est
1693 2592 1709 2631 a
1723 2582 1806 2632 teuta·

146 2667 183 2723 ab
199 2667 241 2723 eis
255 2667 358 2741 flagitia
368 2676 569 2740 perpetrentur,
590 2669 634 2726 vel
649 2679 801 2742 perpetrata
815 2671 874 2727 sinc
888 2687 951 2727 cor·
1002 2668 1075 2722 tione
1086 2666 1218 2738 superari,
1227 2673 1254 2721 et
1264 2666 1299 2721 ad
1309 2666 1485 2722 correctionis
1491 2665 1699 2721 satisfactionem
1706 2664 1806 2736 pedem
1832 2697 1834 2703 ν

144 2757 274 2813 rectione
299 2757 482 2814 ecclesiastica
505 2774 560 2815 non
590 2768 755 2815 remaneant.
781 2761 822 2816 Ne
846 2760 953 2832 parvuli
1003 2756 1092 2826 operis
1104 2771 1158 2811 uon
1174 2769 1313 2810 revocare.
1325 2754 1412 2826 lgitur
1423 2755 1499 2824 juxta
1513 2754 1634 2823 ejusdem
1649 2753 1722 2809 beati
1732 2754 1806 2824 Apo-

146 2845 209 2901 siue
224 2846 443 2917 regenerationis
462 2856 631 2904 sacramento
655 2849 820 2905 moriantur,
840 2849 881 2906 Ne
893 2849 952 2904 sani
1003 2843 1065 2899 stoli
1096 2842 1206 2909 monita,
1228 2844 1351 2899 sollicite
1392 2860 1461 2899 cora
1486 2845 1609 2916 teipsam
1638 2842 1809 2914 probabilem

142 2933 274 2989 homines
288 2934 392 3008 absque
405 2936 598 3007 predicatione
613 2945 640 2994 et
653 2937 840 2994 ecclesiastico
854 2938 951 2993 minis·
1001 2933 1133 2988 extitere
1160 2935 1214 2988 lico
1263 2933 1423 3004 operarium
1455 2933 1696 3004 inconfusibilem,
1730 2933 1806 2988 recte

143 3021 308 3079 renouant.
324 3024 366 3080 Ne
380 3023 480 3080 infirmi
499 3025 558 3081 siue
571 3025 730 3098 poenitentia
744 3035 771 3083 et
786 3025 950 3083 reconcilia·
1004 3024 1178 3077 tractantem
1208 3022 1321 3077 verbam
1336 3022 1465 3078 ueritatis
1483 3041 1492 3087 ,·
1510 3022 1606 3093 vigila,
1630 3022 1662 3077 in
1675 3018 1805 3076 omnibus

141 3112 232 3181 tione,
250 3126 284 3168 ac
297 3112 385 3169 sancti
403 3113 456 3171 olei
467 3114 594 3171 unctione
609 3122 636 3170 et
659 3115 758 3171 viatico
778 3131 892 3171 munere
915 3114 950 3171 de
1003 3111 1109 3176 labora,
1132 3126 1200 3182 opus
1220 3112 1267 3181 sac
1287 3111 1476 3182 evangelistae,
1503 3110 1698 3166 ministeriam
1720 3113 1803 3164 taam
1851 3140 1854 3143 -

140 3202 200 3257 hoc
215 3200 318 3257 saeculo
332 3209 441 3258 exeant.
461 3203 503 3259 Ne
517 3203 618 3259 mortui
639 3203 789 3276 sepeliendi
809 3203 907 3272 officio,
924 3212 950 3260 et
1000 3201 1097 3271 imple,
1121 3203 1229 3254 sectare
1239 3201 1396 3271 justitiam,
1417 3200 1563 3270 pictatem,
1585 3198 1680 3266 fidam,
1703 3195 1800 3252 cbari-

139 3289 192 3361 pia
207 3289 442 3347 commendatione
459 3292 609 3347 secundum
623 3292 795 3348 traditionem
810 3291 951 3348 ecclesias·
1000 3291 1098 3354 tatem,
1119 3288 1299 3359 patientiam,
1317 3287 1587 3342 mansuetudinem:
1602 3289 1681 3342 carta
1696 3285 1800 3340 bonum

140 3378 232 3434 ticam
253 3378 428 3450 aliquomodo
458 3388 579 3436 careant.
604 3382 637 3436 Et
658 3395 754 3436 omnes
772 3388 825 3435 tam
848 3380 949 3436 subditi
999 3380 1144 3432 certamen
1163 3375 1241 3444 fidei:
1260 3375 1436 3448 apprehende
1451 3375 1540 3430 atam
1554 3374 1731 3430 aternomic
1745 3387 1800 3445 qao

138 3483 229 3540 quam
251 3467 355 3538 praelati
378 3468 557 3524 humilitatem
577 3468 695 3526 invicem
717 3469 895 3540 insinuantes,
922 3479 949 3526 et
999 3467 1114 3520 vocatos
1132 3480 1171 3531 es,
1191 3468 1220 3519 et
1243 3466 1387 3534 consessas
1405 3464 1506 3519 bonam
1532 3462 1739 3532 consessionem
1753 3477 1798 3518 co·

136 3572 194 3627 per
209 3555 371 3614 charitatem
391 3556 509 3615 invicem
528 3558 679 3614 servientes
699 3559 802 3629 praelati
826 3558 948 3615 subditos
999 3569 1064 3608 ram
1082 3553 1183 3608 multis
1204 3553 1321 3608 testibus
1346 3551 1503 3622 (ltlimu).
1528 3551 1595 3605 Data
1620 3550 1680 3605 Kal.
1697 3563 1717 3604 x
1731 3550 1799 3623 Sep-

135 3644 274 3718 diligant,
303 3651 330 3701 et
357 3645 442 3702 verbo
472 3655 553 3718 alque
581 3646 706 3718 exemplo
733 3647 878 3703 salubriter
903 3648 948 3703 iu·
998 3642 1082 3702 temb.
1098 3641 1242 3712 praesentis
1257 3641 1385 3696 secundae
1399 3638 1565 3696 indictionis,

134 3741 263 3803 struant,
279 3741 307 3791 et
320 3733 356 3790 ad
369 3734 441 3790 viam
463 3735 558 3790 salutis
579 3735 728 3792 erudiendo
742 3744 768 3791 et
782 3736 947 3810 corrigendo
1223 3758 1246 3812 E
1248 3757 1382 3813 1115ng
1396 3755 1568 3812 fflNcpqpffl

133 3822 269 3895 dirigant
284 3822 406 3878 :subditi
420 3823 541 3895 prelatis
558 3824 672 3881 siucerae
686 3824 838 3880 dilectionis
853 3833 880 3882 et
893 3826 946 3882 hu·
1306 3842 1342 3882 xo
1356 3841 1482 3883 nuunnu.

132 3911 267 3966 militatis
281 3909 380 3968 affectu
392 3912 421 3967 in
430 3913 547 3970 Domino
560 3913 673 3970 obedire
683 3922 841 3985 procurent,
858 3915 946 3972 douec
1032 3917 1196 3972 erauanus
1210 3916 1379 3971 Rhemorum
1397 3915 1542 3988 episcopus
1562 3916 1711 3972 llrncuxno
1726 3915 1798 3972 Lau·

131 4007 185 4055 aut
208 3997 341 4070 praetatus
363 3999 447 4056 trater
475 4009 576 4070 noster,
600 4011 694 4075 pastor
727 4002 829 4059 scilieet
856 4012 947 4060 vester
997 4004 1113 4060 dunensi
1127 4006 1266 4077 episcopo.

130 4094 271 4160 respectu
291 4087 394 4157 divino,
409 4097 436 4145 et
450 4089 627 4163 intelligentia
648 4091 779 4162 principis
802 4091 879 4148 vobis
899 4108 944 4147 re·
1032 4095 1071 4148 Ea
1087 4110 1147 4164 quae
1160 4093 1227 4148 mihi
1241 4093 1328 4164 pridie
1341 4110 1390 4166 per
1403 4108 1501 4150 manus
1516 4093 1673 4151 Wauilonis
1688 4108 1800 4150 venera-

130 4178 282 4243 stituatur,
311 4185 357 4232 aut
384 4178 498 4234 fratrum
522 4187 548 4234 et
572 4180 760 4251 episcoporum
790 4188 945 4236 nostrorum
995 4182 1058 4237 bilis
1072 4182 1271 4254 archiepiscopi
1286 4199 1319 4238 ex
1334 4183 1456 4255 epistolis
1471 4183 1629 4253 apostolicae
1644 4182 1718 4238 sedis
1729 4197 1798 4254 pou·

130 4265 313 4322 consiliose
334 4282 480 4331 consensu,
501 4276 580 4340 atque
608 4268 709 4322 salubri
730 4277 843 4324 tractatu
865 4269 944 4326 iuve-
995 4270 1096 4326 tiheum
1116 4271 1176 4325 aliis
1198 4271 1387 4340 pretermissis
1409 4272 1443 4327 de
1463 4271 1551 4327 sacris
1575 4270 1677 4341 regulis
1698 4270 1798 4342 quibua

129 4355 227 4420 niam,
243 4362 272 4410 et
295 4362 392 4414 vestrae
416 4357 443 4411 iu
465 4356 581 4412 Domino
601 4357 768 4411 unanimitati
789 4357 944 4413 renuntiem
995 4366 1088 4414 sancta
1102 4360 1258 4414 moderatur
1276 4358 1398 4414 Ecclesia
1419 4359 1578 4430 priusquam
1600 4357 1756 4414 formareris
1769 4358 1798 4413 iu

131 4443 263 4515 qualiter
282 4451 308 4498 et
321 4443 398 4499 vobis
418 4443 530 4499 decreto
550 4445 700 4500 secuudum
720 4459 813 4502 sacras
834 4446 946 4519 regulas
961 4436 1074 4503 Dutero
1088 4446 1161 4511 novi,
1174 4453 1201 4501 et
1211 4455 1356 4517 antequam
1367 4447 1456 4501 exires
1467 4447 1501 4501 de
1512 4446 1592 4502 vulva
1603 4446 1629 4501 iu
1641 4444 1797 4503 earumdem

130 4532 173 4587 sir
188 4531 344 4604 agendum.
364 4552 375 4582 r
995 4550 1063 4607 quas
1079 4535 1165 4589 habeo
1180 4533 1355 4605 epistolarum
1377 4535 1543 4608 integritate,
1560 4550 1625 4603 nou,
1641 4541 1670 4588 ut
1684 4533 1792 4605 dicitur,

995 4621 1795 4695 ususpessimopreceptoremeipso,acdeorumtraditioue

365 4680 525 4738 EJUSDEM
540 4681 712 4739 HINCMARI
902 4781 906 4789 .
995 4712 1040 4782 qui
1055 4711 1146 4784 gratia
1163 4711 1248 4767 sancti
1264 4711 1381 4781 Spiritus
1401 4711 1543 4767 illuminati
1558 4710 1795 4782 resplenduerunt,

319 4802 356 4843 ld
369 4803 535 4846 hildelidam!
551 4804 765 4846 ledddssdflssil·
995 4799 1116 4871 percepi,
1141 4799 1255 4871 qualiter
1282 4799 1351 4856 sicut
1373 4799 1447 4855 etin
1469 4798 1629 4854 authenticis
1652 4798 1796 4870 scripturis

173 4887 519 4943 Hrrscnranuslihemorum
532 4887 944 4960 episcopuerxcuxnodilecto
994 4889 1074 4959 plura
1094 4889 1277 4954 inveniuntur,
1304 4903 1366 4959 quae
1380 4903 1395 4942 a
1411 4887 1574 4958 quibusdam
1599 4886 1710 4943 dissona
1732 4902 1796 4945 ease

128 4972 222 5030 fratri
243 4981 272 5030 et
292 4974 442 5031 venerabili
456 4976 620 5047 coepiscopo
646 4985 740 5033 nostro
755 4977 879 5032 salutem.
994 4976 1128 5043 videntur,
1158 4977 1295 5032 contraria
1319 4975 1370 5030 sibi
1398 4976 1514 5031 invicem
1549 4991 1604 5032 uon
1632 4975 1794 5046 habeantur,

175 5063 256 5119 Sicut
269 5061 359 5119 oblata
371 5064 439 5119 mihi
453 5080 468 5118 a
483 5064 591 5120 clericis
608 5065 661 5121 tuis
675 5066 804 5137 petitione
819 5074 943 5138 suscepta
995 5066 1076 5122 veluti
1091 5082 1141 5136 per
1155 5064 1264 5137 singula
1278 5064 1302 5119 si
1316 5072 1424 5135 tempus
1448 5072 1521 5119 esset
1536 5080 1566 5121 ae
1580 5064 1677 5132 otium,
1700 5072 1727 5121 et
1741 5081 1793 5120 au-

118 5146 192 5214 iam
216 5166 274 5208 uon
297 5151 385 5208 solum
405 5153 502 5220 semel,
525 5155 574 5210 sed
588 5162 615 5213 et
629 5156 750 5210 secundo
774 5154 871 5210 litteris
893 5171 944 5226 per
994 5155 1052 5210 dire
1066 5154 1226 5227 dignareris,
1239 5170 1271 5207 ex
1285 5152 1388 5207 eisdem
1403 5160 1429 5208 et
1438 5152 1499 5207 aliis
1510 5155 1594 5210 sacris
1604 5153 1707 5228 regulis
1725 5168 1793 5224 pos-

125 5240 345 5297 comministros
367 5248 477 5299 nostros
496 5243 545 5298 tibi
566 5244 676 5301 directis
700 5244 837 5308 mandavi,
861 5260 944 5300 causa
994 5260 1052 5298 sem
1068 5241 1221 5309 ostendere,
1233 5241 1267 5296 de
1282 5240 1477 5313 quibuspauea
1491 5258 1614 5307 numero,
1631 5242 1681 5297 sed
1695 5256 1795 5315 magua

124 5330 193 5386 luae
213 5329 322 5399 iujurias
343 5337 441 5386 contra
465 5332 664 5403 scripturarum
690 5333 837 5399 tramitem,
860 5333 943 5388 tradi·
994 5331 1102 5397 merito,
1129 5339 1155 5386 et
1169 5330 1336 5385 auctoritatis
1350 5330 1472 5403 pondere
1489 5330 1589 5386 omissa
1613 5330 1723 5403 penitus
1737 5346 1753 5387 a
1768 5337 1795 5389 te

129 5415 302 5488 lionemque
329 5419 465 5488 majorum
488 5421 516 5476 iu
539 5430 586 5476 tua
606 5422 735 5493 parochia
762 5422 902 5478 excessisti
917 5430 943 5478 et
993 5421 1039 5493 qui
1055 5419 1155 5486 vidisti,
1178 5420 1302 5476 sednon
1324 5421 1468 5492 perspicue
1490 5419 1535 5476 illa
1549 5437 1611 5492 quae
1633 5419 1753 5488 voluisti,
1769 5429 1798 5478 et

133 5505 303 5565 admonitus
323 5515 352 5567 ut
376 5524 410 5567 ea
432 5509 581 5585 corigeres,
605 5511 672 5568 mibi
696 5527 858 5585 responsum
880 5511 944 5569 inde
994 5533 1048 5575 non
1073 5516 1163 5574 vidisti
1177 5534 1239 5591 quaa
1252 5518 1371 5585 uoluisti,
1389 5518 1432 5574 vel
1450 5533 1539 5592 neque
1553 5517 1655 5590 vidisti,
1677 5534 1793 5593 quaque
