3826 6098
130 231 179 288 tat
572 216 746 276 amanam
774 212 976 274 RHEMENSIS
1004 210 1306 270 aucflfflrlscort.·
1724 211 1778 269 5³2

131 350 221 410 chiam
232 349 308 419 juxta
329 344 512 403 reverentiam
536 343 652 416 singulis
675 347 888 412 competentem,
905 337 968 398 etA
983 342 1011 394 et
1020 340 1134 411 jactam
1144 353 1202 394 nan
1210 336 1365 408 interficies
1373 337 1496 408 (Daniel.
1504 335 1575 406 vul),
1587 334 1616 390 id
1625 341 1667 391 est
1681 333 1783 407 quibus

128 455 184 498 non
207 436 349 510 subrigat,
370 433 439 490 sicut
466 441 495 488 ιιι
513 432 601 489 fecisti
625 438 754 504 quantum
782 447 816 486 ex
834 435 860 484 te
880 427 930 483 luit
980 426 1083 500 ligandi
1099 433 1180 499 atque
1196 425 1320 482 solvendi
1335 434 1402 482 esta
1416 424 1578 481 Deocollata
1593 430 1784 495 potestas,nan

129 528 211 587 exitio
223 528 301 597 juxta
327 521 533 580 irreverentiam
547 520 652 578 eunctis
674 519 904 591 incompetentem
921 535 928 573 ι
980 515 1014 571 de
1024 515 1170 589 supercilia
1183 514 1382 571 Pharisaeorum
1403 520 1541 569 assumant
1555 520 1584 568 ut
1594 512 1639 568 vel
1652 512 1784 568 damnent

129 617 256 676 omnibus
279 613 352 670 enim
373 610 548 669 irreverentia
571 625 652 682 quam
676 607 821 664 exhibuisti
842 607 930 662 intua
980 603 1148 671 innocentes,
1163 603 1207 660 vel
1223 604 1329 660 solvere
1350 619 1380 659 se
1399 602 1495 659 noxios
1510 601 1688 669 arbitrentur,
1718 616 1784 658 cum

128 704 257 783 parocbia
270 701 392 759 noscitur
402 717 464 757 esse
473 700 670 771 incompetens,
683 714 744 770 quae
757 697 793 752 ad
808 695 929 752 amnium
981 692 1052 763 apud
1072 694 1160 748 Deum
1178 709 1233 748 non
1253 692 1386 748 sententia
1405 691 1588 756 sacerdotum,
1609 689 1658 745 sed
1685 705 1784 745 eorum

127 795 257 868 probatur
270 791 408 864 pertinere
423 789 543 855 exitium,
559 803 621 845 eum
636 787 671 842 de
690 785 815 860 siugulis,
829 791 930 857 quanto
979 781 1035 838 uita
1050 789 1197 855 quaeratur.
1222 781 1350 854 Legimus
1373 780 1401 835 in
1429 779 1546 836 Levitico
1574 780 1649 853 (cap.
1664 778 1728 851 x1v)
1748 777 1784 834 de

127 883 216 956 magis
239 882 273 937 de
294 880 416 952 pluribus
434 876 585 934 timendum
609 874 740 931 Dominus
763 873 837 929 dicat
854 891 861 927 :
879 872 932 940 Qai
981 871 1098 942 leprosis
1113 870 1159 926 ubi
1180 869 1308 940 jubentur
1326 877 1355 925 ut
1368 868 1514 925 ostendant
1533 884 1562 924 se
1576 866 1782 936 sacerdotibus,

129 970 368 1030 scandalizaverit
382 984 472 1025 anam
493 967 528 1023 de
547 966 663 1038 pusillis
687 965 752 1020 istis
767 963 825 1036 ‘qai
839 962 871 1017 in
885 977 931 1017 nae
982 967 1008 1016 et
1037 960 1060 1014 si
1073 959 1179 1031 lepram
1206 958 1350 1014 habuerint
1368 967 1431 1014 tunc
1455 956 1629 1014 asacerdote
1648 955 1787 1013 immundi

129 1061 259 1127 credant,
271 1058 388 1132 expedit
407 1059 433 1114 ei
454 1059 489 1112 at
504 1053 781 1128 suspendataranala
801 1052 932 1107 asinaria
981 1046 1057 1116 fiant,
1078 1064 1132 1104 nou
1152 1049 1226 1120 quod
1241 1048 1398 1105 sacerdotes
1413 1047 1538 1118 leprosos
1556 1045 1658 1102 faciant
1676 1054 1703 1101 et
1728 1045 1784 1101 im·

129 1140 930 1222 aotlaejas,atdemergatartnprasandammaris(llattb.
981 1137 1108 1205 mundos,
1125 1138 1174 1194 sed
1189 1137 1261 1210 quod
1279 1137 1398 1192 habeant
1416 1136 1539 1193 notitiam
1560 1134 1663 1208 leprosi
1681 1141 1709 1192 et
1727 1149 1785 1193 non

129 1253 205 1306 xvu;
223 1238 306 1294 liare.
324 1234 376 1308 rx);
390 1233 462 1306 quia,
475 1240 504 1288 ιιι
519 1230 613 1286 beatus
623 1237 759 1286 monstrat
768 1226 930 1300 Gregorius,
981 1226 1107 1297 leprosi,
1129 1234 1155 1281 et
1173 1232 1286 1298 possunt
1310 1226 1468 1283 discernere
1494 1224 1540 1298 qui
1562 1224 1682 1280 mundus
1701 1223 1785 1297 quive

130 1327 166 1385 ad
181 1323 329 1383 sanctitatis
345 1321 465 1395 speciem
479 1320 613 1387 deducto,
630 1327 657 1375 et
671 1307 765 1385 verbo,
779 1318 822 1374 vel
838 1332 932 1373 exem·
981 1314 1137 1371 immundus
1152 1315 1194 1371 sit.
1211 1315 1353 1384 Quomodo
1368 1330 1437 1389 ergo
1446 1314 1484 1370 ibi
1498 1314 1635 1386 leprosum
1650 1312 1785 1370 sacerdos

129 1415 175 1488 plo
191 1424 306 1472 caeteros
328 1410 486 1467 destruendi
512 1408 610 1466 melius
637 1407 762 1480 prolecto
784 1406 882 1473 luerat,
906 1416 934 1465 ut
982 1404 1162 1461 immundum
1176 1404 1249 1474 lacit,
1279 1405 1319 1461 sie
1333 1411 1359 1461 et
1372 1404 1417 1461 hic
1431 1404 1475 1462 cui
1489 1403 1621 1460 Dominus
1636 1401 1745 1476 ligandi
1759 1409 1787 1459 et

128 1500 202 1555 bunc
217 1497 253 1553 ad
274 1502 391 1552 mortem
415 1493 466 1548 sub
482 1491 608 1549 exteriori
631 1490 724 1546 habitu
750 1498 859 1546 terrena
872 1496 934 1546 aeta
984 1493 1108 1550 solvendi
1121 1501 1282 1565 potestatem
1298 1493 1382 1564 dedit,
1398 1491 1492 1567 alligat
1506 1501 1533 1548 et
1551 1491 1640 1563 solvit,
1656 1490 1787 1549 videlicet

43 1587 46 1593 “
131 1585 361 1659 constringerent,
379 1597 459 1656 quam
474 1582 500 1636 in
516 1596 593 1637 sacra
608 1579 696 1636 officio
709 1579 814 1650 positus
828 1577 934 1635 aaeteris
984 1582 1129 1656 episcopus
1145 1590 1170 1639 et
1184 1583 1339 1655 presbyter,
1356 1583 1384 1638 id
1399 1590 1449 1649 est,
1468 1597 1523 1638 non
1537 1597 1585 1638 eos
1599 1581 1646 1655 qui
1660 1580 1785 1637 insontes

131 1681 249 1731 martem
263 1672 348 1730 verbo
363 1671 407 1729 vel
422 1686 505 1743 opere
527 1669 685 1742 propinaret
701 1686 708 1722 :
725 1667 789 1740 quia
803 1666 931 1722 nunirum
945 1698 972 1758 Β
984 1679 1047 1727 sunt
1062 1671 1165 1745 alliget,
1182 1672 1226 1728 vel
1241 1671 1287 1744 qui
1298 1672 1371 1727 noxii
1387 1671 1482 1739 solvat,
1499 1671 1547 1727 sed
1560 1686 1611 1743 pro
1625 1668 1718 1726 officio
1733 1683 1784 1726 sua

131 1764 155 1820 si
171 1761 246 1820 solus
261 1761 383 1828 caderet,
399 1768 535 1832 utcunque
558 1759 631 1815 hunc
645 1756 814 1814 tolerabilior
832 1755 932 1811 inferni
983 1776 1046 1818 eum
1059 1768 1233 1836 peccatorum
1253 1775 1288 1816 ex
1303 1760 1415 1816 veritate
1434 1759 1593 1831 cognoverit
1623 1758 1783 1826 varietates,

132 1867 216 1926 poena
230 1849 376 1908 cruciaret.
393 1848 472 1917 Quod
493 1846 630 1903 mandasti
642 1853 673 1902 ut
691 1860 745 1901 non
761 1854 787 1901 te
803 1860 931 1916 cogerem
981 1850 1049 1905 sciat
1064 1849 1110 1921 qui
1124 1850 1275 1906 secundum
1288 1848 1477 1906 auctoritatem
1498 1847 1625 1920 ligandus
1641 1847 1685 1916 sit,
1701 1846 1786 1920 quiae

134 1939 300 2013 respondere
315 1939 344 1993 in
357 1936 480 1994 absentia
494 1935 657 1994 clericorum
672 1944 797 2001 luorum,
814 1935 931 1990 demon·
983 1938 1139 1995 solvendus.
1158 1938 1194 1993 Et
1212 1946 1321 1995 sanetus
1340 1937 1490 2011 Gregorius
1508 1937 1639 2009 episcopo
1656 1935 1784 1993 Nichote-

134 2029 225 2086 strasti
240 2036 265 2085 te
280 2043 336 2085 uon
357 2036 430 2085 reate
454 2025 607 2098 intelligere
622 2024 783 2081 sententiam
798 2038 932 2080 canonum
981 2042 1054 2083 ranae
1072 2027 1187 2084 civitatis
1200 2045 1251 2099 pro
1267 2027 1428 2100 quibusdam
1447 2027 1534 2098 culpis
1552 2026 1581 2082 in
1595 2024 1785 2097 paenitentiam

134 2116 358 2192 carthaginensis
374 2115 481 2174 concilii
495 2130 550 2188 qua
561 2114 659 2171 dicitur
673 2114 817 2187 episcopus
831 2112 932 2169 nullius
982 2117 1111 2189 deputato
1126 2116 1160 2173 de
1175 2117 1233 2188 ejus
1249 2116 1366 2174 ecclesia
1380 2116 1450 2173 dicat
1465 2115 1544 2172 valde
1559 2130 1620 2171 esse
1633 2114 1745 2181 durum,
1755 2121 1785 2168 ut

133 2222 245 2266 causam
259 2206 351 2262 audiat
365 2206 469 2277 absque
476 2204 622 2276 praesentia
633 2203 795 2260 clericorum
805 2217 931 2269 suorum,
983 2221 1123 2278 quousque
1138 2221 1219 2262 causa
1234 2205 1319 2277 ipsius
1333 2205 1455 2277 episcopi
1469 2203 1601 2260 subtiliter
1614 2202 1783 2275 requiratur,

132 2295 196 2352 licet
216 2295 272 2364 jnm
286 2293 335 2349 tibi
355 2292 472 2349 dixerim
493 2291 609 2365 quabter
633 2291 667 2347 sit
688 2289 884 2362 intelligenda,
907 2297 933 2347 et
981 2309 1037 2351 non
1050 2295 1149 2351 habeat
1163 2295 1288 2351 Ecclesia
1300 2295 1347 2351 illa
1356 2295 1545 2367 presbyterum
1555 2292 1601 2364 qui
1610 2291 1785 2350 sacrumilltc

135 2400 187 2457 qua
202 2384 236 2439 de
250 2399 281 2439 re
295 2382 374 2438 luerit
384 2382 538 2438 constituta.
551 2380 631 2451 Quod
641 2386 731 2436 nutem
745 2380 882 2436 mandasti
892 2386 930 2447 ut,
982 2399 1051 2456 opus
1066 2383 1157 2442 valeat
1170 2383 1321 2442 celebrare.

132 2473 204 2530 sicut
217 2470 283 2527 mihi
297 2469 422 2527 domiuus
443 2469 607 2543 apostolicus
622 2469 730 2541 scriptis
744 2470 931 2535 mandaverat,
1017 2474 1051 2528 Et
1069 2474 1104 2528 ad
1129 2472 1351 2530 Maximinianum
1375 2471 1608 2543 archiepiscopum
1627 2472 1784 2543 Syracusa·

130 2560 180 2618 tibi
193 2560 332 2618 licentiam
346 2560 460 2616 Romam
474 2558 554 2615 eundi
563 2559 715 2630 impetrem,
731 2574 787 2614 non
800 2558 866 2614 mihi
881 2559 933 2614 hoa
982 2577 1047 2617 num
1062 2561 1174 2631 scribit,
1191 2569 1220 2618 ut
1243 2561 1367 2619 Venantii
1387 2560 1498 2633 patritii,
1523 2561 1600 2630 cujus
1614 2559 1742 2615 homines
1756 2558 1786 2615 in

132 2649 258 2707 dominus
281 2649 447 2721 apostolicus
469 2647 609 2704 mandavit
625 2664 631 2704 :
648 2647 737 2703 babeo
762 2647 835 2703 enim
861 2646 933 2702 illius
982 2650 1151 2723 episcopium
1178 2651 1236 2720 ejus
1259 2635 1402 2717 irruer‘ant,
1423 2657 1450 2706 et
1468 2649 1577 2707 diversa
1594 2647 1687 2704 hostili
1706 2662 1785 2705 more

133 2734 277 2811 epistolam
292 2738 396 2795 salvam
427 2746 454 2793 et
467 2737 661 2809 incorruptam,
677 2736 706 2791 in
721 2751 775 2808 qua
789 2738 840 2792 hoe
859 2735 933 2808 quod
981 2741 1053 2795 mala
1068 2739 1268 2806 commiserant,
1286 2746 1312 2795 et
1326 2740 1362 2795 ob
1376 2739 1403 2794 id
1416 2739 1477 2810 ipse
1488 2745 1515 2794 et
1529 2754 1579 2794 sua
1593 2737 1690 2794 domus
1705 2737 1741 2792 ab
1751 2752 1786 2793 eo

132 2826 267 2883 mandasti
288 2841 343 2882 non
364 2827 525 2882 continetur.
547 2824 626 2895 Quod
651 2825 788 2880 mandasti
803 2825 932 2896 quoniam
983 2829 1210 2885 excommunicati
1230 2836 1314 2898 erant,
1341 2828 1463 2897 cJ'usdem
1482 2826 1607 2884 venantii
1630 2824 1785 2882 oblationes

135 2914 282 2986 insynodo
295 2930 382 2986 nuper
395 2913 424 2968 in
437 2913 579 2969 vermeria
588 2913 681 2968 habita
696 2913 790 2969 sedem
804 2912 933 2984 apostoli·
982 2917 1123 2988 reciperet,
1140 2925 1166 2973 et
1194 2917 1246 2989 ipsi
1260 2933 1292 2974 aa
1321 2916 1414 2973 domui
1437 2917 1496 2987 ejus
1523 2915 1672 2971 missarum
1685 2914 1785 2988 peragi

135 3019 197 3062 cam
214 3002 368 3077 appellasti,
392 3000 612 3057 manifestissime
636 3016 731 3057 omnes
754 3001 792 3056 illi
811 3001 933 3074 episcopi
981 3006 1108 3078 mysteria
1137 3006 1311 3077 permitteret,
1346 3005 1440 3061 dicens
1475 3019 1481 3061 :
1516 3003 1585 3074 Quia
1616 3003 1654 3059 ita
1674 3010 1786 3059 terrena

135 3093 253 3168 amplius
268 3106 351 3164 quam
363 3090 460 3164 viginti
475 3090 522 3162 qui
535 3089 646 3146 adfuere
660 3090 689 3145 in
699 3091 804 3162 synodo
818 3091 932 3164 regula-
984 3095 1031 3169 agi
1048 3095 1130 3151 debet
1148 3095 1259 3165 utilitas,
1288 3102 1317 3150 ut
1343 3093 1449 3149 nullum
1472 3109 1523 3149 nos
1539 3092 1662 3167 jurgium
1679 3109 1696 3147 a
1716 3092 1785 3148 cha-

131 3183 199 3240 ritas
212 3190 239 3239 te
255 3180 349 3237 sedem
374 3178 552 3251 apostolicam
574 3193 630 3234 non
651 3178 806 3250 appellasse
825 3194 933 3253 coguo-
983 3184 1071 3239 ritatis
1089 3184 1179 3240 valeat
1210 3183 1379 3240 connexione
1410 3182 1590 3255 ffisjungere;
1624 3189 1651 3237 et
1680 3180 1723 3237 ita
1749 3179 1787 3236 fi-

133 3277 222 3331 aeunt.
238 3269 317 3340 Quod
331 3268 466 3326 mandasti
481 3268 649 3341 quiasedem
664 3267 788 3340 appellas
802 3267 934 3341 apostoli·
984 3272 1027 3328 liis
1046 3289 1096 3329 nos
1116 3273 1273 3330 sacerdotes
1292 3280 1400 3345 oportet
1429 3270 1626 3328 sacerdotalem
1654 3269 1786 3326 affectum

134 3375 195 3418 eam
209 3375 272 3418 cum
286 3358 313 3414 in
325 3357 427 3428 judicio
437 3364 530 3413 nostro
544 3356 617 3412 idem
631 3358 660 3413 in
675 3358 823 3430 episcopali
829 3358 933 3429 judicio
983 3360 1152 3434 impendere,
1168 3370 1195 3418 ut
1210 3362 1238 3417 in
1252 3362 1352 3432 causis,
1368 3368 1450 3433 preat
1463 3360 1532 3416 ratio
1548 3359 1724 3434 suffragatur,
1735 3359 1785 3429 ju-

134 3448 285 3506 secuudum
300 3447 629 3505 sacrosaananessedem
645 3446 824 3518 apostolicam
839 3448 934 3520 appel·
983 3450 1167 3507 risdictiouem
1198 3451 1331 3508 Ecclesia
1361 3458 1462 3506 nostrae
1490 3449 1639 3505 debeamus
1670 3446 1786 3505 minime

132 3532 241 3601 laveris,
271 3530 405 3588 habemus
427 3530 552 3586 ordinem
571 3529 610 3586 rei
632 3531 749 3604 qualiter
769 3532 833 3588 inde
848 3547 933 3604 agere
982 3539 1133 3611 praeterire,
1150 3540 1205 3596 Sed
1225 3548 1252 3595 et
1266 3539 1498 3597 communicantes
1517 3537 1633 3595 Maximo
1653 3537 1786 3609 episcopo

135 3621 294 3680 debeamus.
310 3619 444 3677 Caeterum
458 3634 510 3676 nea
524 3619 591 3690 tibi,
606 3636 658 3677 neo
673 3621 800 3693 cuiquam
814 3621 859 3675 alii
875 3620 932 3678 llo-
983 3644 998 3682 a
1012 3645 1042 3684 se
1057 3628 1288 3685 excommunicato
1316 3627 1404 3684 isdem
1418 3628 1514 3684 beatus
1537 3625 1686 3700 Gregorius
1702 3626 1787 3682 etiam

131 3725 206 3768 mam
223 3710 265 3766 ile
286 3715 418 3784 ‘inanium
437 3724 470 3764 ⁰¹
491 3724 535 3764 ¹¹³⁹
549 3716 590 3764 est
610 3709 778 3765 ⁰⁰¹¹²f⁸di⁰0·
799 3711 869 3765 ΒΜ
884 3721 934 3765 V¹¹¹
983 3733 1170 3797 nonpetentes
1184 3726 1300 3782 absolvit
1313 3725 1466 3782 hocmodo.
1479 3723 1628 3792 Quasdam,
1643 3722 1785 3796 inquiens,

132 3797 572 3870 1⁸1·JU11·Plae⁸e¹¹¹5⁵⁵0⁰¹¹¹¹d³³
590 3796 753 3852 lssdissllffllis·
983 3814 1019 3870 ad
1047 3815 1301 3871 communicandum
1321 3814 1409 3871 eidem
1431 3812 1633 3885 prevaricatori
1651 3810 1787 3869 violenter

336 3937 508 3994 HINCMARI
526 3937 726 3994 RHEMENSIS
983 3919 1044 3959 esse
1063 3918 1237 3976 compressos
1253 3922 1259 3959 :
1277 3904 1409 3976 quosdam
1437 3910 1526 3959 autem
1547 3909 1669 3959 vestrum
1691 3901 1787 3958 audiri

982 3993 1134 4066 ignorantia
1146 3993 1249 4065 lapsos.
1280 3993 1501 4064 Omnipotentem
1521 3991 1667 4048 Dominum
1680 3991 1786 4064 depre-

983 4096 1039 4152 cor,
1055 4090 1084 4138 ut
1099 4098 1146 4139 eos
1167 4082 1213 4155 qui
1227 4082 1290 4139 huic
1308 4082 1434 4154 pravitati
1448 4081 1559 4137 minime
1583 4086 1787 4137 consenserunt

167 4164 332 4220 ursmarus
354 4161 520 4218 ithamarum
544 4161 687 4234 episeopus
711 4177 744 4219 aa
771 4162 859 4234 plebis
882 4164 932 4220 Dei
981 4179 1111 4243 perpetus
1125 4171 1219 4244 gratie
1235 4187 1291 4227 suaa
1305 4170 1474 4242 protectione
1489 4169 1632 4240 custodiat,
1649 4177 1676 4225 et
1691 4176 1788 4241 optata

131 4251 260 4323 tamnus,
276 4250 452 4323 preshyteris,
476 4251 635 4308 diaconibus
657 4267 690 4308 aa
711 4251 824 4325 reliquis
839 4253 931 4309 ecclc·
982 4258 1022 4314 eis
1037 4259 1164 4333 largitate
1186 4259 1349 4331 respondeat
1365 4277 1371 4314 :
1389 4268 1415 4315 et
1430 4259 1491 4315 illos
1509 4274 1578 4330 quos
1590 4264 1634 4313 aut
1650 4257 1784 4326 studium,

131 4341 250 4399 siasticis
263 4340 405 4397 ordinibus
415 4339 443 4396 in
452 4340 626 4397 laudunensi
640 4340 762 4398 Ecclesia
776 4342 931 4398 consisten—
982 4355 1028 4403 aut
1042 4349 1210 4420 ignorantia,
1224 4355 1270 4404 aut
1280 4347 1407 4420 qualibet
1421 4347 1474 4404 alia
1489 4362 1572 4404 causa
1586 4347 1670 4403 traxit
1684 4347 1714 4401 in
1730 4346 1788 4404 cul·

122 4431 211 4501 tibus,
228 4430 352 4486 salutem.
939 4415 1054 4509 Dpam,
1071 4438 1104 4492 ab
1120 4437 1194 4493 amni
1208 4445 1286 4494 reatu
1301 4444 1494 4508 peccatorum,
1511 4444 1592 4507 atque
1605 4437 1639 4490 ab
1654 4436 1786 4492 omnibus

165 4520 239 4578 Sicut
253 4519 348 4592 petitio
362 4519 428 4575 mihi
443 4533 460 4574 a
477 4518 556 4574 uobis
570 4533 621 4589 per
636 4519 770 4590 quosdam
785 4519 931 4575 commini-
981 4526 1098 4582 vinculis
1113 4526 1209 4583 alienas
1223 4525 1397 4598 obligationis
1408 4525 1541 4595 absolvat,
1558 4524 1744 4597 omnibusque
1759 4533 1788 4581 et

129 4617 201 4666 atros
215 4616 322 4665 uestros
346 4607 406 4665 vise
433 4607 555 4663 omnium
569 4615 691 4664 vestrum
714 4608 778 4663 data
799 4609 929 4677 continet,
979 4615 1007 4669 in
1022 4616 1150 4686 praesenti
1164 4615 1220 4671 vita
1233 4614 1409 4686 protectionis
1432 4631 1488 4670 suae
1510 4614 1626 4686 gratiam
1641 4614 1744 4670 tribuat
1758 4622 1788 4673 et

128 4698 212 4755 irater
227 4707 253 4753 et
267 4698 447 4769 coepiscopus
465 4704 560 4752 noster
582 4696 743 4753 Hincmarus
761 4713 842 4753 causa
856 4698 930 4768 inju-
980 4719 1030 4759 nos
1044 4704 1079 4758 de
1103 4703 1181 4760 vobis
1208 4703 1237 4759 in
1257 4712 1360 4760 aetema
1384 4692 1469 4775 patria
1491 4703 1613 4776 gaudere
1636 4704 1785 4761 concedat.

128 4787 231 4842 riarum
245 4802 352 4841 suarum
363 4802 412 4842 vos
422 4786 458 4841 ab
472 4784 562 4842 alticio
572 4785 767 4852 ecclesiastico,
784 4795 929 4843 etomnem
980 4791 1049 4860 Quia
1064 4807 1130 4848 vero
1146 4793 1233 4848 isdem
1257 4792 1343 4848 frater
1365 4807 1397 4848 ac
1422 4792 1601 4863 coepiscopus
1629 4799 1729 4847 noster
1741 4792 1787 4848 his

125 4873 283 4947 parochiam
305 4874 357 4929 sibi
380 4875 555 4931 commissam
578 4890 594 4930 a
620 4876 794 4948 perceptione
809 4883 836 4932 et
850 4891 928 4932 com·
979 4897 1040 4953 quae
1054 4881 1113 4952 ipse
1127 4888 1311 4937 commoverat
1325 4880 1492 4952 benignitate
1506 4879 1661 4953 priucipab,
1678 4888 1705 4936 et
1722 4896 1788 4938 meo

127 4962 257 5020 munione
285 4961 455 5020 vivificorum
478 4964 668 5036 mysteriorum
696 4972 798 5021 uastrae
819 4965 928 5020 redem·
979 4985 1012 5026 ac
1023 4970 1136 5026 fratrum
1147 4978 1173 5024 et
1183 4971 1408 5042 coepiscoporum
1418 4978 1585 5035 nostrorum,
1598 4970 1787 5041 quorumdam

127 5051 229 5123 ptionis
244 5053 497 5110 excommunicavit.
515 5052 574 5121 Qua
590 5052 625 5109 de
640 5070 678 5116 re,
695 5054 763 5108 sieut
782 5069 798 5108 a
814 5053 927 5125 quibus·
978 5060 1059 5115 etiam
1074 5059 1191 5114 aliorum
1206 5059 1256 5115 Dei
1271 5057 1390 5114 fidelium
1401 5059 1554 5116 interventu
1564 5066 1645 5129 prout
1655 5058 1787 5116 rationa-

126 5140 188 5196 dam
202 5139 308 5208 dieitur,
326 5141 436 5212 plurimi
458 5142 517 5197 sine
532 5142 602 5198 sacri
617 5141 786 5212 baptismatis
807 5158 926 5214 regens·
977 5147 1057 5202 bilius
1071 5147 1133 5219 paci
1148 5156 1230 5218 atque
1244 5147 1397 5204 concordia
1412 5147 1560 5204 convenire
1574 5147 1787 5218 perspeximus,

125 5230 239 5298 ratione,
255 5237 282 5288 et
296 5229 355 5286 sine
369 5230 463 5286 ultima
478 5230 636 5301 paenitentia
658 5229 740 5300 petita
755 5236 782 5284 et
803 5245 857 5285 non
871 5231 925 5285 im·
976 5251 1031 5290 nou
1047 5235 1105 5290 sine
1119 5250 1222 5309 magno
1233 5236 1326 5293 labore
1340 5236 1435 5308 sopitis
1446 5251 1496 5308 pra
1507 5235 1673 5308 quibusdam
1688 5238 1787 5294 causis

123 5326 239 5389 patrata,
262 5326 342 5391 atque
362 5319 421 5375 sine
442 5319 540 5374 viatico
563 5333 676 5373 munere
699 5317 834 5373 obierunt.
858 5319 925 5375 Cum
976 5331 1003 5379 et
1011 5323 1138 5379 redivivis
1148 5324 1367 5380 contentionibus
1376 5323 1674 5397 episcopalimodastiae
1682 5324 1788 5382 incon·

124 5406 220 5461 Daniel
235 5409 365 5479 propheta
379 5409 414 5463 de
435 5407 514 5463 dictis
536 5405 645 5463 Domini
660 5406 844 5463 testimonium
859 5423 924 5463 can·
975 5410 1154 5482 venientibus,
1167 5429 1217 5469 sua
1227 5414 1398 5470 contumacia
1408 5414 1547 5486 exigente,
1559 5420 1589 5468 ut
1599 5413 1695 5470 auditu
1707 5430 1791 5472 eom-

122 5500 166 5551 tra
180 5493 272 5568 inique
284 5495 437 5566 judicantes
449 5495 593 5568 perhibeat
607 5494 702 5552 dicens
719 5511 725 5551 :
741 5496 924 5553 innocentem
973 5504 1044 5574 pem',
1057 5502 1181 5572 jussione
1197 5501 1300 5559 domini
1317 5503 1403 5561 nostri
1424 5503 1501 5578 regis
1514 5501 1622 5561 interim
1639 5517 1660 5559 a
1674 5519 1727 5561 sua
1743 5514 1790 5564 est

134 4053 171 4096 ab
186 4050 380 4094 russamuos
390 4052 425 4092 ET
436 4050 574 4092 othconos
583 4051 721 4093 scelesta:
729 4051 930 4095 andnumansts.
