3826 6098
124 116 177 171 8³3
708 107 953 167 tartaronum
981 99 1154 167 nocuit.
1720 110 1771 169 odd

122 235 344 293 contnudunturt
358 237 413 292 Sed
427 251 532 310 quaeso,
546 235 587 293 liti
597 233 766 298 charissime,
783 232 816 287 nd
825 239 924 286 sanetas
937 232 966 292 A
1012 232 1082 305 Quia
1097 233 1168 290 lama
1181 243 1233 291 tuae
1247 234 1401 293 dilectionis
1422 242 1502 308 atmre
1517 234 1646 293 bonitatis
1659 243 1686 292 et
1710 235 1774 292 reli-

124 325 332 380 matrisreatrae
347 323 477 381 Romanae
498 322 631 380 Ecclesiae
648 323 748 388 sinum,
765 337 825 393 quae
845 327 926 391 caput
976 323 1065 396 gionis
1081 323 1107 378 in
1121 324 1209 380 Deum
1226 323 1261 378 ad
1277 339 1327 378 nos
1341 339 1427 395 risque
1441 323 1575 393 pervenit,
1605 321 1775 381 confidenter

126 421 175 475 est,
203 412 358 466 instituente
374 413 441 480 Deo,
458 411 578 468 omnium
605 409 791 466 lieelesiarurn
822 408 849 461 in
871 416 926 461 toto
977 412 1070 482 gloriae
1099 420 1151 466 tun>
1178 412 1351 482 praecipimus
1378 421 1459 483 atquc
1488 413 1649 467 mandamus
1673 423 1701 468 ut
1725 429 1774 483 pro

130 501 194 557 orbe
210 498 380 561 diffusarum,
396 500 498 556 relictis
528 498 758 570 superfluitatibus
787 504 813 550 el
842 495 926 550 sedu—
977 516 1069 554 amore
1089 509 1245 555 sanctornm
1267 500 1451 571 apostolorum
1476 490 1546 555 Petri
1562 500 1683 556 noPauli
1708 516 1775 571 pro-

127 588 246 646 atiooum
262 587 409 652 scandalis,
425 603 474 643 ros
497 596 664 660 gentemque
685 593 802 640 vestram
834 597 928 638 amore

127 675 226 730 mentis
240 675 300 730 sine
315 690 393 730 mora
407 675 540 738 reducite,
558 673 628 743 Quia
645 675 672 727 in
688 681 790 727 tantum
812 684 862 725 vos
885 668 928 723 al-

128 761 246 818 lectione
259 771 375 834 paterna
386 763 535 837 diligimus,
556 771 585 817 ut
605 760 801 816 invisentibus
830 757 929 813 Christi

131 853 196 906 iesu
214 867 276 907 esse
297 851 448 922 cupiamus.
463 852 496 906 Et
511 867 575 907 ecce
600 849 687 921 parati
710 864 814 913 snmus,
838 856 866 900 ut
881 861 930 899 ros

133 937 345 1003 lucrifaciamus
362 947 389 993 et
403 938 534 1010 quidquid
548 939 701 1012 legatorum
717 944 871 991 nostrorum
886 933 929 987 ol-

130 1025 284 1080 iuscatione
299 1042 387 1096 nuper
414 1025 547 1080 offensum
563 1034 614 1092 est,
630 1025 664 1079 ad
679 1040 775 1096 purum
792 1021 931 1095 corrigere

131 1121 155 1169 et
169 1113 260 1169 omnia
274 1114 458 1169 maturissime
490 1113 706 1186 redintegrando
734 1126 846 1177 attrare;
863 1117 890 1164 et
908 1108 931 1162 si

129 1202 284 1275 eontigerit,
299 1217 353 1257 non
369 1202 456 1257 solum
478 1202 595 1274 compati
612 1209 638 1256 et
660 1199 806 1255 condolere
837 1196 931 1252 robis-

130 1303 203 1354 aum,
236 1290 285 1346 sed
304 1290 386 1345 etiam
410 1306 461 1361 pro
483 1290 572 1344 salute
600 1288 749 1343 animarum
779 1294 934 1340 vestrarum

129 1378 201 1433 mori
217 1393 271 1432 non
293 1378 491 1444 recusabimus,
516 1376 623 1434 dicente
652 1375 756 1430 toanne
784 1372 932 1445 apostolo:

135 1465 274 1532 Quoniam
291 1467 364 1521 Deus
377 1483 428 1538 pro
443 1465 523 1522 nobis
537 1465 664 1519 animam
684 1479 766 1518 suam
786 1463 890 1534 posuit,
907 1463 935 1514 ct

977 595 1110 643 tectorum
1123 596 1273 643 vestrorum
1298 595 1459 659 praesentem
1487 587 1627 660 legatum,
1646 588 1776 659 quemad

978 683 1087 748 gentem
1103 676 1284 748 Bnigarorum
1304 676 1447 748 dirigimus
1461 676 1484 742 b,
1499 676 1605 730 salvum
1618 684 1699 747 atque
1729 676 1773 732 in-

979 763 1115 821 columem
1136 764 1229 818 venire
1246 763 1348 820 faciatis
1371 780 1457 835 usqne
1487 764 1522 818 ad
1543 763 1671 819 dilectum
1691 762 1776 820 filium

980 861 1102 908 nostrum
1116 852 1275 908 bliclraelem
1290 852 1440 926 gloriosum
1449 867 1543 925 regom
1552 867 1656 916 eorum,
1667 862 1776 925 etquae-

981 952 1088 1008 cunque
1104 936 1128 990 ei
1144 937 1368 992 strntnecessaria
1383 937 1526 991 advictum
1540 937 1775 1002 etrestimentum,

981 1024 1019 1080 illi
1034 1041 1084 1095 pro
1100 1025 1150 1079 Dei
1164 1040 1255 1079 amore
1271 1024 1464 1088 administrate,
1481 1025 1544 1095 quia
1559 1024 1691 1080 Dominus
1713 1024 1780 1082 dicit
1877 1070 1879 1075 .

982 1113 1008 1167 in
1024 1113 1174 1184 Evangelio
1190 1129 1196 1167 :
1210 1100 1341 1180 Quandt'u
1352 1115 1519 1184 fecistisuni
1529 1113 1726 1170 dominatibus
1736 1114 1779 1168 is·

984 1202 1030 1268 tis,
1040 1201 1112 1256 ntihi
1129 1203 1239 1273 fecistis
1249 1201 1360 1269 (ilatth.
1376 1202 1466 1269 sxt'l:
1483 1201 1658 1270 etapostolus
1669 1202 1780 1272 :Hospi-

984 1291 1055 1344 tales
1071 1290 1192 1344 inuicem
1205 1289 1267 1344 sinc
1281 1289 1510 1344 murmuratione
1525 1289 1549 1356 tl
1562 1291 1623 1343 Pet.
1643 1288 1692 1359 rr).
1710 1290 1781 1356 Quia

982 1378 1115 1450 perhanc
1127 1376 1522 1448 latuerantpuidom,anpctis
1537 1376 1781 1448 hospitiosuscep-

985 1465 1022 1520 tis
1039 1465 1114 1534 (llab.
1126 1451 1200 1533 xtra),
1222 1466 1303 1535 rigat,
1320 1461 1357 1516 fili
1370 1463 1539 1531 charissime,
1563 1463 1597 1517 de
1613 1464 1665 1519 hoc
1677 1472 1722 1519 tua
1738 1464 1782 1519 di·

133 1568 185 1608 nes
196 1553 326 1608 debemus
340 1569 391 1626 pro
406 1553 544 1624 fratribus
560 1554 688 1606 animam
698 1566 803 1623 ponere
814 1550 841 1618 (l
852 1549 933 1604 toan.
948 1550 1076 1639 Blestio,
1092 1558 1120 1606 ut
1134 1560 1244 1607 aeternae
1259 1550 1320 1606 ritae
1330 1551 1442 1622 praemia
1456 1550 1597 1620 percipere
1606 1551 1705 1607 nalem.
1714 1551 1783 1607 Data

133 1640 187 1708 m).
201 1639 307 1696 Vestrae
317 1648 407 1695 tamen
413 1640 551 1696 dilectioni
562 1634 933 1708 convenitmonitispaternis
985 1644 1124 1711 utsupra.

135 1727 256 1802 benigno
271 1744 364 1784 amore
373 1744 482 1799 semper
492 1728 617 1800 praebere
628 1742 782 1791 assensum,
798 1732 824 1779 et
839 1724 933 1779 admo·

133 1816 282 1870 ultionibus
296 1816 397 1871 nostris
412 1816 619 1873 accommodare
642 1814 773 1878 auditum,
799 1812 859 1883 quia
888 1810 934 1867 ille

134 1903 211 1959 ania
228 1903 345 1959 Domino
367 1903 459 1960 claves
479 1904 558 1978 regni
583 1903 714 1959 caelorum
736 1899 839 1974 ligandi
853 1906 934 1970 atque

135 1989 261 2046 solvendi
279 1991 386 2047 eollatae
402 2000 474 2056 sunt,
490 1991 610 2062 quotidie
630 1999 657 2045 et
676 1989 861 2043 indesinenter
885 2002 935 2040 ex-

134 2080 229 2150 pandit
244 2079 363 2148 brachia,
376 2087 402 2134 et
417 2096 467 2135 vos
492 2087 659 2134 revertentes
674 2077 707 2130 ad
722 2093 752 2131 se
766 2073 936 2148 gratulanter

134 2175 296 2237 exspectat·;
313 2174 446 2239 quatenus
460 2183 509 2222 vos
520 2174 621 2222 aeteroo
636 2164 739 2235 pastori
749 2163 844 2218 reddat
857 2178 936 2218 eorn-

134 2262 214 2325 potes
230 2261 340 2309 aeternae
354 2254 539 2320 oeutitudinis,
561 2269 646 2326 aquo
661 2252 766 2323 accepit
787 2249 937 2304 ministerio

135 2341 179 2396 aui
201 2341 369 2413 apostolatus
392 2342 497 2397 animas
513 2350 617 2397 vestras
647 2340 790 2396 redimere·
814 2338 883 2392 Date
904 2340 937 2392 ut

137 2445 235 2502 supra.

461 2517 605 2573 ccxviii.

179 2619 216 2659 so
236 2620 428 2660 constaremus
442 2620 590 2659 nrmrsaurs
605 2618 685 2659 nanas
704 2616 899 2657 nunesnonun.

1328 1747 1433 1802 CCXX.

1171 1850 1208 1890 so
1226 1850 1386 1890 euocatus
1401 1850 1593 1891 rnrnrcasnots.

1293 1924 1385 1994 (Anno
1398 1926 1473 1991 879.)

990 2014 1077 2084 Rooat
1090 2015 1124 2068 ut
1133 2012 1236 2082 leontos
1246 2012 1574 2082 Constantinopolitanae
1584 2011 1657 2066 adse
1671 2012 1785 2078 mittat,·

1018 2083 1181 2156 pollicetur,
1201 2098 1265 2137 eum
1278 2083 1451 2138 Francorum
1468 2097 1521 2138 rac
1538 2083 1782 2145 itomomoancrit,

1022 2168 1051 2208 sa
1066 2153 1102 2207 nd
1112 2153 1297 2207 curnauxitio
1308 2155 1429 2208 iturum.

1023 2239 1128 2296 Dilecto
1152 2238 1208 2294 lilio
1223 2239 1370 2295 Gnaeonro
1385 2239 1542 2310 primicerio
1556 2255 1589 2295 ao
1599 2239 1690 2308 heiulo
1700 2238 1787 2310 impe·

987 2326 1056 2383 riali.

1023 2415 1193 2489 Religionem
1209 2414 1410 2470 tuaeehuritatls
1421 2414 1449 2469 in
1464 2414 1570 2470 Christo
1586 2423 1612 2471 et
1622 2415 1648 2468 in
1660 2415 1718 2484 ejus
1731 2413 1787 2470 Ea-

988 2505 1071 2559 clesia
1085 2503 1283 2565 collaudamus,
1301 2511 1327 2558 et
1342 2512 1370 2558 ut
1390 2503 1479 2574 magis
1494 2519 1525 2558 ac
1548 2502 1637 2576 magis
1658 2502 1684 2557 in
1714 2502 1787 2557 bauo

988 2608 1070 2662 opere
1086 2590 1214 2662 proficius
1228 2592 1411 2646 exhortamur.
1429 2592 1547 2662 Legatos
1567 2591 1601 2645 ab
1624 2591 1692 2644 urbe
1713 2590 1787 2645 Con-

444 2677 535 2746 (Anno
550 2676 625 2744 879.)

381 2763 511 2835 Ejusdem
528 2764 702 2834 aspernanti.

989 2679 1229 2750 stantinopoiitana
1252 2679 1286 2733 nd
1311 2695 1361 2734 nos
1385 2678 1504 2735 directos
1527 2680 1785 2749 perberaeensium,

988 2768 1087 2822 deinde
1102 2784 1151 2839 per
1174 2767 1293 2836 Capuam
1313 2765 1411 2838 dirige,
1437 2766 1563 2838 qnoniam
1575 2767 1629 2834 jam
1654 2766 1788 2819 habemns

174 2851 429 2917 Pffl020mffl
443 2859 469 2904 θῑ
484 2851 624 2916 SUNMCAE,
643 2850 804 2921 caterisque
819 2847 938 2917 optima·
990 2855 1204 2926 preordinatum
1224 2853 1351 2925 qualiter,
1378 2855 1436 2909 Deo
1463 2854 1581 2920 volente,
1597 2854 1631 2907 ad
1650 2869 1701 2907 nos
1721 2850 1791 2907 salvi

134 2939 211 2994 dibus
226 2939 389 2994 consiliariis
404 2938 496 2993 dilecti
517 2935 564 2991 filit
586 2937 671 2992 BOSii'i
695 2936 834 2992 Michaelis
864 2933 939 3006 regis
954 2918 1068 3016 Gaique
1084 2944 1161 2998 illaesi
1178 2942 1347 3013 perveniam·
1365 2943 1404 2997 De
1419 2950 1513 2997 nostro
1529 2942 1564 2996 ad
1588 2957 1637 2996 vos
1662 2941 1789 3005 adventu,

137 3027 330 3098 bulgarorum.
990 3032 1063 3103 quod
1079 3041 1133 3097 tua,
1152 3029 1188 3084 srli
1211 3030 1380 3094 atrocissime,
1398 3029 1507 3084 dilectio
1531 3036 1725 3099 perscrutatur,
1741 3042 1791 3097 pro

174 3116 301 3187 Denique
315 3130 414 3170 moneo
428 3122 547 3169 vestram
571 3112 693 3169 omnium
716 3111 890 3167 dilectionem
911 3117 941 3164 Ul
990 3129 1065 3175 certo
1079 3119 1256 3173 deliberatum
1271 3117 1494 3181 habnimns3sed
1517 3131 1565 3169 rex
1581 3115 1747 3170 Francorum
1756 3114 1791 3168 ad

137 3203 279 3260 coertionis
295 3203 532 3259 adhortationibus
554 3209 635 3273 atque
655 3199 877 3272 suggestionibus
896 3197 940 3251 di·
990 3223 1040 3262 110,-
1054 3221 1206 3277 properans
1229 3203 1387 3276 suppliciter
1406 3203 1530 3272 deposcit
1553 3210 1582 3257 ut
1596 3202 1631 3257 ab
1650 3201 1721 3258 Urbe
1736 3216 1790 3254 11011

137 3290 212 3347 lecto
228 3289 283 3346 filio
298 3301 391 3347 nostro
406 3290 528 3346 Michaeli
538 3288 722 3362 gloriosoregl
735 3287 836 3342 seniori
850 3292 941 3340 vestro
992 3293 1165 3351 discedamus
1175 3309 1310 3364 quoquam
1327 3293 1413 3346 donec
1423 3292 1481 3361 ipse
1490 3291 1639 3360 perveniat,
1649 3287 1702 3356 Qui
1717 3303 1789 3352 cum,

138 3379 317 3445 θῦὓῦὓῑῑθῐῑθι
334 3394 437 3450 V⁰⁸qt¹³
452 3395 513 3435 ⁰⁰⁰¹
529 3392 562 3433 0⁰
573 3379 608 3431 ad
626 3377 715 3431 Sinum
728 3383 829 3430 sanctifi
840 3373 942 3428 ΗΘΜ·
993 3382 1109 3438 Domino
1123 3389 1294 3454 protegente,
1306 3379 1480 3434 reneritcum
1496 3378 1585 3433 valida
1600 3392 1693 3442 manu,
1708 3383 1791 3446 prout

136 3481 185 3522 ltae
200 3465 343 3535 Ecclesia,
351 3483 412 3538 quae
420 3481 469 3521 voa
482 3474 592 3522 aelernae
606 3462 780 3520 beatitudinis
795 3462 867 3532 cupit
882 3475 943 3515 esse
993 3479 1146 3541 temporum
1160 3469 1231 3524 dicta
1245 3467 1401 3532 necessitas,
1418 3467 1481 3522 illue
1495 3465 1570 3520 omni
1586 3480 1663 3520 mora
1677 3471 1790 3535 postpo-

136 3553 443 3626 P⁸s¹itiit²82ttd0³l³0
457 3550 748 3619 redeatis;nediutius
764 3549 944 3621 tlss0t¹¹md⁸m
994 3559 1054 3624 sita,
1084 3557 1253 3612 studebimus
1289 3554 1452 3611 omnimodis
1477 3568 1633 3624 properare,
1647 3551 1789 3623 prototius

138 3643 270 3713 perversi
291 3642 427 3714 d⁰im²ti⁸
447 3641 621 3696 ⁸⁰⁸⁸i⁰¹¹ib¹¹⁵
645 3639 793 3710 pernitiem
814 3653 846 3693 ³0
859 3635 945 3692 delfi·
995 3654 1094 3702 sancta
1109 3645 1158 3699 Dei
1173 3643 1304 3699 Ecclesia
1317 3651 1344 3698 et
1358 3641 1479 3696 omniurn
1501 3641 1712 3696 Christianorum
1741 3639 1793 3693 sal·

138 3739 277 3793 mentum.
294 3731 366 3800 quod
378 3729 458 3794 absit,
475 3730 572 3784 ³⁰5³!ae
585 3737 683 3783 tesstt‘ae
704 3725 853 3797 patiamini,
873 3739 945 3796 (1ΰο-
996 3733 1116 3789 ratione.
1131 3734 1201 3787 Data
1216 3731 1297 3786 vadia
1311 3729 1383 3798 binii,
1398 3729 1546 3785 indictione
1560 3743 1611 3783 xri.

137 3819 215 3873 niam
231 3833 283 3873 nos
296 3817 323 3872 in
337 3825 443 3872 tanturn
464 3833 585 3872 amorem
600 3831 682 3886 snper
696 3830 746 3870 ros
767 3812 900 3879 ducimur,
918 3819 948 3867 nt

138 3906 279 3978 quidquid
290 3905 363 3975 juste
374 3915 400 3961 et
413 3905 561 3961 secundum
572 3904 660 3958 Deum
669 3902 813 3973 petieritis,
830 3917 846 3956 a
868 3899 947 3955 nobis

136 3995 293 4064 impetrare
311 3993 592 4063 talentis,restrisque
607 3990 782 4062 petitionibus
796 3988 947 4060 irrefraga-

142 4082 239 4136 biliter
251 4079 365 4135 velimus
380 4079 507 4136 effectum
515 4095 643 4134 annuere.
656 4079 713 4134 lloc
724 4078 821 4132 iterum
836 4077 949 4132 iterum·

1334 3881 1454 3937 ccxxi.

1210 3984 1247 4025 sn
1270 3982 1582 4025 wrooounsrrscorou.

1307 4062 1397 4127 (Anno
1412 4057 1488 4120 879.)

142 4184 203 4240 qne
216 4182 369 4234 nronernus,
388 4176 414 4222 et
430 4167 458 4221 in
476 4167 562 4222 rerba
576 4166 685 4221 Christo
707 4164 849 4229 edicimus,
867 4172 896 4218 nt
910 4180 950 4219 re·
1001 4146 1119 4218 Ultimi
1130 4146 1377 4206 ⁶⁰7⁰10m⁰m²²tm2
1390 4145 1432 4198 ²¹⁶¹
1454 4143 1794 4209 eurotamejmtratrem,

142 4257 209 4311 dire
222 4255 257 4310 ad
273 4271 324 4310 nos
352 4255 463 4310 omnino
482 4254 631 4319 festinarim
648 4253 721 4324 qnia,
737 4254 806 4308 sieut
821 4267 871 4306 nos
885 4266 950 4322 pec·
974 4263 1002 4325 ῃ

1039 4217 1071 4272 de
1087 4215 1211 4272 Ecclesia
1226 4217 1275 4269 Dei
1289 4231 1306 4268 a
1315 4229 1491 4285 papauerum
1507 4210 1738 4280 intestationibus
1745 4208 1794 4263 da-

1039 4285 1181 4358 tendendo
1195 4288 1274 4356 apnt;
1285 4287 1311 4337 et
1328 4285 1353 4338 si
1367 4281 1614 4352 archicapeltanus
1634 4278 1727 4333 Caroli
1746 4279 1795 4333 iio·

143 4358 216 4399 aare
230 4343 369 4408 timemus,
386 4343 408 4397 si
424 4358 474 4398 ros
484 4343 517 4396 ad
527 4342 615 4396 sinum
629 4347 731 4395 sanetae
746 4339 839 4394 matris
853 4347 951 4393 restrae
1034 4373 1112 4411 „mm
1128 4357 1246 4418 venerit,
1272 4355 1332 4479 arse
1356 4367 1461 4423 quoque
1486 4351 1603 4414 „mian
1622 4350 1669 4404 ,in
1685 4349 1793 4413 mmm,

146 4446 206 4485 oon
222 4431 395 4498 deducimus,
413 4430 450 4485 ita
465 4445 515 4485 ros
539 4430 565 4483 in
582 4430 668 4483 Deum
688 4427 846 4498 peccabitis,
860 4427 885 4481 si
897 4440 950 4481 no-

149 4528 238 4574 stram
252 4532 348 4575 rocem
364 4518 459 4573 audire
474 4517 616 4574 omittatis.
639 4517 707 4570 bata
720 4519 858 4587 utsupra.

488 4618 609 4675 CCXIX.

354 4722 390 4762 so
405 4721 602 4762 senescemus
617 4718 749 4761 comesu.

459 4799 550 4866 (Anno
566 4795 640 4863 879.)

1035 4444 1133 4482 aarum
1143 4440 1279 4497 repumoo
1294 4427 1424 4479 untatcm
1434 4423 1486 4477 sibi
1497 4422 1603 4476 titteris
1618 4420 1740 4488 aperiat.

1034 4538 1275 4596 Reverendissimo
1302 4536 1442 4592 Wmaooo
1471 4534 1612 4606 episcopo,
1636 4540 1662 4589 et
1695 4530 1796 4586 dilecto

1002 4629 1147 4686 consiliaro
1161 4639 1265 4683 nostro.

1037 4716 1105 4772 Cum
1120 4716 1229 4772 assidue
1244 4731 1293 4772 ras
1308 4712 1385 4785 qnasi
1400 4711 1589 4768 charissimum
1603 4708 1688 4764 filium
1703 4707 1731 4763 in
1745 4720 1798 4763 no·

1003 4815 1058 4862 stro
1072 4805 1212 4876 cupiamus
1226 4803 1327 4858 habere
1341 4799 1482 4872 obsequio,
1494 4799 1616 4870 placeret
1631 4812 1705 4853 nunc
1719 4795 1799 4851 nobis

159 4893 334 4974 Praecipitat
349 4891 874 4972 lepaioquamodrepemiiulpororum
885 4889 952 4944 mit·
1002 4909 1053 4966 pro
1067 4893 1193 4948 instantis
1216 4890 1348 4960 temporis
1372 4888 1565 4958 multiplicibus
1594 4885 1684 4943 causis
1709 4891 1799 4939 uestro

193 4966 230 5017 m
244 4967 407 5018 “mutum
419 4964 541 5036 immi
557 4979 589 5016 ⁰⁶
606 4976 767 5016 ”mmm
784 4959 950 5031 ΝῬΡΒΜΜ
1004 4982 1097 5055 sagaci
1111 4980 1225 5036 consilia
1253 4978 1318 5037 trui:
1344 4977 1393 5031 sed
1418 4977 1479 5048 quia
1503 4975 1661 5030 industriam
1679 4980 1797 5027 vestram

191 5066 296 5124 Dilecto
320 5065 376 5125 lilio
393 5069 574 5126 Seonscsaro
590 5067 712 5141 glorioso
726 5065 817 5121 comiti
840 5064 953 5121 Seiano·
1004 5085 1036 5127 ea
1051 5085 1111 5142 quae
1124 5069 1159 5123 ad
1173 5069 1305 5125 honorem
1318 5074 1420 5122 sancia·
1434 5064 1484 5120 Dei
1494 5063 1623 5120 Ecclesiae
1637 5076 1670 5117 ⁸0
1680 5069 1801 5115 nostrum

161 5170 216 5212 ΝΠ]
231 5165 253 5213 ¹·
1003 5159 1150 5237 pertinent,
1180 5171 1290 5228 semper
1312 5155 1411 5227 uquue
1444 5168 1528 5224 agere
1557 5150 1630 5206 tideli
1658 5147 1801 5205 devotione

194 5305 206 5337 s
219 5277 255 5328 tls
266 5278 359 5328 mars
370 5275 476 5333 unum
487 5274 633 5329 bramtune
644 5271 687 5325 lib.
712 5282 764 5327 avit
786 5271 812 5324 in
822 5269 946 5334 headda.
1037 5264 1189 5321 saloninus
1208 5263 1252 5316 lib.
1264 5277 1298 5323 rr,
1311 5275 1333 5313 c.
1347 5260 1381 5312 id
1393 5267 1418 5312 at
1430 5261 1471 5311 st.
1486 5259 1612 5310 cedrenus
1624 5257 1650 5309 ln
1670 5255 1801 5316 haurias,

160 5341 233 5393 hm
243 5345 269 5392 st
279 5340 321 5392 ts.
1005 5334 1164 5396 Nicophanes,
1177 5331 1219 5380 lib.
1231 5342 1302 5386 svart,
1317 5343 1339 5378 r.
1353 5329 1395 5377 tri.
