3794 6104
108 292 111 297 ·
140 278 192 332 tea
638 275 810 333 HlNCblARl
829 273 1030 332 RHEblENSlS
1048 273 1327 333 ARCHlEPlSCOPl.
1742 283 1795 338 200

140 399 249 467 tabitur,
267 400 313 473 qui
328 416 394 457 vero
409 416 439 455 se
455 400 565 470 exaltat,
580 401 776 457 humiliabitur.
788 400 940 456 Eumdem-
953 398 982 461 Α
993 398 1154 455 inconcusse
1177 401 1254 470 juxta
1278 416 1369 457 sacras
1393 401 1505 475 regulas
1526 403 1709 461 conservatis.
1730 405 1796 475 Quae

140 505 193 561 que
203 488 496 563 dixisse:Qnicunque
507 493 568 546 vult
577 492 655 546 inter
664 509 710 549 vos
720 493 812 563 major
821 491 894 560 fieri,
904 491 944 545 sit
992 489 1160 559 temporibus
1191 489 1337 544 Theodosii
1370 497 1395 545 et
1427 491 1555 560 Honorii
1581 491 1793 563 imperatorum,

140 582 231 635 vester
243 579 386 647 minister,
399 583 427 635 et
439 581 597 652 quicunqne
608 580 727 636 uoluerit
738 582 815 635 inter
824 596 870 635 vos
876 580 940 652 pri-
990 575 1148 646 pontificatu
1178 594 1254 648 papae
1274 578 1391 645 Zosimi,
1421 596 1472 650 per
1494 588 1599 651 septem
1618 583 1793 652 provincias,

140 658 282 732 mesenae,
293 670 348 723 erit
357 673 447 723 cester
456 683 553 723 sernas
564 667 659 739 (tllarc.
672 683 702 736 x,
716 669 770 740 ld).
783 668 941 723 vosautem
991 665 1095 720 scilicet
1113 666 1314 733 Viennensem,
1335 668 1545 739 Lugdunensem
1559 711 1566 735 ,
1586 669 1793 728 Narbonensem

140 756 261 828 quaeritis
276 757 310 810 de
325 756 423 827 pusillo
446 772 571 813 crescere
594 764 620 812 et
641 757 675 811 de
696 759 799 812 honore
821 756 940 824 majores
990 753 1107 824 primam
1122 763 1149 809 et
1164 756 1331 822 secundam,
1349 765 1375 811 et
1390 755 1533 827 Alpinam,
1557 765 1583 813 et
1596 759 1792 832 Novempopu-

139 861 210 902 esse.
228 846 377 917 Utrumque
398 845 470 900 enim
485 845 680 912 inordinatum,
702 853 846 917 utrumque
867 861 939 916 prar-
990 842 1098 910 lanam,
1116 851 1142 899 et
1158 845 1306 899 secundam
1327 845 1515 916 Aquitanicam
1538 848 1694 914 emanavit,
1710 855 1739 903 ut
1760 850 1792 907 de

137 941 278 1006 posterum
302 941 360 1001 est,
387 942 413 989 et
438 934 527 991 omnis
546 935 671 990 laborum
687 934 789 990 fructus
807 933 937 1002 aufertur,
989 930 1031 985 his
1050 931 1198 1002 provinciis
1213 932 1336 988 honorati
1359 934 1402 988 vel
1426 951 1614 1005 possessores,
1637 937 1746 1006 judices
1768 947 1792 993 et

136 1021 225 1078 omnis
241 1022 400 1078 mentorum
424 1040 552 1080 mensura
566 1032 707 1084 vacuatur,
723 1023 746 1077 si
761 1031 863 1078 tantum
878 1023 938 1095 quis
989 1020 1111 1091 episcopi
1127 1021 1304 1092 praefatarum
1319 1023 1531 1093 provinciarum,
1559 1025 1595 1079 ab
1619 1026 1716 1081 ldibus
1738 1031 1791 1081 Au-

135 1111 289 1184 assequitnr
307 1111 458 1185 dignitatis,
476 1120 607 1185 quantum
629 1112 790 1167 adulationis
812 1111 936 1181 obtinuit,
988 1110 1062 1180 gusti
1070 1110 1276 1182 quibuscunque
1288 1111 1385 1167 mediis
1395 1112 1492 1167 diebus
1500 1113 1527 1166 in
1538 1113 1602 1168 ldus
1612 1114 1788 1186 Septembris,

134 1207 164 1255 ut
177 1200 310 1271 cupiditas
335 1200 472 1256 eminendi
487 1217 542 1257 non
558 1202 645 1257 solum
666 1200 938 1272 superbientemmi-
988 1197 1016 1252 in
1037 1198 1106 1254 urbe
1127 1199 1291 1266 Arelatensi,
1308 1217 1369 1272 quae
1385 1209 1411 1256 et
1426 1202 1603 1258 Constantina
1617 1213 1744 1273 vocatur,
1759 1207 1791 1261 ad

134 1292 216 1359 nuat,
224 1289 273 1345 sed
294 1289 376 1344 etiarn
398 1288 599 1346 conniventem.
617 1289 645 1346 Si
661 1305 736 1357 vero,
753 1298 782 1344 ut
796 1289 936 1355 asseritur,
987 1286 1132 1342 concilium
1163 1288 1271 1345 forense
1296 1289 1340 1344 vel
1362 1289 1578 1348 ecclesiasticum
1603 1293 1788 1350 convenirent.

132 1377 214 1449 primi
229 1377 399 1450 secundique
415 1378 567 1449 presbyteri
582 1378 654 1435 circa
669 1378 846 1450 Epicarpium
868 1378 937 1433 sibi·
987 1376 1025 1430 lta
1044 1385 1073 1430 ut
1092 1377 1126 1431 de
1144 1377 1389 1448 Novempopulana
1415 1386 1441 1433 et
1469 1380 1589 1436 secunda
1617 1381 1789 1454 Aquitanica,

133 1474 189 1521 met
203 1466 427 1539 praeponendum,
440 1473 493 1522 tam
507 1467 570 1523 hnic
585 1467 731 1523 assentatio
745 1466 804 1535 fuit,
817 1475 845 1521 ut
860 1466 937 1521 illum
987 1480 1046 1535 quae
1075 1465 1221 1536 provincie
1248 1465 1357 1539 longius
1376 1467 1528 1524 constituta
1552 1477 1631 1537 sunt,
1657 1469 1682 1525 si
1701 1486 1789 1526 eorum

132 1569 195 1611 cnm
209 1554 252 1609 sui
266 1554 402 1611 dedecore
417 1564 564 1627 poscerent
583 1555 723 1623 honorari,
738 1571 789 1612 nec
805 1556 857 1611 hoc
873 1554 936 1626 qui·
982 1552 1090 1621 judices
1104 1561 1131 1610 et
1145 1555 1369 1626 metropolitanos
1391 1557 1535 1627 occupatio
1557 1566 1634 1613 certa
1650 1559 1787 1627 retineret,

132 1643 196 1699 dem
209 1642 263 1698 illis
273 1644 386 1716 proprio
396 1644 537 1715 sejudicio
549 1643 740 1714 dejicientibus
751 1644 833 1698 tribui
843 1644 936 1700 debuit
985 1640 1092 1715 legatos
1115 1658 1179 1698 suos
1197 1645 1272 1712 juxta
1296 1645 1521 1702 consuetudinem
1541 1646 1699 1714 mitterent,
1723 1648 1789 1705 sicut

132 1731 205 1804 quod
219 1731 358 1800 volebant,
375 1733 419 1789 cni
441 1741 497 1788 tam
518 1732 626 1789 miserae
640 1732 770 1789 voluntati
785 1740 810 1788 te
825 1732 935 1805 dignius
948 1728 1013 1823 Βία
1028 1730 1117 1786 edicto
1139 1731 1312 1803 praefatorum
1334 1732 1541 1805 imperatorum,
1565 1743 1592 1790 et
1616 1735 1645 1790 in
1668 1737 1788 1807 epistolis

132 1818 219 1876 fuerat
243 1821 365 1891 obviare,
392 1837 473 1894 quam
499 1821 609 1879 cedere.
633 1819 771 1878 Deformis
794 1830 884 1877 antem
908 1830 936 1877 et
985 1819 1235 1891 apostolicaesedis
1259 1821 1418 1894 pontificum
1444 1821 1591 1880 invenitur.
1613 1824 1721 1882 Deinde
1747 1826 1788 1884 hic

131 1907 233 1982 ignava
256 1909 389 1980 subjectio
413 1912 483 1968 bene
510 1911 561 1966 sibi
576 1911 703 1978 consciis,
721 1919 749 1968 et
761 1926 816 1966 nou
831 1911 935 1967 irritam
985 1908 1117 1980 primatus
1132 1926 1182 1980 per
1196 1909 1322 1980 prefatas
1346 1910 1501 1982 provincias
1517 1913 1669 1981 Viennensi
1689 1913 1788 1971 civitati

131 1997 292 2056 facientibus
306 1999 423 2073 gratiam
436 2000 497 2067 Dei,
514 2000 692 2072 praejudicare
715 2016 771 2056 non
793 2000 889 2072 potuit,
907 2009 935 2056 ut
986 1997 1149 2054 commissus
1163 2006 1214 2065 est,
1231 1999 1348 2071 indeque
1361 2002 1432 2057 hanc
1451 2000 1664 2059 sollicitudinem
1679 2003 1787 2075 episco-

131 2088 263 2160 primates
278 2105 343 2145 suos
366 2105 529 2162 quocunque
553 2089 719 2146 commercio
733 2090 761 2143 in
775 2089 935 2145 altcmtrum
984 2102 1036 2157 pus
1051 2087 1221 2143 Arelatensis
1235 2088 1348 2160 recepit.

131 2176 340 2249 transferentes,
357 2178 582 2251 subsequentium
598 2194 709 2234 sucrum
723 2179 876 2234 minuerent
890 2179 934 2233 di·
1019 2175 1096 2229 XIX.
1112 2176 1228 2231 Demum
1243 2176 1269 2231 in
1285 2192 1370 2250 regno
1386 2177 1526 2246 Glodovei,
1543 2194 1629 2251 nuper
1646 2194 1709 2235 cum
1725 2181 1788 2238 inte·

130 2266 274 2340 quitatem,
291 2275 414 2339 atquem
433 2267 558 2323 ultimum
574 2266 626 2337 sibi
640 2262 861 2338 anteposuerant,
878 2282 934 2323 cae-
984 2279 1035 2336 gra
1050 2271 1131 2335 gente
1146 2265 1181 2319 ad
1196 2264 1279 2321 fidem
1300 2267 1425 2322 conversi
1440 2283 1489 2338 per
1503 2277 1626 2324 sanctam
1651 2270 1787 2340 pmdioa·

130 2355 197 2411 teris
224 2355 408 2426 premineret.
437 2355 562 2412 Praedicti
591 2355 673 2428 igitur
697 2355 862 2427 presbyteri,
887 2355 934 2428 qui
984 2351 1086 2408 tionem
1101 2351 1173 2408 beati
1191 2353 1318 2425 Remigii,
1334 2354 1450 2411 Domino
1463 2365 1628 2429 cooperante
1643 2366 1670 2414 et
1686 2374 1786 2415 sermo

129 2441 257 2515 indignos
278 2460 308 2500 se
327 2443 440 2500 honoris
460 2445 502 2499 sui
519 2442 615 2500 ordine
639 2452 700 2499 snut
722 2443 848 2516 professi,
871 2444 934 2501 licet
983 2455 1046 2497 nem
1056 2440 1235 2499 confirmante
1244 2443 1420 2515 sequentibus
1431 2444 1527 2516 signis,
1538 2446 1634 2501 beatus
1642 2447 1786 2503 Homnisda

129 2532 231 2603 privari
255 2531 337 2589 etiam
362 2532 516 2590 sacerdotio
538 2541 718 2598 mererentur,
734 2542 825 2589 tamen
843 2540 872 2588 ut
893 2533 933 2589 eis
982 2529 1057 2606 vices
1072 2544 1135 2585 suas
1156 2531 1243 2587 eidem
1260 2540 1355 2588 sancto
1370 2533 1495 2606 Remigio
1509 2534 1678 2592 Rhemorum
1693 2537 1785 2593 Duro-

128 2637 179 2693 pro
203 2620 361 2693 apostolica
377 2621 450 2678 sedis
465 2621 568 2693 pietate
589 2631 727 2694 parcatur,
753 2622 839 2678 ultimi
860 2622 932 2678 iuter
983 2626 1123 2675 concrum
1137 2619 1254 2691 antiquae
1269 2620 1426 2692 metropolis
1441 2622 1580 2694 episcopo,
1597 2639 1659 2696 quae
1678 2641 1785 2696 praece·

127 2725 224 2767 omnes
238 2711 370 2768 Ecclesiae
385 2711 562 2783 presbyteros
572 2711 733 2769 habeantur.
750 2712 785 2767 Et
798 2719 826 2766 nt
836 2710 932 2782 judicii
981 2707 1106 2764 dentibus
1120 2709 1289 2780 temporibus
1304 2710 1399 2764 habuit
1414 2711 1465 2766 sub
1480 2727 1510 2767 se
1525 2711 1672 2769 duodecim
1689 2714 1784 2771 civita-

127 2799 170 2856 aui
184 2800 347 2856 sententiam
366 2800 471 2868 ferant,
495 2799 643 2857 inferiores
661 2801 744 2858 etiam
766 2799 812 2856 illo
834 2808 929 2868 amnt,
981 2803 1033 2863 tes,
1050 2797 1176 2854 videlicet
1190 2798 1378 2865 Suessionum,
1395 2799 1615 2870 Catalaunomm,
1631 2802 1785 2859 veroman-

128 2904 210 2960 quem
229 2887 343 2960 propria
366 2888 501 2944 sententia
525 2889 634 2945 sibimet
655 2889 808 2961 praetulere,
824 2888 930 2946 caeteris
981 2884 1088 2954 dorum,
1106 2886 1275 2954 Atrebatum,
1291 2887 1535 2955 camaracensium,
1557 2890 1783 2961 Tornacensium,

130 2976 257 3031 omnibus
281 2976 452 3047 presbyteris
472 2977 501 3031 in
522 2993 555 3034 eo
577 2977 673 3033 ordine
693 2977 928 3048 permanentibus,
981 2973 1172 3043 Silvanectum,
1193 2975 1415 3048 Belgivagorum,
1439 2978 1673 3047 Ambianensium,
1697 2982 1784 3038 Mori-

126 3079 208 3137 quem
225 3063 370 3137 unicuique
389 3054 568 3122 ordinationis
591 3081 648 3123 suae
671 3073 777 3138 tempus
792 3065 927 3138 ascripsit.
979 3079 1054 3131 num,
1065 3063 1093 3118 id
1105 3072 1155 3131 est,
1173 3064 1323 3131 Ponticum,
1335 3066 1556 3133 bononiensium,
1578 3075 1604 3124 et
1622 3068 1784 3126 laudunum

125 3153 183 3210 Nec
199 3153 343 3226 quisquam
357 3164 456 3225 prater
478 3155 625 3226 praedictos
640 3155 709 3210 duos
722 3155 871 3211 imminutae
884 3155 929 3211 di·
980 3152 1129 3219 Clavatum,
1144 3153 1172 3208 in
1187 3169 1242 3226 quo
1254 3161 1344 3212 castro
1359 3170 1393 3211 ex
1408 3170 1458 3211 sua
1471 3156 1601 3226 parocbia
1621 3156 1697 3214 idem
1719 3174 1784 3215 san·

126 3241 237 3316 gnitatis
265 3243 383 3315 patiatur
410 3243 558 3314 injuriam,
584 3245 632 3301 sed
656 3243 684 3299 in
707 3260 802 3301 eorum
832 3251 930 3300 statum
979 3249 1039 3298 ctus
1060 3241 1201 3315 Remigius
1225 3242 1412 3300 Africanorum
1436 3260 1573 3301 canonum
1587 3253 1615 3303 et
1634 3246 1784 3319 apostolica

126 3332 315 3388 tantummodo
330 3332 382 3389 hoc
397 3341 523 3390 recurrat
544 3333 730 3405 opprobrium,
754 3333 800 3407 qui
820 3333 929 3390 novello
978 3329 1061 3386 fultus
1076 3330 1236 3387 auctoritate
1250 3333 1389 3388 coustituit
1411 3333 1580 3405 episcopum,
1595 3350 1646 3406 per
1659 3336 1783 3410 Belgicae

125 3428 152 3477 et
166 3421 311 3478 immature
326 3421 450 3480 ordinato
460 3421 605 3480 inferiores
615 3421 675 3479 sieri
685 3422 804 3497 elegere,
816 3423 928 3479 utillam
979 3428 1006 3477 et
1020 3420 1153 3492 quasdam
1175 3420 1329 3491 provincias
1352 3421 1507 3479 Gallicanas
1527 3425 1673 3493 commisit,
1689 3435 1720 3482 ut
1734 3427 1784 3484 liei

127 3510 317 3585 evangelicam
340 3511 504 3569 sententiam
527 3513 563 3569 ad
587 3529 616 3569 se
641 3513 757 3569 sentiant
778 3512 926 3584 pertinere,
978 3509 1120 3576 ccclesias,
1138 3525 1205 3581 quas
1220 3510 1317 3566 Franci
1338 3510 1427 3567 adhuc
1450 3511 1551 3584 pagani
1573 3512 1784 3572 devastaverant

86 3590 88 3594 ⁴
126 3615 179 3673 qua
197 3600 297 3657 dicitur
312 3617 320 3656 r
336 3599 397 3671 Quo
417 3600 521 3671 judicio
543 3600 741 3671 judicaveritis,
763 3600 929 3671 judicabitur
978 3606 1005 3654 et
1027 3598 1204 3655 incenderant
1222 3599 1350 3654 universa
1364 3600 1534 3671 praedantes,
1558 3609 1586 3656 et
1611 3617 1781 3678 quecunque

124 3687 159 3745 de
180 3688 276 3757 vobis3
299 3696 326 3745 et
350 3705 403 3761 qua
427 3705 556 3746 mensura
579 3689 667 3746 mansi
689 3689 805 3757 fueritis,
831 3689 929 3745 eadem
978 3701 1122 3758 perperam
1137 3695 1214 3760 gesta
1228 3687 1343 3759 lucrant,
1358 3688 1394 3743 ad
1408 3686 1531 3745 debitum
1544 3697 1646 3745 statum
1669 3691 1783 3750 reduce·

125 3777 285 3833 'remetietur
298 3776 378 3833 vobis
388 3778 499 3848 (llotth.
514 3793 565 3843 vn,
576 3778 615 3849 ἓ).
628 3777 725 3832 Paulus
735 3792 801 3833 vero
816 3778 929 3848 presby·
977 3782 1029 3841 ret,
1045 3783 1172 3832 manente
1195 3775 1339 3848 privilegio
1363 3776 1517 3838 Arelatensi
1538 3777 1670 3836 Ecclesia
1685 3779 1714 3836 in
1729 3781 1781 3837 sibi

122 3873 165 3921 ter
179 3865 304 3921 ordinem
319 3881 408 3933 suum,
433 3866 468 3921 de
492 3880 546 3938 quo
568 3865 698 3922 laudabili
721 3863 849 3922 firmitate
872 3881 928 3922 non
977 3863 1126 3935 antiquitus
1140 3863 1274 3938 delegatis
1288 3865 1445 3936 provinciis.

125 3953 218 4021 cessit,
243 3953 373 4022 obtineat,
397 3970 449 4010 nec
473 3954 584 4011 ulterius
608 3953 711 4027 aliquid
725 3955 753 4011 in
767 3955 926 4029 cuiusquam
1012 3952 1076 4009 XX.
1088 3953 1183 4009 Postea
1193 3969 1270 4020 reru,
1286 3961 1410 4025 tempore
1424 3954 1497 4011 beati
1508 3955 1637 4030 Gregorii
1646 3957 1779 4032 Virgilius

123 4050 305 4114 praesumatur
319 4042 453 4112 injuriam.
474 4065 485 4093 ι
975 4041 1143 4097 Arelatensis
1159 4041 1313 4114 episcopus,
1329 4050 1438 4114 petente
1462 4043 1636 4102 Childebeno
1657 4063 1737 4119 rege,
1750 4047 1780 4103 in

159 4130 259 4187 xvlll.
281 4131 347 4188 llaec
369 4131 407 4188 ita
430 4132 464 4188 de
485 4130 547 4202 iure
571 4131 687 4206 singulis
708 4131 926 4205 metropolitanis
975 4145 1062 4202 regno
1076 4128 1172 4202 ipsius,
1188 4130 1257 4186 sicut
1272 4131 1433 4188 decessores
1448 4131 1520 4187 illius
1534 4133 1562 4188 in
1578 4132 1697 4205 praefatis
1710 4152 1778 4208 pro·

124 4220 325 4290 conservando,
342 4229 368 4278 et
382 4228 412 4276 ut
424 4221 590 4293 posteriores
603 4237 634 4278 se
646 4222 784 4294 prioribus
799 4222 856 4279 suis
870 4238 925 4279 non
976 4218 1073 4276 vinciis
1086 4219 1246 4285 habuerant,
1260 4220 1330 4276 hanc
1349 4219 1551 4291 delegationem
1575 4222 1674 4280 eodem
1697 4224 1778 4281 beato

121 4309 279 4382 preferant,
295 4309 344 4366 sed
360 4309 484 4368 ordinem
499 4310 551 4367 sibi
565 4326 581 4366 a
596 4311 655 4368 Reo
675 4311 800 4368 traditum
823 4311 925 4384 quique
976 4306 1110 4380 Gregorio
1133 4308 1318 4365 committente
1341 4309 1461 4382 suscepit
1481 4311 1541 4381 (lib.
1558 4324 1597 4380 iv,
1613 4313 1697 4384 epist.
1720 4314 1777 4384 52).
1794 4301 1804 4315 '

121 4411 286 4457 conservare
310 4407 468 4471 procurant,
484 4415 499 4455 a
514 4399 633 4458 Nicaenis
657 4401 808 4457 canonibus
823 4400 925 4474 Spiritu
975 4396 1098 4468 Denique
1112 4404 1234 4468 tempore
1256 4396 1345 4454 Caroli
1366 4397 1507 4470 principis,
1533 4399 1642 4471 quando
1663 4409 1779 4474 propter

122 4488 173 4546 Dei
186 4488 314 4560 conditis,
330 4495 357 4546 et
372 4489 453 4545 totius
467 4489 563 4545 mundi
577 4490 732 4545 reverentia
748 4480 959 4557 consecratis‚D
973 4484 1139 4542 discordiam
1154 4494 1180 4542 et
1194 4486 1396 4542 contentionem
1410 4487 1445 4543 de
1459 4487 1609 4559 principatu
1630 4487 1701 4546 inter
1714 4504 1777 4547 eum

120 4578 284 4651 caterisque
299 4578 385 4634 sacris
400 4577 548 4634 canonibus
559 4577 783 4651 irrefragabiliter
792 4579 921 4646 decretis,
974 4581 999 4630 et
1028 4574 1239 4648 Raganfredum,
1260 4583 1287 4630 et
1310 4574 1464 4647 frequentia
1481 4592 1512 4632 ac
1531 4575 1622 4632 civilia
1640 4576 1697 4634 imo
1715 4578 1777 4650 plus

120 4682 153 4725 ac
176 4667 349 4740 providentia
364 4675 391 4724 et
406 4666 564 4723 auctoritate
588 4665 746 4740 pontificum
767 4666 924 4739 apostolicae
974 4680 1054 4735 qnam
1069 4663 1169 4732 civilia,
1186 4663 1250 4736 quia
1268 4663 1392 4719 intestina
1407 4671 1434 4720 et
1447 4662 1625 4735 parricidalia
1647 4665 1731 4737 bella,
1748 4667 1776 4723 in

121 4756 195 4813 sedis
205 4772 239 4812 ex
248 4756 353 4812 eisdem
363 4756 514 4814 canonibus
524 4756 714 4827 promulgatis,
726 4755 762 4813 ad
774 4772 868 4813 eorum
877 4756 923 4828 qui
974 4753 1143 4809 Germanicis
1154 4761 1181 4807 et
1190 4751 1308 4823 Belgicis
1317 4768 1350 4808 ac
1360 4752 1508 4809 Gallicanis
1524 4753 1671 4824 provinciis
1685 4755 1777 4813 omnis

122 4845 210 4900 sciunt
237 4845 415 4915 memoriam,
437 4844 481 4902 vel
504 4845 683 4902 nescientium
709 4845 778 4901 forte
800 4845 923 4902 notitiam
973 4841 1072 4914 religio
1087 4841 1295 4897 Christianitatis
1309 4857 1379 4911 pene
1389 4840 1439 4896 fuit
1448 4840 1561 4909 abolita,
1577 4841 1613 4897 ita
1627 4851 1658 4898 ut
1671 4844 1776 4915 episco

120 4948 339 4990 commemorare
353 4934 456 4991 debere
469 4933 636 5006 putavimus,
653 4935 783 5007 qnoniam
795 4934 824 4989 in
838 4934 923 4990 Gisal-
972 4929 1015 5002 pis
1029 4930 1057 4985 in
1071 4930 1167 5002 paucis
1181 4930 1250 4985 locis
1269 4930 1396 4997 residuis,
1414 4930 1553 5001 episcopia
1574 4930 1652 4986 laicis
1672 4932 1775 4989 donata

119 5022 191 5095 pinis
212 5021 362 5094 provinciis
385 5022 520 5096 delegatio
534 5023 634 5081 vicium
658 5023 815 5096 apostolicae
836 5022 920 5093 sedis,
973 5026 999 5074 et
1014 5018 1097 5074 rubus
1111 5019 1198 5075 divisa
1211 5019 1320 5084 fuerint,
1332 5019 1401 5074 adeo
1416 5027 1445 5075 ut
1459 5019 1521 5076 llilo
1537 5019 1649 5092 quidam
1662 5028 1775 5077 tonsura

40 5105 41 5114 ’
117 5120 229 5184 propter
253 5111 435 5168 simoniacam
450 5112 576 5169 heresim
599 5113 814 5185 exstirpandam,
837 5119 866 5169 et
887 5113 922 5167 ad
973 5106 1098 5171 clericus,
1114 5108 1245 5175 moribus,
1261 5107 1364 5177 habitu,
1377 5114 1476 5164 etactu
1489 5107 1661 5180 irreligiosus
1676 5108 1773 5177 laicus,

117 5200 367 5274 presumptionem,
378 5200 440 5273 quia
450 5201 512 5257 laici
525 5209 650 5273 potentes
665 5210 778 5274 repente
793 5210 921 5257 tonsura-
973 5195 1111 5267 episcopia
1124 5196 1292 5252 Rhemorum
1307 5211 1340 5252 ac
1353 5197 1526 5253 Treviromm
1548 5212 1686 5269 usurpans
1705 5198 1775 5254 insi·

118 5289 226 5359 bantur,
250 5298 277 5346 er
304 5290 500 5347 ordinabantur
535 5289 673 5363 episcopt,
710 5290 920 5363 amputandam,
971 5283 1038 5349 mul,
1054 5300 1104 5353 per
1117 5284 1218 5339 multos
1233 5300 1319 5340 annos
1334 5283 1569 5355 pessumdederit:
1582 5283 1695 5340 etmulti
1705 5286 1773 5356 jam,

120 5377 191 5434 sicut
204 5377 232 5432 in
243 5379 400 5450 apostolicae
414 5379 489 5435 sedis
503 5377 681 5451 pontificum,
698 5379 816 5436 maxime
831 5387 922 5436 autem
971 5371 1087 5427 maxime
1101 5372 1128 5427 5¹1
1144 5371 1327 5429 Oriffllalibffl
1342 5373 1511 5446 regionibus,
1528 5372 1602 5429 ld0l³
1616 5374 1772 5442 ³d⁰l⁸sffl¹h

117 5465 146 5523 in
162 5466 234 5522 beati
249 5466 377 5539 Gregorii
390 5467 513 5541 epistolis
535 5467 663 5541 legimus,
678 5467 728 5526 fuit
742 5477 845 5536 exorta,
861 5469 921 5542 pri.
972 5467 998 5515 et
1013 5460 1072 5516 sine
1093 5460 1229 5533 baptismo
1249 5470 1402 5529 manerent,
1420 5460 1571 5535 Gregorius
1584 5477 1600 5516 a
1613 5462 1704 5534 primo
1726 5479 1774 5519 se·

117 5552 227 5628 rilegils
261 5555 433 5630 ainmlamm
467 5554 671 5629 provinciarum
704 5555 922 5631 metropolitanis
971 5557 1089 5629 candus,
1108 5557 1159 5616 sed
1177 5565 1204 5617 et
1222 5559 1319 5618 tertius
1338 5557 1501 5633 Gregorius.
1521 5557 1645 5617 Winfrid
1663 5573 1772 5634 cogno·
