3826 6098
120 215 171 270 toa
475 212 597 273 OPUSC.
626 214 672 272 El*
693 214 802 274 ttrtsr.
832 216 870 271 IN
898 214 1012 273 CAUSA
1034 217 1206 278 HINCMARI
1228 221 1381 281 naboan.
1717 228 1769 284 t'lb

124 336 216 392 cilium
236 336 368 406 (conti)
383 354 417 391 :a
441 337 469 394 Si
490 337 551 411 quis
574 339 718 417 presbyter
739 357 754 395 a
774 338 921 411 praeposito
936 339 1097 400 Arelatem
1112 345 1200 415 (Rom.
1217 345 1258 415 xl,
1275 346 1303 401 in
1325 347 1372 402 illo
1390 347 1495 405 latrone
1522 350 1687 408 declaratum
1716 363 1766 417 est.

125 441 174 480 suo
188 433 331 496 correptus
346 425 437 493 luerit,
453 427 637 499 debetutiquc
656 429 726 499 apud
741 428 846 485 vicinos
869 428 926 500 epi·
976 428 1029 484 Sed
1048 439 1113 487 tunc
1140 433 1268 504 impletur
1294 435 1472 505 invisibiliter,
1502 454 1564 494 cum
1591 440 1772 500 ministerium

125 529 223 585 scopos
238 515 379 586 conqueri,
394 522 423 570 ut
433 515 469 570 ab
480 515 547 586 ipsis
557 517 617 585 ejus
631 531 714 573 causa
724 517 813 588 possit
826 517 923 586 audiri,
976 517 1102 588 baptismi
1121 536 1174 575 non
1194 530 1366 593 contemptus
1390 525 1547 597 religionis,
1568 527 1617 584 scd
1645 529 1772 587 articulus

125 618 153 657 ac
167 618 219 673 per
233 602 309 672 ipsos
324 619 373 658 suo
388 604 518 675 episcopo
533 604 694 661 reconcilari
712 621 718 659 :
736 605 810 677 quod
825 602 925 660 nisila-
975 608 1144 662 necessitatis
1156 610 1282 665 excludit.
1304 612 1375 666 Nam
1398 613 1585 687 multomagis
1601 616 1629 670 in
1646 618 1774 676 Cornelio

125 691 206 758 cerit,
223 691 273 746 scd
288 691 426 761 superbia,
442 692 514 765 quod
538 693 618 761 absit,
643 692 752 749 intlatus
776 709 925 749 secernen-
976 702 1002 747 et
1016 694 1044 749 in
1060 696 1155 751 amicis
1171 697 1229 766 ejus
1243 698 1318 769 (Act.
1335 699 1376 770 x),
1393 702 1510 773 quamin
1525 703 1572 759 illo
1586 704 1693 762 latrone
1707 722 1772 780 pos·

125 774 189 829 dum
203 790 235 829 se
248 776 282 847 ab
303 775 425 847 episcopi
452 776 494 832 sui
524 777 716 833 communione
740 777 854 845 duxerit,
882 785 925 831 aut
976 788 1018 836 set
1033 782 1120 838 videri
1135 785 1309 855 superfluum,
1335 795 1363 841 ut
1386 802 1456 860 aqua
1477 791 1558 845 etiam
1573 792 1772 863 tinguerentur,

125 864 273 934 separatim
283 880 344 921 cum
360 863 496 936 aliquibus
512 865 632 921 schisma
645 865 747 920 faciens
762 864 925 921 sacrificium
975 869 1117 941 inquibus
1143 872 1199 940 jam
1227 874 1327 928 donum
1357 875 1473 946 Spiritus
1503 880 1597 946 sancti,
1619 881 1693 952 quod
1720 882 1773 940 nisi

126 953 181 1007 Deo
196 953 336 1018 obtulerit,
354 953 500 1008 anathema
513 952 618 1018 habeat,
635 961 662 1007 et
691 952 781 1009 locum
801 953 923 1008 amittat:
975 956 1123 1029 baptizatos
1138 960 1207 1014 allos
1221 963 1361 1032 accepisse
1383 974 1474 1020 sancta
1493 965 1630 1038 Scriptura
1649 975 1772 1037 testatur,

125 1040 146 1094 si
156 1041 358 1113 querimoniam
370 1042 469 1110 justam
484 1041 614 1097 adversus
637 1041 795 1113 episcopum
810 1043 925 1097 nonha-
975 1054 1051 1101 certo
1066 1063 1175 1118 quoque
1199 1047 1308 1119 iudicio,
1334 1052 1407 1121 quod
1435 1053 1489 1108 illis
1512 1056 1681 1126 temporibus
1704 1072 1773 1114 con-

124 1129 222 1198 baerit,
234 1129 425 1202 inquirendum
441 1130 500 1185 erit.
516 1153 526 1178 r
546 1130 699 1186 Secundum
709 1129 923 1202 hoocapitulum,
975 1135 1100 1204 gruebat,
1117 1151 1178 1190 cum
1193 1135 1293 1208 linguis
1308 1136 1481 1210 loquentibus
1496 1143 1647 1200 eminuerat
1662 1161 1669 1199 :
1686 1145 1773 1218 bapti-

124 1217 204 1273 simul
220 1233 282 1274 cum
303 1218 507 1290 nonocapitulo
522 1218 682 1273 antiocheni
703 1218 821 1285 concilii,
847 1234 925 1274 com·
975 1222 1026 1276 zati
1042 1231 1103 1278 sunt
1119 1230 1219 1292 tamen,
1237 1231 1263 1278 et
1285 1224 1313 1278 in
1346 1226 1398 1280 hoc
1420 1227 1492 1283 lacto
1516 1232 1664 1301 apostolica
1685 1243 1774 1290 exstat

124 1305 241 1361 ministri
254 1306 386 1363 Ecclesiae
400 1305 590 1362 Lauduneusis
608 1307 711 1379 absque
739 1307 885 1363 schismate
900 1317 926 1363 et
976 1311 1133 1366 auctoritas.
1149 1313 1241 1383 Usque
1256 1312 1515 1383 adcoucmodebet,
1532 1318 1559 1373 ia
1575 1321 1696 1390 quolibet
1709 1337 1774 1394 pro·

124 1394 285 1461 rebellione,
299 1394 376 1465 juxta
399 1395 530 1466 temporis
553 1396 708 1467 augustiam
738 1405 765 1451 et
780 1395 925 1451 imminens
975 1407 1053 1454 vectu
1077 1399 1215 1455 interioris
1232 1401 1363 1471 hominis,
1390 1403 1414 1458 si
1428 1403 1498 1462 sorte
1518 1414 1580 1463 ante
1610 1408 1773 1479 baptismum

123 1482 285 1553 periculum,
314 1483 475 1539 innocenter
502 1483 629 1553 injuriam
660 1484 736 1555 passi
764 1484 925 1557 episcopum
974 1502 1061 1559 usque
1080 1488 1114 1542 ad
1130 1488 1281 1560 spiritalem
1300 1490 1468 1547 intellectum
1490 1493 1536 1564 pio
1552 1495 1635 1551 corde
1649 1495 1774 1566 proiece-

124 1570 360 1643 metropolitanum
376 1570 509 1638 adierunt,
536 1581 562 1627 et
582 1571 654 1639 ideo,
677 1572 748 1628 sicut
770 1589 852 1643 supra
876 1588 924 1629 cs·
975 1575 1017 1641 rit,
1046 1583 1220 1632 contemnere
1249 1587 1461 1646 sacramentum,
1492 1581 1566 1653 quod
1588 1582 1775 1640 ministrorum

124 1659 206 1725 andi,
232 1659 261 1714 ia
283 1660 473 1716 communione
499 1660 685 1717 ecclesiastica
702 1660 806 1716 restitui
821 1669 846 1716 ct
861 1678 924 1732 per·
936 1691 963 1750 Β
974 1679 1058 1734 opere
1071 1665 1252 1735 corporaliter
1262 1666 1417 1733 adhibetur,
1434 1669 1482 1724 sed
1498 1685 1548 1739 per
1562 1670 1613 1726 boc
1635 1672 1709 1726 Deus
1723 1673 1772 1729 bo·

123 1764 232 1804 manere
251 1747 413 1804 debuerunt.
432 1748 510 1806 Unde
533 1749 749 1821 Carthaginiense
777 1750 923 1805 concilium
973 1752 1053 1806 minis
1068 1753 1301 1808 consecrationem
1324 1755 1480 1825 spiritaliter
1503 1766 1641 1828 operatur.
1657 1760 1716 1816 Nec
1737 1755 1781 1817 ob‘

123 1837 155 1892 de
170 1836 358 1908 irregulariter
374 1836 569 1907 judicantibus,
586 1846 613 1893 ct
633 1838 732 1908 injuste
744 1837 880 1907 judicatis,
898 1848 924 1894 et
973 1839 1046 1894 aliud
1062 1840 1186 1896 existimo
1202 1841 1356 1912 baptizandi
1374 1860 1472 1899 munus
1486 1846 1584 1901 loanni
1598 1845 1684 1903 luisse
1697 1848 1773 1904 attri-

123 1925 154 1981 de
171 1925 285 1994 majoris
307 1925 474 1982 auctoritatis
498 1926 634 1994 judicibus
651 1942 658 1981 t
677 1949 688 1976 «
706 1926 820 1992 Placuit,
837 1925 923 1999 iuquit
973 1930 1075 1997 butum,
1099 1928 1134 1982 ita
1150 1936 1178 1983 ut
1193 1929 1305 1984 loannis
1328 1930 1478 2001 baptismus
1500 1933 1645 2002 diceretur,
1668 1936 1721 1993 nisi
1743 1945 1773 1993 ut

122 2013 196 2082 (can.
215 2014 270 2084 lli),
288 2020 316 2069 nt
326 2029 342 2068 a
354 2013 559 2086 quibuscunque
570 2014 706 2084 judicibus
729 2014 922 2070 ecclesiasticis
973 2016 1105 2071 Dominus
1115 2016 1173 2087 ipse
1184 2016 1229 2088 qui
1244 2018 1367 2087 dederat,
1375 2035 1436 2075 cum
1451 2020 1523 2075 servi
1537 2020 1700 2092 baptismum
1716 2039 1773 2081 non

122 2102 236 2158 adalios
250 2101 356 2171 jndices
371 2102 573 2158 ecclesiasticos
587 2103 634 2157 ubi
659 2110 700 2159 est
719 2103 808 2171 major
831 2110 923 2159 aucto·
973 2103 1120 2174 sprevisset
1134 2105 1269 2175 accipere,
1300 2105 1437 2162 dedicaret
1465 2107 1622 2163 humilitatis
1641 2110 1722 2177 viam,
1743 2119 1771 2167 et

122 2191 188 2247 ritas
204 2190 285 2246 fuerit
298 2199 485 2262 provocatum,
502 2206 558 2247 non
572 2191 612 2247 cis
624 2191 696 2246 obsit
716 2207 828 2262 quorum
845 2191 924 2247 luerit
973 2192 1065 2263 quanti
1079 2192 1253 2263 pendendum
1278 2203 1352 2249 esset
1367 2190 1444 2251 suum
1472 2196 1617 2267 baptisma,
1633 2214 1687 2269 quo
1709 2198 1769 2272 ipse

122 2279 210 2335 soluta
225 2279 370 2346 sententia,
387 2279 410 2335 si
421 2279 546 2336 convinci
570 2295 625 2335 non
646 2279 793 2351 potueriat,
805 2281 848 2336 vel
872 2280 923 2335 ini·
973 2279 1157 2350 baptizaturus
1179 2289 1244 2347 erat,
1262 2281 1309 2337 tali
1323 2281 1394 2338 lacto
1412 2285 1583 2354 apertissime
1605 2286 1764 2343 declararet.

119 2368 191 2424 mico
208 2368 299 2424 animo
305 2367 458 2437 judicasse,
474 2368 518 2423 vel
533 2368 624 2440 aliqua
641 2368 785 2439 cupiditate
800 2376 845 2423 aut
860 2384 922 2440 gra·
971 2368 1086 2423 Videbat
1100 2369 1181 2435 enim,
1193 2378 1323 2441 tauquam
1337 2372 1538 2441 potentissimus
1552 2373 1675 2431 medicus
1692 2374 1769 2431 salu·

120 2456 155 2510 tia
169 2456 320 2527 depravati.
336 2480 347 2504 r
364 2457 405 2511 De
419 2457 548 2527 episcopo
563 2464 663 2521 autem,
681 2456 704 2510 si
721 2456 789 2513 sorte
805 2457 922 2512 schisma
971 2457 1007 2511 tis
1022 2466 1141 2525 aeternae,
1169 2460 1349 2528 quorumdam
1380 2475 1435 2515 non
1450 2460 1607 2517 defuturum
1625 2472 1768 2530 tumorem,

120 2546 238 2600 asacris
261 2544 410 2600 canonibus
432 2544 460 2599 in
489 2544 612 2600 Ecclesia
638 2543 743 2610 lecerit,
764 2543 922 2600 Africanum
972 2545 1093 2615 quicum
1109 2545 1246 2601 intellectu
1269 2547 1392 2603 veritatis
1407 2556 1432 2603 et
1447 2549 1633 2619 probabilibus
1646 2551 1769 2607 moribus

122 2633 266 2688 concilium
276 2632 341 2688 dicit
350 2632 426 2705 (can.
437 2636 483 2702 20)
496 2651 503 2688 :
518 2632 615 2688 «Circa
631 2649 678 2688 eos
689 2649 764 2698 sanc,
784 2633 920 2704 inquiens,
972 2632 1007 2686 ita
1023 2632 1212 2702 proiecissent,
1230 2643 1258 2688 ut
1272 2634 1363 2689 multis
1388 2636 1532 2706 baptizatis
1547 2637 1602 2691 vita
1617 2646 1699 2710 atque
1712 2639 1765 2694 do·

122 2721 168 2792 qui
181 2721 282 2777 luerint
296 2720 455 2786 concordes,
473 2736 527 2776 non
549 2721 637 2776 solum
666 2721 739 2777 eirca
766 2720 920 2776 Ecclesiam
971 2720 1057 2774 ctrina
1074 2736 1103 2775 se
1119 2737 1277 2791 praepoacre
1292 2723 1403 2777 minime
1422 2724 1584 2790 dubitarent,
1601 2740 1768 2796 supervaca-

121 2809 376 2881 Carthagiuenscm,
400 2809 503 2864 scilicet
527 2809 710 2880 metropolim,
727 2809 776 2863 scd
795 2816 821 2862 et
848 2808 921 2864 circa
970 2823 1053 2862 neum
1071 2808 1124 2861 sibi
1141 2824 1203 2862 esse
1218 2809 1360 2864 crederent
1376 2811 1507 2881 baptizari
1519 2812 1626 2882 quando
1642 2814 1676 2868 ad
1691 2813 1767 2870 illum

122 2914 202 2954 omne
230 2896 401 2953 sacerdotale
429 2897 606 2953 consortium.
639 2898 699 2952 »Et
726 2906 918 2968 postpauca:
971 2896 1070 2951 mentis
1080 2896 1200 2950 habitum
1211 2913 1240 2952 se
1251 2898 1408 2968 pervenisse
1420 2899 1550 2954 sentirent
1560 2900 1593 2954 ad
1604 2900 1768 2972 quammulti

124 3008 135 3037 ι
152 2985 268 3058 Oportet
282 2993 310 3040 ut
320 2986 382 3058 quis
395 2986 530 3042 universis
547 2986 674 3041 iratribus
684 3000 716 3041 ac
730 2993 787 3041 toto
805 2984 920 3040 concilio
971 2984 1096 3054 baptizati
1111 2985 1200 3039 adhuc
1214 2986 1363 3041 ascendere
1378 2995 1548 3042 conarentur.
1565 2988 1656 3058 (laid,
1668 3004 1693 3044 c.
1708 2989 1767 3058 23.)

122 3075 269 3141 inhaeserit,
281 3090 337 3130 non
353 3075 441 3131 solum
457 3091 504 3129 sua
517 3075 578 3143 jure
593 3074 712 3147 integro,
731 3075 779 3129 sed
808 3082 833 3129 ct
848 3073 919 3129 dioe-
935 3039 1042 3141 CQuid
1052 3081 1142 3127 autem
1154 3073 1240 3128 valeat
1251 3074 1349 3145 etquid
1359 3075 1577 3146 agatinbomiae
1588 3077 1768 3147 corporaliter

122 3179 198 3220 ceses
211 3163 360 3235 possideat.
383 3167 417 3218 ht
431 3179 498 3219 vero
513 3163 558 3235 qui
583 3162 691 3218 sibimet
714 3170 808 3234 putant
825 3163 919 3233 plebes
969 3160 1088 3215 adhibita
1097 3161 1274 3217 sanctificatio
1283 3163 1455 3228 sacramenti,
1468 3163 1525 3218 sine
1535 3179 1587 3235 qua
1598 3172 1687 3218 tamen
1697 3165 1767 3222 latro

121 3269 184 3308 suas
207 3251 331 3308 sufficere
361 3251 478 3307 fraterna
503 3251 647 3307 dilectione
668 3258 831 3322 contempta,
864 3265 919 3306 non
969 3248 1014 3303 ille
1029 3247 1148 3314 nonfuit,
1161 3248 1283 3319 quianon
1295 3250 1352 3317 ejus
1361 3249 1527 3319 accipiendae
1537 3251 1660 3305 voluntas
1670 3251 1765 3318 deluit,

121 3348 223 3396 tautum
236 3340 372 3396 dioeceses
381 3340 513 3407 amittant,
534 3340 583 3395 scd
598 3347 627 3394 ut
639 3339 695 3394 dixi
709 3339 791 3394 ctiam
803 3338 919 3409 propriis
969 3336 1018 3391 scd
1027 3335 1764 3406 nonaccipicndaenecessitasaffuit,difficileestdicerc:

121 3429 228 3500 publiea
255 3436 367 3485 careant
395 3428 564 3491 auctoritate,
581 3437 610 3482 ut
638 3427 766 3483 rebelles.
785 3447 796 3475 ι
812 3427 879 3481 Dea
894 3435 920 3481 te
969 3424 1021 3478 nisi
1034 3423 1701 3495 tamenplurimumvaleret,noaservibaptismum
1711 3427 1765 3482 Do·

122 3516 360 3587 autemscparatls
386 3532 403 3572 a
432 3516 622 3571 communione
637 3515 777 3580 catholica,
795 3513 863 3570 sicut
892 3514 919 3568 in
969 3513 1059 3566 minus
1079 3511 1239 3582 accepisset.
1260 3512 1361 3566 Verum
1376 3513 1438 3583 quia
1452 3530 1501 3584 per
1518 3529 1547 3568 se
1561 3513 1619 3584 ipsa
1636 3513 1766 3571 conside-

121 3606 250 3677 petitione
277 3604 344 3660 mihi
357 3621 372 3659 a
386 3604 561 3661 laudunensi
574 3603 696 3660 Ecclesia
719 3604 779 3658 data
795 3603 919 3658 contine·
970 3601 1054 3655 rande
1075 3606 1126 3665 est,
1152 3606 1264 3669 excepta
1278 3600 1365 3655 salute
1387 3600 1505 3656 hominis
1528 3601 1571 3657 cui
1592 3600 1766 3673 perficiendae

123 3701 172 3760 tur,
190 3694 296 3750 scilicet
309 3693 431 3764 parvulis
455 3692 483 3747 in
506 3701 550 3747 tua
564 3692 695 3764 parochia
710 3706 791 3746 causa
806 3691 919 3759 iniuria·
969 3688 1121 3752 adhibetur,
1138 3688 1205 3743 satis
1219 3688 1330 3753 indicat,
1346 3689 1419 3760 quod
1443 3696 1469 3744 et
1484 3689 1511 3744 in
1526 3689 1617 3755 malis,
1641 3697 1668 3745 et
1681 3689 1709 3744 in
1724 3690 1765 3746 eis

122 3798 180 3837 mm
204 3789 315 3837 tuarum
329 3795 384 3836 non
406 3780 585 3851 baptizandis,
602 3787 628 3834 et
649 3779 812 3835 obeuntibus
831 3777 920 3833 viatici
970 3776 1016 3847 qui
1031 3776 1131 3832 saeculo
1145 3776 1236 3832 verbis
1252 3791 1306 3831 non
1320 3774 1397 3832 lactis
1408 3777 1574 3844 renuntiant,
1587 3777 1765 3851 ipseintcgra

121 3869 242 3926 muneris
265 3869 455 3926 communione
476 3884 530 3924 nnn
545 3867 762 3936 reconciliandis,
779 3866 841 3922 audi
857 3865 921 3938 quid
969 3872 1020 3933 est,
1038 3880 1099 3920 cum
1125 3864 1162 3919 illi
1186 3865 1238 3919 nisi
1251 3864 1420 3937 corrigantur
1441 3865 1556 3921 salutem
1584 3867 1685 3921 habere
1710 3881 1766 3922 non

122 3958 219 4015 exinde
233 3958 268 4013 ad
282 3946 431 4014 remedium
453 3957 591 4027 pertinens
606 3956 679 4011 idem
693 3954 789 4010 doctor
804 3955 919 4010 catholi-
969 3953 1083 4022 possint.
1101 3952 1175 4008 Sicut
1189 3961 1279 4007 autem
1294 3953 1321 4006 iu
1344 3953 1458 4020 latrone,
1474 3953 1536 4025 quia
1551 3969 1601 4024 per
1614 3952 1766 4010 necessita-

122 4046 248 4103 aissimus
261 4054 289 4102 et
311 4044 547 4102 subtilissimarum
575 4060 667 4100 rerum
690 4044 881 4115 investigator,
893 4050 920 4097 et
969 4049 1024 4094 tem
1037 4040 1211 4111 corporaliter
1221 4040 1316 4109 deluit,
1332 4041 1454 4112 perfecta
1469 4041 1542 4097 salus
1563 4050 1614 4109 est,
1640 4041 1702 4115 quia
1715 4056 1767 4114 per

123 4135 266 4208 gratialiei
279 4135 406 4191 inventor
422 4133 618 4207 sagacissimus
633 4133 706 4188 dicat
720 4132 814 4205 (hug,
829 4133 876 4187 tit.
892 4147 920 4185 rv
969 4129 1097 4198 pietatem
1114 4128 1268 4199 spiritaliter
1281 4127 1365 4194 affuit,
1394 4130 1434 4185 sic
1456 4137 1482 4184 et
1506 4131 1643 4202 cumipse
1667 4136 1767 4202 praesto

123 4219 154 4274 dc
169 4221 264 4291 Bnpt,
281 4234 341 4290 cap.
353 4217 418 4288 22):
434 4217 596 4289 «baptismi,
608 4216 743 4289 inquiens,
755 4231 821 4270 sane
832 4215 920 4271 vicem
970 4224 1019 4283 est,
1037 4216 1060 4270 si
1083 4233 1132 4287 per
1158 4217 1348 4272 necessitatem
1363 4217 1433 4272 desit
1460 4219 1532 4288 quod
1560 4218 1657 4273 latroni
1680 4216 1765 4284 affuit,

123 4306 266 4379 aliquando
275 4305 388 4377 implere
398 4305 563 4378 passionem,
574 4305 609 4360 de
623 4304 726 4358 latrone
741 4303 796 4371 illo,
813 4303 857 4358 cui
866 4319 921 4359 aon
968 4304 1107 4374 perlicitur
1129 4305 1211 4359 salus.
1238 4303 1316 4372 Quod
1348 4305 1475 4359 traditum
1506 4313 1581 4360 tenet
1605 4304 1768 4360 universitas

124 4394 364 4466 baptizatodictum
380 4403 421 4449 cst
437 4412 443 4448 :
460 4394 545 4451 Hodie
559 4409 669 4449 mecum
684 4387 1111 4464 eriainporodisoDEcclesiae,
1149 4408 1211 4448 cum
1237 4391 1341 4462 parvuli
1370 4390 1486 4446 inientes
1515 4392 1694 4462 baptizantur,
1721 4392 1768 4463 qui

125 4484 200 4550 (luc.
217 4482 313 4554 xxrrr),
329 4497 384 4538 aon
399 4483 458 4538 leve
472 4483 664 4537 documentum
679 4479 753 4534 idem
768 4478 921 4549 beatusCy·
970 4489 1042 4536 certe
1058 4480 1179 4534 nondum
1190 4486 1304 4550 possunt
1321 4478 1403 4535 corde
1426 4479 1539 4535 credere
1568 4479 1603 4535 ad
1624 4479 1767 4548 iustitiam,

124 4571 233 4641 prianus
255 4571 377 4626 assumit.
394 4569 474 4639 Quod
497 4569 579 4625 etiam
593 4577 672 4640 atque
687 4569 768 4623 etiam
792 4566 920 4623 conside·
971 4577 998 4624 et
1011 4585 1060 4623 ore
1075 4567 1197 4624 confiteri
1207 4569 1241 4622 ad
1256 4567 1382 4636 salutem,
1400 4568 1472 4640 quod
1489 4568 1558 4623 latro
1573 4567 1669 4638 potuit,
1685 4566 1767 4638 quiu-

124 4675 193 4726 rans,
217 4658 328 4715 invenio
346 4675 401 4714 uon
429 4665 534 4713 tantum
562 4657 720 4729 passionem
734 4673 783 4728 pro
812 4655 921 4711 nomine
972 4657 1053 4712 etiam
1068 4656 1159 4711 llendo
1173 4666 1200 4711 et
1214 4656 1360 4730 vagiendo,
1377 4656 1475 4712 cumin
1491 4657 1532 4711 eis
1545 4655 1704 4725 mysterium
1720 4669 1770 4711 ce-

126 4746 224 4803 Cbristi
247 4746 276 4802 id
291 4747 366 4819 quod
382 4763 415 4802 ex
429 4746 563 4818 baptismo
574 4745 669 4801 deerat
683 4760 765 4816 posse
784 4744 921 4814 supplere,
972 4744 1103 4811 lebratur,
1118 4744 1186 4815 ipsis
1200 4744 1440 4816 mysticisvocibus
1454 4744 1622 4814 obstrepunt,
1639 4750 1770 4798 ettamen

125 4835 169 4891 sod
183 4835 268 4893 etiam
281 4834 363 4891 fidem
378 4834 641 4905 conversionemque
656 4833 756 4902 cordis,
773 4831 796 4887 si
807 4831 877 4887 torte
887 4830 923 4886 ad
973 4832 1064 4887 nullus
1079 4832 1295 4889 Christianorum
1315 4831 1413 4887 dixerit
1428 4847 1476 4886 cos
1490 4830 1608 4886 inaniter
1629 4829 1769 4903 baptizari.

125 4922 318 4979 celebrandum
339 4923 501 4995 mysterium
517 4921 645 4994 baptismi
660 4922 687 4976 in
704 4920 835 4992 augustiis
859 4927 925 4975 tem·
973 4919 1065 4990 (laid,
1081 4935 1105 4976 c.
1127 4920 1422 4992 clamememus
1444 4926 1546 4990 quaerat
1561 4918 1589 4973 in
1609 4920 1661 4976 hac
1675 4936 1705 4975 re
1720 4935 1771 4976 aa·

125 5025 220 5082 pamm
233 5011 357 5069 succurri
372 5019 533 5082 conpotest.
545 5011 641 5082 Neque
656 5009 806 5065 cnimlatro
815 5008 860 5062 ille
874 5022 923 5079 pro
974 5009 1128 5065 ctoritatem
1143 5008 1274 5073 divinam,
1291 5022 1455 5078 quamquam
1472 5007 1545 5079 quod
1560 5007 1686 5064 universa
1700 5013 1773 5063 tenet

127 5100 234 5157 nomine
244 5100 347 5157 Christi
361 5099 509 5157 crucifixus
523 5108 574 5166 est,
596 5098 705 5170 sedpro
729 5097 834 5153 meritis
857 5094 924 5152 iaci·
975 5096 1109 5164 Ecclesia,
1122 5110 1172 5150 nec
1192 5095 1314 5150 conciliis
1328 5094 1550 5162 institutum,scd
1565 5102 1774 5167 semperreten-

128 5202 221 5244 nomm
236 5204 350 5246 suorum
365 5189 511 5261 :necquia
535 5186 653 5244 credidit
673 5201 772 5258 passus
800 5192 851 5251 est,
875 5183 925 5239 sed
975 5194 1032 5240 tum
1048 5191 1098 5251 cst,
1122 5199 1176 5237 uon
1204 5182 1257 5237 nisi
1283 5182 1433 5254 apostolica
1460 5183 1620 5240 auctoritate
1643 5183 1774 5239 traditum

127 5275 187 5333 dam
201 5278 472 5351 patereturcredidit.
491 5276 628 5346 Quantum
643 5275 732 5346 itaqua
747 5273 834 5330 valcat
845 5271 926 5329 etiam
975 5271 1128 5328 rectissime
1152 5270 1280 5340 creditur,
1298 5279 1389 5326 tamen
1403 5271 1537 5327 veraciter
1566 5270 1701 5340 conjicere
1715 5286 1776 5344 poa

128 5363 294 5427 amerisibili
321 5367 446 5440 baptismi
475 5372 647 5424 sacramento
662 5362 735 5436 quod
750 5361 787 5418 ait
806 5364 926 5435 Aposto·
977 5375 1071 5416 sumus
1086 5358 1150 5431 quid
1165 5359 1253 5414 valeat
1277 5359 1306 5414 in
1321 5359 1442 5431 parvulis
1467 5358 1593 5432 baptismi
1621 5373 1776 5418 sacramen·

128 5457 180 5517 lor:
193 5463 283 5521 corde
299 5465 428 5522 creditur
437 5465 473 5521 od
474 5466 687 5541 justitiam,crc
699 5460 837 5530 confessio
845 5461 878 5528 fit
891 5456 927 5514 cd
977 5467 1034 5514 tum
1050 5474 1083 5514 cx
1104 5457 1314 5514 circumcisione
1344 5458 1446 5526 carnis,
1463 5473 1544 5531 quam
1567 5458 1644 5530 prior
1662 5459 1779 5534 populus
