<?xml version="1.0" encoding="UTF-8"?>
<!DOCTYPE html PUBLIC "-//W3C//DTD XHTML 1.0 Transitional//EN"
    "http://www.w3.org/TR/xhtml1/DTD/xhtml1-transitional.dtd">
<html xmlns="http://www.w3.org/1999/xhtml" xml:lang="en" lang="en">
 <head>
  <title>
</title>
<meta http-equiv="Content-Type" content="text/html;charset=utf-8" />
  <meta name='ocr-system' content='tesseract 3.04.00' />
  <meta name='ocr-capabilities' content='ocr_page ocr_carea ocr_par ocr_line ocrx_word'/>
</head>
<body>
  <div class='ocr_page' id='page_1' title='image "./patrologiaecurs81unkngoog/patrologiaecurs81unkngoog_0237.png"; bbox 0 0 3794 6104; ppageno 0'>
   <div class='ocr_carea' id='block_1_1' title="bbox 131 193 1783 258">
    <p class='ocr_par' dir='ltr' id='par_1_1' title="bbox 131 193 1783 258">
     <span class='ocr_line' id='line_1_1' title="bbox 131 193 1783 258; baseline -0.004 -1"><span class='ocrx_word' id='word_1_1' title='bbox 131 201 183 258; x_wconf 65' lang='grc'><strong>863</strong></span> <span class='ocrx_word' id='word_1_2' title='bbox 215 236 217 241; x_wconf 62' lang='grc'><strong>«</strong></span> <span class='ocrx_word' id='word_1_3' title='bbox 578 196 749 253; x_wconf 73' lang='lat' dir='ltr'><strong>HINCHARI</strong></span> <span class='ocrx_word' id='word_1_4' title='bbox 776 194 977 251; x_wconf 73' lang='lat' dir='ltr'><strong>ananensis</strong></span> <span class='ocrx_word' id='word_1_5' title='bbox 995 193 1272 251; x_wconf 76' lang='lat' dir='ltr'><strong>Ancflissvlscori.</strong></span> <span class='ocrx_word' id='word_1_6' title='bbox 1732 198 1783 254; x_wconf 83' lang='lat' dir='ltr'><strong>ist</strong></span> 
     </span>
    </p>
   </div>
   <div class='ocr_carea' id='block_1_2' title="bbox 52 318 1818 5501">
    <p class='ocr_par' dir='ltr' id='par_1_2' title="bbox 52 318 1818 5144">
     <span class='ocr_line' id='line_1_2' title="bbox 132 318 1786 393; baseline -0.004 -12"><span class='ocrx_word' id='word_1_7' title='bbox 132 333 159 381; x_wconf 88' lang='lat' dir='ltr'><strong>et</strong></span> <span class='ocrx_word' id='word_1_8' title='bbox 173 322 329 380; x_wconf 78' lang='lat' dir='ltr'><strong>necessitati</strong></span> <span class='ocrx_word' id='word_1_9' title='bbox 352 321 548 393; x_wconf 89' lang='lat' dir='ltr'><strong>impendendas</strong></span> <span class='ocrx_word' id='word_1_10' title='bbox 562 321 697 377; x_wconf 77' lang='lat' dir='ltr'><strong>inutilitati</strong></span> <span class='ocrx_word' id='word_1_11' title='bbox 713 328 740 377; x_wconf 91' lang='lat' dir='ltr'><strong>et</strong></span> <span class='ocrx_word' id='word_1_12' title='bbox 752 320 931 392; x_wconf 84' lang='lat' dir='ltr'><strong>superfluitati</strong></span> <span class='ocrx_word' id='word_1_13' title='bbox 945 319 1059 383; x_wconf 74' lang='lat' dir='ltr'><strong>Adam,</strong></span> <span class='ocrx_word' id='word_1_14' title='bbox 1078 334 1133 374; x_wconf 91' lang='lat' dir='ltr'><strong>non</strong></span> <span class='ocrx_word' id='word_1_15' title='bbox 1158 319 1247 375; x_wconf 91' lang='lat' dir='ltr'><strong>solum</strong></span> <span class='ocrx_word' id='word_1_16' title='bbox 1261 327 1291 374; x_wconf 91' lang='lat' dir='ltr'><strong>ut</strong></span> <span class='ocrx_word' id='word_1_17' title='bbox 1306 319 1423 376; x_wconf 83' lang='lat' dir='ltr'><strong>scienter</strong></span> <span class='ocrx_word' id='word_1_18' title='bbox 1446 320 1553 386; x_wconf 88' lang='lat' dir='ltr'><strong>doceat,</strong></span> <span class='ocrx_word' id='word_1_19' title='bbox 1568 318 1619 375; x_wconf 88' lang='lat' dir='ltr'><strong>sed</strong></span> <span class='ocrx_word' id='word_1_20' title='bbox 1635 319 1720 375; x_wconf 88' lang='lat' dir='ltr'><strong>etiam</strong></span> <span class='ocrx_word' id='word_1_21' title='bbox 1734 335 1786 390; x_wconf 91' lang='lat' dir='ltr'><strong>pa-</strong></span> 
     </span>
     <span class='ocr_line' id='line_1_3' title="bbox 131 406 1787 483; baseline -0.004 -14"><span class='ocrx_word' id='word_1_22' title='bbox 131 412 294 483; x_wconf 81' lang='lat' dir='ltr'><strong>erpendam,</strong></span> <span class='ocrx_word' id='word_1_23' title='bbox 310 410 408 466; x_wconf 80' lang='lat' dir='ltr'><strong>frivola</strong></span> <span class='ocrx_word' id='word_1_24' title='bbox 424 419 450 466; x_wconf 90' lang='lat' dir='ltr'><strong>et</strong></span> <span class='ocrx_word' id='word_1_25' title='bbox 465 410 570 466; x_wconf 92' lang='lat' dir='ltr'><strong>inutilia</strong></span> <span class='ocrx_word' id='word_1_26' title='bbox 584 419 665 482; x_wconf 91' lang='lat' dir='ltr'><strong>atque</strong></span> <span class='ocrx_word' id='word_1_27' title='bbox 680 409 785 464; x_wconf 87' lang='lat' dir='ltr'><strong>ratione</strong></span> <span class='ocrx_word' id='word_1_28' title='bbox 810 409 931 465; x_wconf 89' lang='lat' dir='ltr'><strong>carentia</strong></span> <span class='ocrx_word' id='word_1_29' title='bbox 980 407 1079 461; x_wconf 91' lang='lat' dir='ltr'><strong>tienter</strong></span> <span class='ocrx_word' id='word_1_30' title='bbox 1100 406 1198 462; x_wconf 90' lang='lat' dir='ltr'><strong>discat.</strong></span> <span class='ocrx_word' id='word_1_31' title='bbox 1222 407 1284 462; x_wconf 92' lang='lat' dir='ltr'><strong>Non</strong></span> <span class='ocrx_word' id='word_1_32' title='bbox 1308 408 1402 463; x_wconf 91' lang='lat' dir='ltr'><strong>dubito</strong></span> <span class='ocrx_word' id='word_1_33' title='bbox 1427 408 1500 480; x_wconf 93' lang='lat' dir='ltr'><strong>quod</strong></span> <span class='ocrx_word' id='word_1_34' title='bbox 1514 407 1538 461; x_wconf 91' lang='lat' dir='ltr'><strong>si</strong></span> <span class='ocrx_word' id='word_1_35' title='bbox 1551 408 1633 462; x_wconf 88' lang='lat' dir='ltr'><strong>istam</strong></span> <span class='ocrx_word' id='word_1_36' title='bbox 1657 407 1787 479; x_wconf 67' lang='lat' dir='ltr'><strong>quaestio</strong></span> 
     </span>
     <span class='ocr_line' id='line_1_4' title="bbox 129 494 1789 568; baseline -0.004 -12"><span class='ocrx_word' id='word_1_37' title='bbox 129 497 285 556; x_wconf 75' lang='lat' dir='ltr'><strong>rescribere</strong></span> <span class='ocrx_word' id='word_1_38' title='bbox 299 498 463 566; x_wconf 88' lang='lat' dir='ltr'><strong>decertabis,</strong></span> <span class='ocrx_word' id='word_1_39' title='bbox 475 506 501 552; x_wconf 93' lang='lat' dir='ltr'><strong>et</strong></span> <span class='ocrx_word' id='word_1_40' title='bbox 509 498 555 552; x_wconf 92' lang='lat' dir='ltr'><strong>illa</strong></span> <span class='ocrx_word' id='word_1_41' title='bbox 571 514 631 568; x_wconf 76' lang='lat' dir='ltr'><strong>quae</strong></span> <span class='ocrx_word' id='word_1_42' title='bbox 643 498 727 566; x_wconf 83' lang='lat' dir='ltr'><strong>jnma</strong></span> <span class='ocrx_word' id='word_1_43' title='bbox 742 513 786 552; x_wconf 91' lang='lat' dir='ltr'><strong>me</strong></span> <span class='ocrx_word' id='word_1_44' title='bbox 801 497 850 552; x_wconf 91' lang='lat' dir='ltr'><strong>tibi</strong></span> <span class='ocrx_word' id='word_1_45' title='bbox 865 496 932 553; x_wconf 90' lang='lat' dir='ltr'><strong>scri·</strong></span> <span class='ocrx_word' id='word_1_46' title='bbox 980 494 1083 549; x_wconf 91' lang='lat' dir='ltr'><strong>nemin</strong></span> <span class='ocrx_word' id='word_1_47' title='bbox 1099 495 1224 550; x_wconf 78' lang='lat' dir='ltr'><strong>Ecclesia</strong></span> <span class='ocrx_word' id='word_1_48' title='bbox 1239 496 1286 551; x_wconf 93' lang='lat' dir='ltr'><strong>diu</strong></span> <span class='ocrx_word' id='word_1_49' title='bbox 1299 496 1467 567; x_wconf 89' lang='lat' dir='ltr'><strong>multumque</strong></span> <span class='ocrx_word' id='word_1_50' title='bbox 1478 503 1636 551; x_wconf 89' lang='lat' dir='ltr'><strong>versantem</strong></span> <span class='ocrx_word' id='word_1_51' title='bbox 1647 511 1710 550; x_wconf 89' lang='lat' dir='ltr'><strong>cum</strong></span> <span class='ocrx_word' id='word_1_52' title='bbox 1720 494 1789 550; x_wconf 86' lang='lat' dir='ltr'><strong>viris</strong></span> 
     </span>
     <span class='ocr_line' id='line_1_5' title="bbox 129 575 1788 658; baseline -0.002 -15"><span class='ocrx_word' id='word_1_53' title='bbox 129 595 176 658; x_wconf 92' lang='lat' dir='ltr'><strong>pta</strong></span> <span class='ocrx_word' id='word_1_54' title='bbox 190 594 261 657; x_wconf 90' lang='lat' dir='ltr'><strong>sunt,</strong></span> <span class='ocrx_word' id='word_1_55' title='bbox 277 586 325 643; x_wconf 89' lang='lat' dir='ltr'><strong>sed</strong></span> <span class='ocrx_word' id='word_1_56' title='bbox 340 593 367 641; x_wconf 91' lang='grc' dir='ltr'><strong>ει</strong></span> <span class='ocrx_word' id='word_1_57' title='bbox 379 594 437 640; x_wconf 90' lang='lat' dir='ltr'><strong>tuas</strong></span> <span class='ocrx_word' id='word_1_58' title='bbox 452 585 569 656; x_wconf 80' lang='lat' dir='ltr'><strong>ineptias</strong></span> <span class='ocrx_word' id='word_1_59' title='bbox 584 585 619 639; x_wconf 94' lang='lat' dir='ltr'><strong>ad</strong></span> <span class='ocrx_word' id='word_1_60' title='bbox 634 585 826 656; x_wconf 84' lang='lat' dir='ltr'><strong>episcoporum</strong></span> <span class='ocrx_word' id='word_1_61' title='bbox 841 592 867 639; x_wconf 89' lang='lat' dir='ltr'><strong>et</strong></span> <span class='ocrx_word' id='word_1_62' title='bbox 881 601 929 639; x_wconf 87' lang='lat' dir='ltr'><strong>sn·</strong></span> <span class='ocrx_word' id='word_1_63' title='bbox 980 575 1157 637; x_wconf 74' lang='lat' dir='ltr'><strong>sanctissimis</strong></span> <span class='ocrx_word' id='word_1_64' title='bbox 1167 583 1386 655; x_wconf 84' lang='lat' dir='ltr'><strong>doctissimisque</strong></span> <span class='ocrx_word' id='word_1_65' title='bbox 1396 592 1535 652; x_wconf 83' lang='lat' dir='ltr'><strong>tractaret,</strong></span> <span class='ocrx_word' id='word_1_66' title='bbox 1548 600 1599 654; x_wconf 91' lang='lat' dir='ltr'><strong>per</strong></span> <span class='ocrx_word' id='word_1_67' title='bbox 1608 598 1681 655; x_wconf 90' lang='lat' dir='ltr'><strong>quos</strong></span> <span class='ocrx_word' id='word_1_68' title='bbox 1692 591 1788 654; x_wconf 84' lang='lat' dir='ltr'><strong>postea</strong></span> 
     </span>
     <span class='ocr_line' id='line_1_6' title="bbox 129 668 1788 746; baseline -0.001 -18"><span class='ocrx_word' id='word_1_69' title='bbox 129 673 252 746; x_wconf 89' lang='lat' dir='ltr'><strong>pientum</strong></span> <span class='ocrx_word' id='word_1_70' title='bbox 267 689 381 729; x_wconf 85' lang='lat' dir='ltr'><strong>eramen</strong></span> <span class='ocrx_word' id='word_1_71' title='bbox 397 689 440 729; x_wconf 93' lang='lat' dir='ltr'><strong>me</strong></span> <span class='ocrx_word' id='word_1_72' title='bbox 453 673 605 744; x_wconf 89' lang='lat' dir='ltr'><strong>producere</strong></span> <span class='ocrx_word' id='word_1_73' title='bbox 621 673 654 726; x_wconf 92' lang='lat' dir='ltr'><strong>ad</strong></span> <span class='ocrx_word' id='word_1_74' title='bbox 667 688 758 728; x_wconf 89' lang='lat' dir='ltr'><strong>meum</strong></span> <span class='ocrx_word' id='word_1_75' title='bbox 773 688 824 743; x_wconf 95' lang='lat' dir='ltr'><strong>pro</strong></span> <span class='ocrx_word' id='word_1_76' title='bbox 839 680 866 726; x_wconf 94' lang='lat' dir='ltr'><strong>te</strong></span> <span class='ocrx_word' id='word_1_77' title='bbox 881 672 932 728; x_wconf 91' lang='lat' dir='ltr'><strong>do·</strong></span> <span class='ocrx_word' id='word_1_78' title='bbox 980 668 1080 725; x_wconf 85' lang='lat' dir='ltr'><strong>laetum</strong></span> <span class='ocrx_word' id='word_1_79' title='bbox 1103 679 1154 735; x_wconf 84' lang='lat' dir='ltr'><strong>est,</strong></span> <span class='ocrx_word' id='word_1_80' title='bbox 1170 679 1200 725; x_wconf 88' lang='lat' dir='ltr'><strong>ut</strong></span> <span class='ocrx_word' id='word_1_81' title='bbox 1213 671 1325 743; x_wconf 90' lang='lat' dir='ltr'><strong>antiqua</strong></span> <span class='ocrx_word' id='word_1_82' title='bbox 1339 672 1386 727; x_wconf 91' lang='lat' dir='ltr'><strong>illa</strong></span> <span class='ocrx_word' id='word_1_83' title='bbox 1401 672 1572 728; x_wconf 89' lang='lat' dir='ltr'><strong>consuetudo</strong></span> <span class='ocrx_word' id='word_1_84' title='bbox 1588 672 1673 727; x_wconf 88' lang='lat' dir='ltr'><strong>etiam</strong></span> <span class='ocrx_word' id='word_1_85' title='bbox 1689 671 1788 742; x_wconf 86' lang='lat' dir='ltr'><strong>plena-</strong></span> 
     </span>
     <span class='ocr_line' id='line_1_7' title="bbox 128 755 1789 833; baseline -0.002 -15"><span class='ocrx_word' id='word_1_86' title='bbox 128 762 217 819; x_wconf 90' lang='lat' dir='ltr'><strong>lorem</strong></span> <span class='ocrx_word' id='word_1_87' title='bbox 232 771 258 818; x_wconf 92' lang='lat' dir='ltr'><strong>et</strong></span> <span class='ocrx_word' id='word_1_88' title='bbox 273 762 308 816; x_wconf 92' lang='lat' dir='ltr'><strong>ad</strong></span> <span class='ocrx_word' id='word_1_89' title='bbox 323 769 396 817; x_wconf 90' lang='lat' dir='ltr'><strong>tuam</strong></span> <span class='ocrx_word' id='word_1_90' title='bbox 416 760 566 831; x_wconf 88' lang='lat' dir='ltr'><strong>perniciem</strong></span> <span class='ocrx_word' id='word_1_91' title='bbox 581 761 685 833; x_wconf 83' lang='lat' dir='ltr'><strong>exiges,</strong></span> <span class='ocrx_word' id='word_1_92' title='bbox 702 768 729 814; x_wconf 88' lang='lat' dir='ltr'><strong>et</strong></span> <span class='ocrx_word' id='word_1_93' title='bbox 744 760 834 815; x_wconf 91' lang='lat' dir='ltr'><strong>veniet</strong></span> <span class='ocrx_word' id='word_1_94' title='bbox 848 775 930 830; x_wconf 90' lang='lat' dir='ltr'><strong>super</strong></span> <span class='ocrx_word' id='word_1_95' title='bbox 980 757 1022 812; x_wconf 92' lang='lat' dir='ltr'><strong>rio</strong></span> <span class='ocrx_word' id='word_1_96' title='bbox 1036 757 1153 813; x_wconf 87' lang='lat' dir='ltr'><strong>concilio</strong></span> <span class='ocrx_word' id='word_1_97' title='bbox 1169 755 1331 823; x_wconf 81' lang='lat' dir='ltr'><strong>firmaretur,</strong></span> <span class='ocrx_word' id='word_1_98' title='bbox 1348 759 1407 814; x_wconf 90' lang='lat' dir='ltr'><strong>sine</strong></span> <span class='ocrx_word' id='word_1_99' title='bbox 1426 759 1593 815; x_wconf 85' lang='lat' dir='ltr'><strong>dubitatione</strong></span> <span class='ocrx_word' id='word_1_100' title='bbox 1607 759 1789 815; x_wconf 88' lang='lat' dir='ltr'><strong>demonstra·</strong></span> 
     </span>
     <span class='ocr_line' id='line_1_8' title="bbox 128 844 1788 921; baseline -0.002 -16"><span class='ocrx_word' id='word_1_101' title='bbox 128 858 165 921; x_wconf 93' lang='lat' dir='ltr'><strong>te,</strong></span> <span class='ocrx_word' id='word_1_102' title='bbox 181 851 249 905; x_wconf 91' lang='lat' dir='ltr'><strong>sicut</strong></span> <span class='ocrx_word' id='word_1_103' title='bbox 264 864 370 914; x_wconf 89' lang='lat' dir='ltr'><strong>vereor,</strong></span> <span class='ocrx_word' id='word_1_104' title='bbox 388 849 433 903; x_wconf 94' lang='lat' dir='ltr'><strong>illa</strong></span> <span class='ocrx_word' id='word_1_105' title='bbox 448 848 583 903; x_wconf 90' lang='lat' dir='ltr'><strong>sententia</strong></span> <span class='ocrx_word' id='word_1_106' title='bbox 603 865 664 921; x_wconf 76' lang='lat' dir='ltr'><strong>quae</strong></span> <span class='ocrx_word' id='word_1_107' title='bbox 678 848 779 918; x_wconf 88' lang='lat' dir='ltr'><strong>scripta</strong></span> <span class='ocrx_word' id='word_1_108' title='bbox 794 856 835 902; x_wconf 90' lang='lat' dir='ltr'><strong>est</strong></span> <span class='ocrx_word' id='word_1_109' title='bbox 851 866 857 902; x_wconf 96' lang='lat'><strong>:</strong></span> <span class='ocrx_word' id='word_1_110' title='bbox 875 849 930 905; x_wconf 78' lang='lat' dir='ltr'><strong>lte-</strong></span> <span class='ocrx_word' id='word_1_111' title='bbox 980 852 1031 911; x_wconf 88' lang='lat' dir='ltr'><strong>ret,</strong></span> <span class='ocrx_word' id='word_1_112' title='bbox 1048 861 1103 900; x_wconf 91' lang='lat' dir='ltr'><strong>non</strong></span> <span class='ocrx_word' id='word_1_113' title='bbox 1127 844 1213 900; x_wconf 90' lang='lat' dir='ltr'><strong>solum</strong></span> <span class='ocrx_word' id='word_1_114' title='bbox 1233 862 1316 916; x_wconf 88' lang='lat' dir='ltr'><strong>qnam</strong></span> <span class='ocrx_word' id='word_1_115' title='bbox 1336 847 1451 902; x_wconf 90' lang='lat' dir='ltr'><strong>devotus</strong></span> <span class='ocrx_word' id='word_1_116' title='bbox 1465 856 1538 901; x_wconf 90' lang='lat' dir='ltr'><strong>esset</strong></span> <span class='ocrx_word' id='word_1_117' title='bbox 1553 847 1581 902; x_wconf 91' lang='lat' dir='ltr'><strong>in</strong></span> <span class='ocrx_word' id='word_1_118' title='bbox 1596 847 1641 902; x_wconf 90' lang='lat' dir='ltr'><strong>his</strong></span> <span class='ocrx_word' id='word_1_119' title='bbox 1658 864 1722 919; x_wconf 74' lang='lat' dir='ltr'><strong>quar</strong></span> <span class='ocrx_word' id='word_1_120' title='bbox 1738 845 1788 902; x_wconf 88' lang='lat' dir='ltr'><strong>tir·</strong></span> 
     </span>
     <span class='ocr_line' id='line_1_9' title="bbox 129 931 1788 1007; baseline -0.003 -12"><span class='ocrx_word' id='word_1_121' title='bbox 129 954 204 996; x_wconf 83' lang='lat' dir='ltr'><strong>cesse</strong></span> <span class='ocrx_word' id='word_1_122' title='bbox 214 942 257 994; x_wconf 89' lang='lat' dir='ltr'><strong>est</strong></span> <span class='ocrx_word' id='word_1_123' title='bbox 266 942 299 994; x_wconf 87' lang='lat' dir='ltr'><strong>ut</strong></span> <span class='ocrx_word' id='word_1_124' title='bbox 308 938 424 994; x_wconf 71' lang='lat' dir='ltr'><strong>veniunt</strong></span> <span class='ocrx_word' id='word_1_125' title='bbox 434 937 580 1003; x_wconf 84' lang='lat' dir='ltr'><strong>scandalo,</strong></span> <span class='ocrx_word' id='word_1_126' title='bbox 597 953 638 991; x_wconf 82' lang='lat' dir='ltr'><strong>uoe</strong></span> <span class='ocrx_word' id='word_1_127' title='bbox 652 941 749 991; x_wconf 85' lang='lat' dir='ltr'><strong>autem</strong></span> <span class='ocrx_word' id='word_1_128' title='bbox 760 937 869 992; x_wconf 83' lang='lat' dir='ltr'><strong>homini</strong></span> <span class='ocrx_word' id='word_1_129' title='bbox 884 937 929 991; x_wconf 86' lang='lat' dir='ltr'><strong>itti</strong></span> <span class='ocrx_word' id='word_1_130' title='bbox 980 931 1102 987; x_wconf 86' lang='lat' dir='ltr'><strong>missinia</strong></span> <span class='ocrx_word' id='word_1_131' title='bbox 1116 933 1230 989; x_wconf 90' lang='lat' dir='ltr'><strong>veritate</strong></span> <span class='ocrx_word' id='word_1_132' title='bbox 1245 942 1415 1005; x_wconf 86' lang='lat' dir='ltr'><strong>perceperat,</strong></span> <span class='ocrx_word' id='word_1_133' title='bbox 1432 935 1622 990; x_wconf 89' lang='lat' dir='ltr'><strong>verumetiam</strong></span> <span class='ocrx_word' id='word_1_134' title='bbox 1639 951 1724 1007; x_wconf 90' lang='lat' dir='ltr'><strong>quam</strong></span> <span class='ocrx_word' id='word_1_135' title='bbox 1739 935 1788 990; x_wconf 90' lang='lat' dir='ltr'><strong>do-</strong></span> 
     </span>
     <span class='ocr_line' id='line_1_10' title="bbox 126 1019 1788 1101; baseline -0.002 -18"><span class='ocrx_word' id='word_1_136' title='bbox 126 1043 268 1101; x_wconf 82' lang='lat' dir='ltr'><strong>perquem</strong></span> <span class='ocrx_word' id='word_1_137' title='bbox 278 1024 650 1094; x_wconf 75' lang='lat' dir='ltr'><strong>scandatunvenittliatti.</strong></span> <span class='ocrx_word' id='word_1_138' title='bbox 660 1023 795 1095; x_wconf 62' lang='lat' dir='ltr'><strong>nurnine</strong></span> <span class='ocrx_word' id='word_1_139' title='bbox 805 1024 875 1080; x_wconf 89' lang='lat' dir='ltr'><strong>sicut</strong></span> <span class='ocrx_word' id='word_1_140' title='bbox 886 1040 930 1080; x_wconf 91' lang='lat' dir='ltr'><strong>me</strong></span> <span class='ocrx_word' id='word_1_141' title='bbox 981 1019 1068 1074; x_wconf 88' lang='lat' dir='ltr'><strong>cibilis</strong></span> <span class='ocrx_word' id='word_1_142' title='bbox 1083 1020 1111 1074; x_wconf 92' lang='lat' dir='ltr'><strong>in</strong></span> <span class='ocrx_word' id='word_1_143' title='bbox 1126 1021 1243 1092; x_wconf 73' lang='lat' dir='ltr'><strong>hisque</strong></span> <span class='ocrx_word' id='word_1_144' title='bbox 1266 1022 1356 1076; x_wconf 89' lang='lat' dir='ltr'><strong>minus</strong></span> <span class='ocrx_word' id='word_1_145' title='bbox 1381 1022 1543 1078; x_wconf 83' lang='lat' dir='ltr'><strong>adverterat.</strong></span> <span class='ocrx_word' id='word_1_146' title='bbox 1559 1024 1594 1079; x_wconf 81' lang='lat' dir='ltr'><strong>lit</strong></span> <span class='ocrx_word' id='word_1_147' title='bbox 1608 1031 1707 1078; x_wconf 88' lang='lat' dir='ltr'><strong>tamen</strong></span> <span class='ocrx_word' id='word_1_148' title='bbox 1727 1038 1788 1080; x_wconf 88' lang='lat' dir='ltr'><strong>cum</strong></span> 
     </span>
     <span class='ocr_line' id='line_1_11' title="bbox 128 1107 1784 1187; baseline -0.002 -16"><span class='ocrx_word' id='word_1_149' title='bbox 128 1121 156 1171; x_wconf 90' lang='lat' dir='ltr'><strong>et</strong></span> <span class='ocrx_word' id='word_1_150' title='bbox 175 1131 222 1171; x_wconf 91' lang='lat' dir='ltr'><strong>eos</strong></span> <span class='ocrx_word' id='word_1_151' title='bbox 243 1115 288 1187; x_wconf 92' lang='lat' dir='ltr'><strong>qui</strong></span> <span class='ocrx_word' id='word_1_152' title='bbox 302 1129 409 1169; x_wconf 91' lang='lat' dir='ltr'><strong>mecum</strong></span> <span class='ocrx_word' id='word_1_153' title='bbox 426 1123 451 1168; x_wconf 89' lang='grc' dir='ltr'><strong>ιε</strong></span> <span class='ocrx_word' id='word_1_154' title='bbox 471 1113 632 1177; x_wconf 88' lang='lat' dir='ltr'><strong>nutrierunt,</strong></span> <span class='ocrx_word' id='word_1_155' title='bbox 655 1112 753 1167; x_wconf 91' lang='lat' dir='ltr'><strong>deinde</strong></span> <span class='ocrx_word' id='word_1_156' title='bbox 770 1111 838 1167; x_wconf 87' lang='lat' dir='ltr'><strong>alios</strong></span> <span class='ocrx_word' id='word_1_157' title='bbox 848 1121 929 1183; x_wconf 89' lang='lat' dir='ltr'><strong>atque</strong></span> <span class='ocrx_word' id='word_1_158' title='bbox 980 1107 1233 1163; x_wconf 81' lang='lat' dir='ltr'><strong>manifestissimum</strong></span> <span class='ocrx_word' id='word_1_159' title='bbox 1249 1109 1283 1164; x_wconf 92' lang='lat' dir='ltr'><strong>sit</strong></span> <span class='ocrx_word' id='word_1_160' title='bbox 1297 1110 1380 1165; x_wconf 91' lang='lat' dir='ltr'><strong>multo</strong></span> <span class='ocrx_word' id='word_1_161' title='bbox 1393 1111 1505 1181; x_wconf 83' lang='lat' dir='ltr'><strong>gravius</strong></span> <span class='ocrx_word' id='word_1_162' title='bbox 1519 1127 1638 1182; x_wconf 91' lang='lat' dir='ltr'><strong>peccare</strong></span> <span class='ocrx_word' id='word_1_163' title='bbox 1654 1111 1784 1168; x_wconf 87' lang='lat' dir='ltr'><strong>scientem</strong></span> 
     </span>
     <span class='ocr_line' id='line_1_12' title="bbox 127 1196 1783 1273; baseline -0.004 -14"><span class='ocrx_word' id='word_1_164' title='bbox 127 1203 206 1271; x_wconf 87' lang='lat' dir='ltr'><strong>alios,</strong></span> <span class='ocrx_word' id='word_1_165' title='bbox 222 1203 272 1259; x_wconf 90' lang='lat' dir='ltr'><strong>sed</strong></span> <span class='ocrx_word' id='word_1_166' title='bbox 286 1210 313 1258; x_wconf 94' lang='lat' dir='ltr'><strong>et</strong></span> <span class='ocrx_word' id='word_1_167' title='bbox 326 1202 420 1273; x_wconf 87' lang='lat' dir='ltr'><strong>plures</strong></span> <span class='ocrx_word' id='word_1_168' title='bbox 435 1201 469 1257; x_wconf 89' lang='lat' dir='ltr'><strong>de</strong></span> <span class='ocrx_word' id='word_1_169' title='bbox 479 1200 522 1255; x_wconf 90' lang='lat' dir='ltr'><strong>his</strong></span> <span class='ocrx_word' id='word_1_170' title='bbox 533 1200 579 1271; x_wconf 90' lang='lat' dir='ltr'><strong>qni</strong></span> <span class='ocrx_word' id='word_1_171' title='bbox 589 1199 638 1253; x_wconf 91' lang='lat' dir='ltr'><strong>tibi</strong></span> <span class='ocrx_word' id='word_1_172' title='bbox 652 1200 792 1255; x_wconf 87' lang='lat' dir='ltr'><strong>commissi</strong></span> <span class='ocrx_word' id='word_1_173' title='bbox 808 1200 930 1269; x_wconf 86' lang='lat' dir='ltr'><strong>luerunt,</strong></span> <span class='ocrx_word' id='word_1_174' title='bbox 981 1211 1064 1266; x_wconf 81' lang='lat' dir='ltr'><strong>quem</strong></span> <span class='ocrx_word' id='word_1_175' title='bbox 1082 1196 1259 1263; x_wconf 85' lang='lat' dir='ltr'><strong>nescientem,</strong></span> <span class='ocrx_word' id='word_1_176' title='bbox 1286 1197 1385 1253; x_wconf 87' lang='lat' dir='ltr'><strong>vellem</strong></span> <span class='ocrx_word' id='word_1_177' title='bbox 1406 1199 1472 1254; x_wconf 86' lang='lat' dir='ltr'><strong>milri</strong></span> <span class='ocrx_word' id='word_1_178' title='bbox 1495 1199 1594 1270; x_wconf 90' lang='lat' dir='ltr'><strong>aliquis</strong></span> <span class='ocrx_word' id='word_1_179' title='bbox 1610 1198 1720 1255; x_wconf 91' lang='lat' dir='ltr'><strong>diceret</strong></span> <span class='ocrx_word' id='word_1_180' title='bbox 1736 1217 1743 1253; x_wconf 90' lang='lat'>:</span> <span class='ocrx_word' id='word_1_181' title='bbox 1759 1200 1783 1256; x_wconf 90' lang='lat' dir='ltr'><strong>Si</strong></span> 
     </span>
     <span class='ocr_line' id='line_1_13' title="bbox 127 1282 1782 1359; baseline 0.001 -12"><span class='ocrx_word' id='word_1_182' title='bbox 127 1283 224 1347; x_wconf 91' lang='lat' dir='ltr'><strong>verum</strong></span> <span class='ocrx_word' id='word_1_183' title='bbox 238 1299 265 1346; x_wconf 93' lang='lat' dir='ltr'><strong>et</strong></span> <span class='ocrx_word' id='word_1_184' title='bbox 280 1291 314 1345; x_wconf 91' lang='lat' dir='ltr'><strong>de</strong></span> <span class='ocrx_word' id='word_1_185' title='bbox 330 1289 372 1343; x_wconf 88' lang='lat' dir='ltr'><strong>his</strong></span> <span class='ocrx_word' id='word_1_186' title='bbox 389 1288 435 1359; x_wconf 92' lang='lat' dir='ltr'><strong>qui</strong></span> <span class='ocrx_word' id='word_1_187' title='bbox 450 1305 464 1342; x_wconf 91' lang='lat' dir='ltr'><strong>a</strong></span> <span class='ocrx_word' id='word_1_188' title='bbox 481 1295 505 1342; x_wconf 90' lang='lat' dir='ltr'><strong>te</strong></span> <span class='ocrx_word' id='word_1_189' title='bbox 520 1287 548 1342; x_wconf 93' lang='lat' dir='ltr'><strong>in</strong></span> <span class='ocrx_word' id='word_1_190' title='bbox 562 1286 652 1342; x_wconf 84' lang='lat' dir='ltr'><strong>loedus</strong></span> <span class='ocrx_word' id='word_1_191' title='bbox 667 1286 930 1359; x_wconf 81' lang='lat' dir='ltr'><strong>familiaritatemque</strong></span> <span class='ocrx_word' id='word_1_192' title='bbox 981 1282 1041 1354; x_wconf 89' lang='lat' dir='ltr'><strong>quis</strong></span> <span class='ocrx_word' id='word_1_193' title='bbox 1065 1284 1094 1339; x_wconf 93' lang='lat' dir='ltr'><strong>in</strong></span> <span class='ocrx_word' id='word_1_194' title='bbox 1118 1284 1246 1340; x_wconf 84' lang='lat' dir='ltr'><strong>haeresim</strong></span> <span class='ocrx_word' id='word_1_195' title='bbox 1269 1286 1401 1351; x_wconf 85' lang='lat' dir='ltr'><strong>incurrat,</strong></span> <span class='ocrx_word' id='word_1_196' title='bbox 1427 1287 1554 1343; x_wconf 76' lang='lat' dir='ltr'><strong>nesciens</strong></span> <span class='ocrx_word' id='word_1_197' title='bbox 1578 1295 1718 1359; x_wconf 70' lang='lat' dir='ltr'><strong>questum</strong></span> <span class='ocrx_word' id='word_1_198' title='bbox 1732 1303 1782 1342; x_wconf 73' lang='lat' dir='ltr'><strong>me·</strong></span> 
     </span>
     <span class='ocr_line' id='line_1_14' title="bbox 130 1369 1781 1450; baseline 0.001 -15"><span class='ocrx_word' id='word_1_199' title='bbox 130 1379 249 1450; x_wconf 84' lang='lat' dir='ltr'><strong>sussepti</strong></span> <span class='ocrx_word' id='word_1_200' title='bbox 275 1377 394 1443; x_wconf 84' lang='lat' dir='ltr'><strong>luerunt,</strong></span> <span class='ocrx_word' id='word_1_201' title='bbox 424 1375 523 1431; x_wconf 88' lang='lat' dir='ltr'><strong>viritim</strong></span> <span class='ocrx_word' id='word_1_202' title='bbox 551 1375 731 1447; x_wconf 80' lang='lat' dir='ltr'><strong>dereliquisti,</strong></span> <span class='ocrx_word' id='word_1_203' title='bbox 758 1384 784 1430; x_wconf 88' lang='lat' dir='ltr'><strong>et</strong></span> <span class='ocrx_word' id='word_1_204' title='bbox 810 1376 930 1432; x_wconf 85' lang='lat' dir='ltr'><strong>vicissim</strong></span> <span class='ocrx_word' id='word_1_205' title='bbox 980 1369 1036 1425; x_wconf 86' lang='lat' dir='ltr'><strong>lum</strong></span> <span class='ocrx_word' id='word_1_206' title='bbox 1061 1372 1104 1437; x_wconf 85' lang='lat' dir='ltr'><strong>sir,</strong></span> <span class='ocrx_word' id='word_1_207' title='bbox 1130 1380 1156 1427; x_wconf 82' lang='lat' dir='ltr'><strong>et</strong></span> <span class='ocrx_word' id='word_1_208' title='bbox 1179 1372 1249 1427; x_wconf 82' lang='lat' dir='ltr'><strong>elius</strong></span> <span class='ocrx_word' id='word_1_209' title='bbox 1270 1374 1305 1428; x_wconf 83' lang='lat' dir='ltr'><strong>ab</strong></span> <span class='ocrx_word' id='word_1_210' title='bbox 1329 1374 1442 1428; x_wconf 79' lang='lat' dir='ltr'><strong>avaritia</strong></span> <span class='ocrx_word' id='word_1_211' title='bbox 1467 1391 1521 1430; x_wconf 88' lang='lat' dir='ltr'><strong>nou</strong></span> <span class='ocrx_word' id='word_1_212' title='bbox 1544 1376 1669 1443; x_wconf 82' lang='lat' dir='ltr'><strong>recedat,</strong></span> <span class='ocrx_word' id='word_1_213' title='bbox 1697 1376 1781 1431; x_wconf 82' lang='lat' dir='ltr'><strong>sciens</strong></span> 
     </span>
     <span class='ocr_line' id='line_1_15' title="bbox 130 1460 1781 1538; baseline -0.002 -16"><span class='ocrx_word' id='word_1_214' title='bbox 130 1467 198 1523; x_wconf 88' lang='lat' dir='ltr'><strong>alios</strong></span> <span class='ocrx_word' id='word_1_215' title='bbox 222 1474 304 1538; x_wconf 93' lang='lat' dir='ltr'><strong>atque</strong></span> <span class='ocrx_word' id='word_1_216' title='bbox 327 1465 396 1520; x_wconf 90' lang='lat' dir='ltr'><strong>alios</strong></span> <span class='ocrx_word' id='word_1_217' title='bbox 411 1463 459 1518; x_wconf 91' lang='lat' dir='ltr'><strong>tibi</strong></span> <span class='ocrx_word' id='word_1_218' title='bbox 477 1463 505 1518; x_wconf 93' lang='lat' dir='ltr'><strong>in</strong></span> <span class='ocrx_word' id='word_1_219' title='bbox 520 1463 663 1519; x_wconf 88' lang='lat' dir='ltr'><strong>amicitiam</strong></span> <span class='ocrx_word' id='word_1_220' title='bbox 678 1472 705 1519; x_wconf 91' lang='lat' dir='ltr'><strong>et</strong></span> <span class='ocrx_word' id='word_1_221' title='bbox 720 1463 931 1520; x_wconf 82' lang='lat' dir='ltr'><strong>familiaritatem</strong></span> <span class='ocrx_word' id='word_1_222' title='bbox 981 1467 1110 1530; x_wconf 74' lang='lat' dir='ltr'><strong>quantum</strong></span> <span class='ocrx_word' id='word_1_223' title='bbox 1124 1460 1226 1516; x_wconf 82' lang='lat' dir='ltr'><strong>malum</strong></span> <span class='ocrx_word' id='word_1_224' title='bbox 1248 1461 1291 1528; x_wconf 89' lang='lat' dir='ltr'><strong>sit,</strong></span> <span class='ocrx_word' id='word_1_225' title='bbox 1309 1462 1369 1533; x_wconf 90' lang='lat' dir='ltr'><strong>quis</strong></span> <span class='ocrx_word' id='word_1_226' title='bbox 1390 1479 1486 1518; x_wconf 90' lang='lat' dir='ltr'><strong>eorum</strong></span> <span class='ocrx_word' id='word_1_227' title='bbox 1502 1463 1536 1518; x_wconf 86' lang='lat' dir='ltr'><strong>sit</strong></span> <span class='ocrx_word' id='word_1_228' title='bbox 1550 1463 1656 1535; x_wconf 76' lang='lat' dir='ltr'><strong>pejor?</strong></span> <span class='ocrx_word' id='word_1_229' title='bbox 1671 1465 1781 1520; x_wconf 87' lang='lat' dir='ltr'><strong>Possum</strong></span> 
     </span>
     <span class='ocr_line' id='line_1_16' title="bbox 131 1547 1780 1625; baseline -0.001 -16"><span class='ocrx_word' id='word_1_230' title='bbox 131 1553 269 1625; x_wconf 86' lang='lat' dir='ltr'><strong>recepisti,</strong></span> <span class='ocrx_word' id='word_1_231' title='bbox 295 1568 356 1607; x_wconf 88' lang='lat' dir='ltr'><strong>cum</strong></span> <span class='ocrx_word' id='word_1_232' title='bbox 380 1551 517 1624; x_wconf 85' lang='lat' dir='ltr'><strong>delegeris</strong></span> <span class='ocrx_word' id='word_1_233' title='bbox 540 1551 630 1622; x_wconf 91' lang='lat' dir='ltr'><strong>potius</strong></span> <span class='ocrx_word' id='word_1_234' title='bbox 654 1567 758 1617; x_wconf 90' lang='lat' dir='ltr'><strong>eorum,</strong></span> <span class='ocrx_word' id='word_1_235' title='bbox 774 1553 865 1623; x_wconf 90' lang='lat' dir='ltr'><strong>quise</strong></span> <span class='ocrx_word' id='word_1_236' title='bbox 880 1568 930 1623; x_wconf 82' lang='lat' dir='ltr'><strong>per</strong></span> <span class='ocrx_word' id='word_1_237' title='bbox 981 1547 1062 1602; x_wconf 92' lang='lat' dir='ltr'><strong>etiam</strong></span> <span class='ocrx_word' id='word_1_238' title='bbox 1082 1548 1117 1602; x_wconf 89' lang='lat' dir='ltr'><strong>ita</strong></span> <span class='ocrx_word' id='word_1_239' title='bbox 1134 1564 1298 1619; x_wconf 90' lang='lat' dir='ltr'><strong>proponere,</strong></span> <span class='ocrx_word' id='word_1_240' title='bbox 1318 1551 1341 1604; x_wconf 89' lang='lat' dir='ltr'><strong>si</strong></span> <span class='ocrx_word' id='word_1_241' title='bbox 1365 1551 1434 1609; x_wconf 89' lang='lat' dir='ltr'><strong>alius</strong></span> <span class='ocrx_word' id='word_1_242' title='bbox 1456 1551 1582 1607; x_wconf 88' lang='lat' dir='ltr'><strong>nesciens</strong></span> <span class='ocrx_word' id='word_1_243' title='bbox 1607 1553 1636 1606; x_wconf 92' lang='lat' dir='ltr'><strong>in</strong></span> <span class='ocrx_word' id='word_1_244' title='bbox 1656 1553 1780 1608; x_wconf 84' lang='lat' dir='ltr'><strong>haeresim</strong></span> 
     </span>
     <span class='ocr_line' id='line_1_17' title="bbox 130 1635 1780 1725; baseline -0.002 -27"><span class='ocrx_word' id='word_1_245' title='bbox 130 1641 238 1699; x_wconf 90' lang='lat' dir='ltr'><strong>diversa</strong></span> <span class='ocrx_word' id='word_1_246' title='bbox 258 1641 393 1710; x_wconf 85' lang='lat' dir='ltr'><strong>jactantes</strong></span> <span class='ocrx_word' id='word_1_247' title='bbox 413 1641 447 1693; x_wconf 93' lang='lat' dir='ltr'><strong>ab</strong></span> <span class='ocrx_word' id='word_1_248' title='bbox 461 1639 564 1694; x_wconf 88' lang='lat' dir='ltr'><strong>unitate</strong></span> <span class='ocrx_word' id='word_1_249' title='bbox 589 1640 728 1696; x_wconf 83' lang='lat' dir='ltr'><strong>catholicae</strong></span> <span class='ocrx_word' id='word_1_250' title='bbox 752 1639 964 1725; x_wconf 70' lang='lat' dir='ltr'><strong>fraternitatisss</strong></span> <span class='ocrx_word' id='word_1_251' title='bbox 981 1635 1108 1703; x_wconf 87' lang='lat' dir='ltr'><strong>incurrat,</strong></span> <span class='ocrx_word' id='word_1_252' title='bbox 1125 1645 1151 1692; x_wconf 90' lang='lat' dir='ltr'><strong>et</strong></span> <span class='ocrx_word' id='word_1_253' title='bbox 1166 1637 1256 1693; x_wconf 90' lang='lat' dir='ltr'><strong>sciens</strong></span> <span class='ocrx_word' id='word_1_254' title='bbox 1280 1638 1349 1693; x_wconf 91' lang='lat' dir='ltr'><strong>alius</strong></span> <span class='ocrx_word' id='word_1_255' title='bbox 1363 1639 1397 1693; x_wconf 93' lang='lat' dir='ltr'><strong>ad</strong></span> <span class='ocrx_word' id='word_1_256' title='bbox 1410 1639 1564 1695; x_wconf 90' lang='lat' dir='ltr'><strong>idololatria</strong></span> <span class='ocrx_word' id='word_1_257' title='bbox 1588 1656 1645 1695; x_wconf 91' lang='lat' dir='ltr'><strong>non</strong></span> <span class='ocrx_word' id='word_1_258' title='bbox 1660 1641 1780 1710; x_wconf 89' lang='lat' dir='ltr'><strong>recedat,</strong></span> 
     </span>
     <span class='ocr_line' id='line_1_18' title="bbox 132 1724 1781 1803; baseline 0 -19"><span class='ocrx_word' id='word_1_259' title='bbox 132 1729 325 1803; x_wconf 74' lang='lat' dir='ltr'><strong>praeciderunt,</strong></span> <span class='ocrx_word' id='word_1_260' title='bbox 350 1728 393 1783; x_wconf 91' lang='lat' dir='ltr'><strong>vel</strong></span> <span class='ocrx_word' id='word_1_261' title='bbox 407 1737 517 1799; x_wconf 92' lang='lat' dir='ltr'><strong>propter</strong></span> <span class='ocrx_word' id='word_1_262' title='bbox 530 1728 737 1783; x_wconf 80' lang='lat' dir='ltr'><strong>irrevocabilem</strong></span> <span class='ocrx_word' id='word_1_263' title='bbox 752 1745 827 1784; x_wconf 91' lang='lat' dir='ltr'><strong>suam</strong></span> <span class='ocrx_word' id='word_1_264' title='bbox 842 1729 929 1800; x_wconf 91' lang='lat' dir='ltr'><strong>perti·</strong></span> <span class='ocrx_word' id='word_1_265' title='bbox 981 1724 1045 1795; x_wconf 91' lang='lat' dir='ltr'><strong>quia</strong></span> <span class='ocrx_word' id='word_1_266' title='bbox 1059 1732 1086 1778; x_wconf 87' lang='lat' dir='ltr'><strong>et</strong></span> <span class='ocrx_word' id='word_1_267' title='bbox 1100 1725 1247 1795; x_wconf 79' lang='lat' dir='ltr'><strong>Apostolus</strong></span> <span class='ocrx_word' id='word_1_268' title='bbox 1261 1727 1326 1781; x_wconf 91' lang='lat' dir='ltr'><strong>dicit</strong></span> <span class='ocrx_word' id='word_1_269' title='bbox 1340 1745 1347 1782; x_wconf 76' lang='grc' dir='ltr'>ε</span> <span class='ocrx_word' id='word_1_270' title='bbox 1365 1728 1492 1784; x_wconf 77' lang='lat' dir='ltr'><strong>Auaritia</strong></span> <span class='ocrx_word' id='word_1_271' title='bbox 1507 1745 1568 1799; x_wconf 78' lang='lat' dir='ltr'><strong>quta</strong></span> <span class='ocrx_word' id='word_1_272' title='bbox 1582 1733 1628 1784; x_wconf 83' lang='lat' dir='ltr'><strong>est</strong></span> <span class='ocrx_word' id='word_1_273' title='bbox 1642 1729 1781 1785; x_wconf 76' lang='lat' dir='ltr'><strong>idolorum</strong></span> 
     </span>
     <span class='ocr_line' id='line_1_19' title="bbox 131 1813 1783 1889; baseline 0.004 -17"><span class='ocrx_word' id='word_1_274' title='bbox 131 1817 238 1873; x_wconf 79' lang='lat' dir='ltr'><strong>nauium</strong></span> <span class='ocrx_word' id='word_1_275' title='bbox 253 1816 365 1888; x_wconf 81' lang='lat' dir='ltr'><strong>praeeidi</strong></span> <span class='ocrx_word' id='word_1_276' title='bbox 380 1824 537 1889; x_wconf 78' lang='lat' dir='ltr'><strong>exegerunt,</strong></span> <span class='ocrx_word' id='word_1_277' title='bbox 550 1825 578 1871; x_wconf 88' lang='lat' dir='ltr'><strong>ut</strong></span> <span class='ocrx_word' id='word_1_278' title='bbox 588 1818 688 1871; x_wconf 86' lang='lat' dir='ltr'><strong>nostris</strong></span> <span class='ocrx_word' id='word_1_279' title='bbox 700 1818 869 1888; x_wconf 78' lang='lat' dir='ltr'><strong>temporibus</strong></span> <span class='ocrx_word' id='word_1_280' title='bbox 880 1818 935 1874; x_wconf 84' lang='lat' dir='ltr'><strong>Go-</strong></span> <span class='ocrx_word' id='word_1_281' title='bbox 980 1813 1102 1868; x_wconf 75' lang='lat' dir='ltr'><strong>servitus</strong></span> <span class='ocrx_word' id='word_1_282' title='bbox 1117 1814 1229 1883; x_wconf 75' lang='lat' dir='ltr'><strong>(coloss.</strong></span> <span class='ocrx_word' id='word_1_283' title='bbox 1240 1814 1292 1884; x_wconf 84' lang='lat' dir='ltr'><strong>m),</strong></span> <span class='ocrx_word' id='word_1_284' title='bbox 1310 1823 1336 1869; x_wconf 86' lang='lat' dir='ltr'><strong>et</strong></span> <span class='ocrx_word' id='word_1_285' title='bbox 1350 1814 1408 1885; x_wconf 86' lang='lat' dir='ltr'><strong>ipse</strong></span> <span class='ocrx_word' id='word_1_286' title='bbox 1419 1815 1570 1887; x_wconf 80' lang='lat' dir='ltr'><strong>Cyprianus</strong></span> <span class='ocrx_word' id='word_1_287' title='bbox 1582 1817 1711 1872; x_wconf 87' lang='lat' dir='ltr'><strong>eumdem</strong></span> <span class='ocrx_word' id='word_1_288' title='bbox 1726 1833 1783 1874; x_wconf 86' lang='lat' dir='ltr'><strong>sen·</strong></span> 
     </span>
     <span class='ocr_line' id='line_1_20' title="bbox 131 1900 1781 1976; baseline -0.001 -15"><span class='ocrx_word' id='word_1_289' title='bbox 131 1904 287 1962; x_wconf 88' lang='lat' dir='ltr'><strong>thescalcus</strong></span> <span class='ocrx_word' id='word_1_290' title='bbox 301 1911 382 1976; x_wconf 89' lang='lat' dir='ltr'><strong>atque</strong></span> <span class='ocrx_word' id='word_1_291' title='bbox 398 1904 557 1970; x_wconf 88' lang='lat' dir='ltr'><strong>Guntarius,</strong></span> <span class='ocrx_word' id='word_1_292' title='bbox 574 1904 741 1960; x_wconf 84' lang='lat' dir='ltr'><strong>exitiabilem</strong></span> <span class='ocrx_word' id='word_1_293' title='bbox 755 1905 932 1976; x_wconf 89' lang='lat' dir='ltr'><strong>pertinaciam</strong></span> <span class='ocrx_word' id='word_1_294' title='bbox 982 1900 1091 1954; x_wconf 72' lang='lat' dir='ltr'><strong>tentiam</strong></span> <span class='ocrx_word' id='word_1_295' title='bbox 1117 1916 1171 1955; x_wconf 85' lang='lat'>11011</span> <span class='ocrx_word' id='word_1_296' title='bbox 1195 1901 1274 1956; x_wconf 80' lang='lat' dir='ltr'><strong>aliter</strong></span> <span class='ocrx_word' id='word_1_297' title='bbox 1289 1902 1429 1973; x_wconf 84' lang='lat' dir='ltr'><strong>intellexit,</strong></span> <span class='ocrx_word' id='word_1_298' title='bbox 1453 1904 1524 1960; x_wconf 90' lang='lat' dir='ltr'><strong>sicut</strong></span> <span class='ocrx_word' id='word_1_299' title='bbox 1540 1905 1575 1959; x_wconf 91' lang='lat' dir='ltr'><strong>ad</strong></span> <span class='ocrx_word' id='word_1_300' title='bbox 1597 1905 1781 1961; x_wconf 74' lang='lat' dir='ltr'><strong>Antonianum</strong></span> 
     </span>
     <span class='ocr_line' id='line_1_21' title="bbox 132 1987 1781 2066; baseline 0.001 -17"><span class='ocrx_word' id='word_1_301' title='bbox 132 1993 218 2066; x_wconf 85' lang='lat' dir='ltr'><strong>sequi,</strong></span> <span class='ocrx_word' id='word_1_302' title='bbox 234 2009 316 2066; x_wconf 93' lang='lat' dir='ltr'><strong>quam</strong></span> <span class='ocrx_word' id='word_1_303' title='bbox 331 1992 545 2050; x_wconf 87' lang='lat' dir='ltr'><strong>ecclesiasticam</strong></span> <span class='ocrx_word' id='word_1_304' title='bbox 569 1993 804 2048; x_wconf 90' lang='lat' dir='ltr'><strong>mansuetudinem</strong></span> <span class='ocrx_word' id='word_1_305' title='bbox 819 2001 847 2049; x_wconf 92' lang='lat' dir='ltr'><strong>et</strong></span> <span class='ocrx_word' id='word_1_306' title='bbox 859 1994 931 2066; x_wconf 90' lang='lat' dir='ltr'><strong>piam</strong></span> <span class='ocrx_word' id='word_1_307' title='bbox 981 1987 1103 2043; x_wconf 72' lang='lat' dir='ltr'><strong>scribens</strong></span> <span class='ocrx_word' id='word_1_308' title='bbox 1117 1988 1154 2042; x_wconf 86' lang='lat' dir='ltr'><strong>ait</strong></span> <span class='ocrx_word' id='word_1_309' title='bbox 1168 1991 1261 2061; x_wconf 72' lang='lat' dir='ltr'><strong>(epist.</strong></span> <span class='ocrx_word' id='word_1_310' title='bbox 1279 1991 1323 2060; x_wconf 74' lang='lat'><strong>52)</strong></span> <span class='ocrx_word' id='word_1_311' title='bbox 1341 2008 1347 2044; x_wconf 95' lang='lat'><strong>:</strong></span> <span class='ocrx_word' id='word_1_312' title='bbox 1365 2014 1376 2037; x_wconf 85' lang='lat' dir='ltr'><strong>u</strong></span> <span class='ocrx_word' id='word_1_313' title='bbox 1394 1991 1452 2046; x_wconf 87' lang='lat' dir='ltr'><strong>Nec</strong></span> <span class='ocrx_word' id='word_1_314' title='bbox 1467 1991 1519 2046; x_wconf 92' lang='lat' dir='ltr'><strong>sibi</strong></span> <span class='ocrx_word' id='word_1_315' title='bbox 1533 1992 1561 2046; x_wconf 93' lang='lat' dir='ltr'><strong>in</strong></span> <span class='ocrx_word' id='word_1_316' title='bbox 1577 1993 1630 2048; x_wconf 89' lang='lat' dir='ltr'><strong>lioc</strong></span> <span class='ocrx_word' id='word_1_317' title='bbox 1644 1994 1711 2049; x_wconf 90' lang='lat' dir='ltr'><strong>novi</strong></span> <span class='ocrx_word' id='word_1_318' title='bbox 1724 1996 1781 2050; x_wconf 79' lang='lat' dir='ltr'><strong>be-</strong></span> 
     </span>
     <span class='ocr_line' id='line_1_22' title="bbox 132 2073 1782 2154; baseline 0.001 -17"><span class='ocrx_word' id='word_1_319' title='bbox 132 2081 333 2154; x_wconf 89' lang='lat' dir='ltr'><strong>paternitatem.</strong></span> <span class='ocrx_word' id='word_1_320' title='bbox 359 2080 505 2154; x_wconf 81' lang='lat' dir='ltr'><strong>Contingat</strong></span> <span class='ocrx_word' id='word_1_321' title='bbox 527 2081 584 2150; x_wconf 91' lang='lat' dir='ltr'><strong>tibi,</strong></span> <span class='ocrx_word' id='word_1_322' title='bbox 608 2081 680 2152; x_wconf 89' lang='lat' dir='ltr'><strong>quod</strong></span> <span class='ocrx_word' id='word_1_323' title='bbox 703 2081 782 2147; x_wconf 89' lang='lat' dir='ltr'><strong>absit,</strong></span> <span class='ocrx_word' id='word_1_324' title='bbox 808 2098 870 2137; x_wconf 87' lang='lat' dir='ltr'><strong>eum</strong></span> <span class='ocrx_word' id='word_1_325' title='bbox 892 2082 932 2136; x_wconf 82' lang='lat' dir='ltr'><strong>eis</strong></span> <span class='ocrx_word' id='word_1_326' title='bbox 981 2073 1058 2131; x_wconf 90' lang='lat' dir='ltr'><strong>retici</strong></span> <span class='ocrx_word' id='word_1_327' title='bbox 1080 2075 1259 2144; x_wconf 88' lang='lat' dir='ltr'><strong>blandiantur,</strong></span> <span class='ocrx_word' id='word_1_328' title='bbox 1282 2079 1355 2148; x_wconf 91' lang='lat' dir='ltr'><strong>quod</strong></span> <span class='ocrx_word' id='word_1_329' title='bbox 1379 2095 1408 2134; x_wconf 91' lang='lat' dir='ltr'><strong>se</strong></span> <span class='ocrx_word' id='word_1_330' title='bbox 1431 2079 1521 2135; x_wconf 90' lang='lat' dir='ltr'><strong>dicant</strong></span> <span class='ocrx_word' id='word_1_331' title='bbox 1548 2080 1706 2138; x_wconf 91' lang='lat' dir='ltr'><strong>idololatris</strong></span> <span class='ocrx_word' id='word_1_332' title='bbox 1728 2099 1782 2140; x_wconf 92' lang='lat' dir='ltr'><strong>non</strong></span> 
     </span>
     <span class='ocr_line' id='line_1_23' title="bbox 132 2164 1784 2241; baseline -0.002 -16"><span class='ocrx_word' id='word_1_333' title='bbox 132 2169 236 2225; x_wconf 87' lang='lat' dir='ltr'><strong>habere</strong></span> <span class='ocrx_word' id='word_1_334' title='bbox 251 2177 366 2241; x_wconf 87' lang='lat' dir='ltr'><strong>partem,</strong></span> <span class='ocrx_word' id='word_1_335' title='bbox 384 2185 496 2241; x_wconf 93' lang='lat' dir='ltr'><strong>quorum</strong></span> <span class='ocrx_word' id='word_1_336' title='bbox 512 2169 648 2224; x_wconf 89' lang='lat' dir='ltr'><strong>studueris</strong></span> <span class='ocrx_word' id='word_1_337' title='bbox 661 2169 758 2224; x_wconf 90' lang='lat' dir='ltr'><strong>imitari</strong></span> <span class='ocrx_word' id='word_1_338' title='bbox 774 2185 932 2240; x_wconf 86' lang='lat' dir='ltr'><strong>perversam</strong></span> <span class='ocrx_word' id='word_1_339' title='bbox 980 2164 1192 2232; x_wconf 89' lang='lat' dir='ltr'><strong>communicare,</strong></span> <span class='ocrx_word' id='word_1_340' title='bbox 1214 2167 1323 2236; x_wconf 92' lang='lat' dir='ltr'><strong>quando</strong></span> <span class='ocrx_word' id='word_1_341' title='bbox 1347 2166 1401 2221; x_wconf 90' lang='lat' dir='ltr'><strong>siut</strong></span> <span class='ocrx_word' id='word_1_342' title='bbox 1415 2175 1441 2221; x_wconf 93' lang='lat' dir='ltr'><strong>et</strong></span> <span class='ocrx_word' id='word_1_343' title='bbox 1456 2167 1529 2238; x_wconf 90' lang='lat' dir='ltr'><strong>apud</strong></span> <span class='ocrx_word' id='word_1_344' title='bbox 1542 2168 1604 2224; x_wconf 92' lang='lat' dir='ltr'><strong>illos</strong></span> <span class='ocrx_word' id='word_1_345' title='bbox 1622 2169 1784 2227; x_wconf 71' lang='lat' dir='ltr'><strong>adulterius</strong></span> 
     </span>
     <span class='ocr_line' id='line_1_24' title="bbox 129 2249 1782 2330; baseline 0.008 -18"><span class='ocrx_word' id='word_1_346' title='bbox 129 2257 328 2313; x_wconf 89' lang='lat' dir='ltr'><strong>intentionem:</strong></span> <span class='ocrx_word' id='word_1_347' title='bbox 341 2256 480 2313; x_wconf 88' lang='lat' dir='ltr'><strong>etidcirco</strong></span> <span class='ocrx_word' id='word_1_348' title='bbox 496 2257 528 2323; x_wconf 91' lang='lat' dir='ltr'><strong>si,</strong></span> <span class='ocrx_word' id='word_1_349' title='bbox 540 2258 613 2330; x_wconf 91' lang='lat' dir='ltr'><strong>quod</strong></span> <span class='ocrx_word' id='word_1_350' title='bbox 628 2273 684 2313; x_wconf 92' lang='lat' dir='ltr'><strong>non</strong></span> <span class='ocrx_word' id='word_1_351' title='bbox 697 2265 760 2328; x_wconf 93' lang='lat' dir='ltr'><strong>opto</strong></span> <span class='ocrx_word' id='word_1_352' title='bbox 775 2258 824 2313; x_wconf 90' lang='lat' dir='ltr'><strong>sed</strong></span> <span class='ocrx_word' id='word_1_353' title='bbox 837 2259 929 2325; x_wconf 91' lang='lat' dir='ltr'><strong>timeo,</strong></span> <span class='ocrx_word' id='word_1_354' title='bbox 980 2249 1150 2306; x_wconf 67' lang='lat' dir='ltr'><strong>fraudatores</strong></span> <span class='ocrx_word' id='word_1_355' title='bbox 1174 2253 1220 2323; x_wconf 70' lang='lat' dir='ltr'><strong>(lui</strong></span> <span class='ocrx_word' id='word_1_356' title='bbox 1241 2261 1383 2309; x_wconf 68' lang='lat' dir='ltr'><strong>teneantur</strong></span> <span class='ocrx_word' id='word_1_357' title='bbox 1403 2255 1562 2311; x_wconf 69' lang='lat' dir='ltr'><strong>id⁰l0¹⁸ttlae</strong></span> <span class='ocrx_word' id='word_1_358' title='bbox 1586 2257 1714 2325; x_wconf 55' lang='lat' dir='ltr'><strong>wintine.</strong></span> <span class='ocrx_word' id='word_1_359' title='bbox 1737 2274 1782 2315; x_wconf 71' lang='lat'><strong>⁸0·</strong></span> 
     </span>
     <span class='ocr_line' id='line_1_25' title="bbox 133 2336 1781 2416; baseline 0.001 -16"><span class='ocrx_word' id='word_1_360' title='bbox 133 2339 162 2400; x_wconf 86' lang='lat' dir='ltr'><strong>in</strong></span> <span class='ocrx_word' id='word_1_361' title='bbox 175 2345 228 2400; x_wconf 90' lang='lat' dir='ltr'><strong>hac</strong></span> <span class='ocrx_word' id='word_1_362' title='bbox 243 2343 378 2399; x_wconf 90' lang='lat' dir='ltr'><strong>dementia</strong></span> <span class='ocrx_word' id='word_1_363' title='bbox 393 2336 462 2400; x_wconf 77' lang='lat' dir='ltr'><strong>sicut</strong></span> <span class='ocrx_word' id='word_1_364' title='bbox 477 2345 583 2415; x_wconf 90' lang='lat' dir='ltr'><strong>coepisti</strong></span> <span class='ocrx_word' id='word_1_365' title='bbox 606 2345 726 2400; x_wconf 88' lang='lat' dir='ltr'><strong>volueris</strong></span> <span class='ocrx_word' id='word_1_366' title='bbox 741 2360 929 2416; x_wconf 85' lang='lat' dir='ltr'><strong>perseverare,</strong></span> <span class='ocrx_word' id='word_1_367' title='bbox 981 2340 1097 2394; x_wconf 74' lang='lat' dir='ltr'><strong>cundum</strong></span> <span class='ocrx_word' id='word_1_368' title='bbox 1114 2341 1274 2410; x_wconf 73' lang='lat' dir='ltr'><strong>Apostolum</strong></span> <span class='ocrx_word' id='word_1_369' title='bbox 1288 2341 1426 2398; x_wconf 85' lang='lat' dir='ltr'><strong>dicentem</strong></span> <span class='ocrx_word' id='word_1_370' title='bbox 1440 2343 1550 2416; x_wconf 74' lang='lat' dir='ltr'><strong>(epici.</strong></span> <span class='ocrx_word' id='word_1_371' title='bbox 1563 2344 1594 2416; x_wconf 83' lang='lat' dir='ltr'><strong>v)</strong></span> <span class='ocrx_word' id='word_1_372' title='bbox 1610 2362 1618 2398; x_wconf 77' lang='grc' dir='ltr'>ε</span> <span class='ocrx_word' id='word_1_373' title='bbox 1635 2345 1697 2402; x_wconf 85' lang='grc' dir='ltr'><strong>Ηοε</strong></span> <span class='ocrx_word' id='word_1_374' title='bbox 1711 2345 1781 2402; x_wconf 89' lang='lat' dir='ltr'><strong>enim</strong></span> 
     </span>
     <span class='ocr_line' id='line_1_26' title="bbox 131 2426 1780 2503; baseline 0.008 -17"><span class='ocrx_word' id='word_1_375' title='bbox 131 2448 166 2487; x_wconf 92' lang='lat' dir='ltr'><strong>ne</strong></span> <span class='ocrx_word' id='word_1_376' title='bbox 182 2432 299 2503; x_wconf 91' lang='lat' dir='ltr'><strong>amplius</strong></span> <span class='ocrx_word' id='word_1_377' title='bbox 323 2439 418 2488; x_wconf 90' lang='lat' dir='ltr'><strong>contra</strong></span> <span class='ocrx_word' id='word_1_378' title='bbox 442 2432 587 2487; x_wconf 89' lang='lat' dir='ltr'><strong>verbosum</strong></span> <span class='ocrx_word' id='word_1_379' title='bbox 615 2433 737 2487; x_wconf 88' lang='lat' dir='ltr'><strong>studeam</strong></span> <span class='ocrx_word' id='word_1_380' title='bbox 766 2435 931 2491; x_wconf 88' lang='lat' dir='ltr'><strong>contendere</strong></span> <span class='ocrx_word' id='word_1_381' title='bbox 980 2426 1076 2483; x_wconf 64' lang='lat' dir='ltr'><strong>scitote</strong></span> <span class='ocrx_word' id='word_1_382' title='bbox 1090 2427 1284 2500; x_wconf 65' lang='lat' dir='ltr'><strong>intelligentes.</strong></span> <span class='ocrx_word' id='word_1_383' title='bbox 1310 2430 1371 2502; x_wconf 74' lang='lat' dir='ltr'><strong>quit</strong></span> <span class='ocrx_word' id='word_1_384' title='bbox 1393 2430 1656 2498; x_wconf 63' lang='lat' dir='ltr'><strong>0m11i⁸s0r1110⁸t⁰¹3</strong></span> <span class='ocrx_word' id='word_1_385' title='bbox 1672 2434 1780 2490; x_wconf 65' lang='lat' dir='ltr'><strong>tetim-</strong></span> 
     </span>
     <span class='ocr_line' id='line_1_27' title="bbox 134 2514 1780 2592; baseline 0.002 -16"><span class='ocrx_word' id='word_1_386' title='bbox 134 2520 237 2586; x_wconf 91' lang='lat' dir='ltr'><strong>verbis,</strong></span> <span class='ocrx_word' id='word_1_387' title='bbox 254 2519 304 2575; x_wconf 92' lang='lat' dir='ltr'><strong>sed</strong></span> <span class='ocrx_word' id='word_1_388' title='bbox 326 2520 380 2574; x_wconf 92' lang='lat' dir='ltr'><strong>ista</strong></span> <span class='ocrx_word' id='word_1_389' title='bbox 394 2527 439 2575; x_wconf 90' lang='lat' dir='ltr'><strong>aut</strong></span> <span class='ocrx_word' id='word_1_390' title='bbox 462 2521 497 2574; x_wconf 89' lang='lat' dir='ltr'><strong>ad</strong></span> <span class='ocrx_word' id='word_1_391' title='bbox 516 2521 722 2589; x_wconf 90' lang='lat' dir='ltr'><strong>correctionem,</strong></span> <span class='ocrx_word' id='word_1_392' title='bbox 739 2529 785 2576; x_wconf 92' lang='lat' dir='ltr'><strong>aut</strong></span> <span class='ocrx_word' id='word_1_393' title='bbox 799 2538 848 2592; x_wconf 90' lang='lat' dir='ltr'><strong>per</strong></span> <span class='ocrx_word' id='word_1_394' title='bbox 861 2522 930 2576; x_wconf 92' lang='lat' dir='ltr'><strong>alio·</strong></span> <span class='ocrx_word' id='word_1_395' title='bbox 980 2514 1107 2580; x_wconf 71' lang='lat' dir='ltr'><strong>mundus,</strong></span> <span class='ocrx_word' id='word_1_396' title='bbox 1141 2524 1186 2570; x_wconf 70' lang='lat' dir='ltr'><strong>tut</strong></span> <span class='ocrx_word' id='word_1_397' title='bbox 1216 2515 1364 2585; x_wconf 64' lang='lat' dir='ltr'><strong>fraudator.</strong></span> <span class='ocrx_word' id='word_1_398' title='bbox 1394 2519 1468 2591; x_wconf 84' lang='lat' dir='ltr'><strong>quod</strong></span> <span class='ocrx_word' id='word_1_399' title='bbox 1492 2527 1534 2574; x_wconf 89' lang='lat' dir='ltr'><strong>est</strong></span> <span class='ocrx_word' id='word_1_400' title='bbox 1561 2519 1699 2588; x_wconf 86' lang='lat' dir='ltr'><strong>idolatria,</strong></span> <span class='ocrx_word' id='word_1_401' title='bbox 1728 2538 1780 2580; x_wconf 89' lang='lat' dir='ltr'><strong>non</strong></span> 
     </span>
     <span class='ocr_line' id='line_1_28' title="bbox 132 2602 1778 2679; baseline 0.007 -16"><span class='ocrx_word' id='word_1_402' title='bbox 132 2623 194 2663; x_wconf 90' lang='lat' dir='ltr'><strong>rum</strong></span> <span class='ocrx_word' id='word_1_403' title='bbox 205 2606 336 2676; x_wconf 84' lang='lat' dir='ltr'><strong>judicium</strong></span> <span class='ocrx_word' id='word_1_404' title='bbox 350 2607 385 2662; x_wconf 91' lang='lat' dir='ltr'><strong>ad</strong></span> <span class='ocrx_word' id='word_1_405' title='bbox 400 2615 470 2661; x_wconf 91' lang='lat' dir='ltr'><strong>tuam</strong></span> <span class='ocrx_word' id='word_1_406' title='bbox 486 2607 660 2662; x_wconf 85' lang='lat' dir='ltr'><strong>revictionem</strong></span> <span class='ocrx_word' id='word_1_407' title='bbox 676 2607 799 2664; x_wconf 85' lang='lat' dir='ltr'><strong>sufficere</strong></span> <span class='ocrx_word' id='word_1_408' title='bbox 813 2609 929 2677; x_wconf 90' lang='lat' dir='ltr'><strong>valeant,</strong></span> <span class='ocrx_word' id='word_1_409' title='bbox 979 2602 1062 2656; x_wconf 72' lang='lat' dir='ltr'><strong>hebet</strong></span> <span class='ocrx_word' id='word_1_410' title='bbox 1076 2603 1534 2679; x_wconf 66' lang='lat' dir='ltr'><strong>haerssditttemittressAOChriStitt</strong></span> <span class='ocrx_word' id='word_1_411' title='bbox 1543 2608 1595 2663; x_wconf 73' lang='lat' dir='ltr'><strong>Dei</strong></span> <span class='ocrx_word' id='word_1_412' title='bbox 1606 2627 1613 2675; x_wconf 87' lang='lat' dir='ltr'><strong>i</strong></span> <span class='ocrx_word' id='word_1_413' title='bbox 1624 2618 1652 2665; x_wconf 75' lang='grc' dir='ltr'><strong>θῑ</strong></span> <span class='ocrx_word' id='word_1_414' title='bbox 1661 2609 1778 2666; x_wconf 67' lang='lat' dir='ltr'><strong>lterum:</strong></span> 
     </span>
     <span class='ocr_line' id='line_1_29' title="bbox 132 2690 1780 2770; baseline 0.002 -19"><span class='ocrx_word' id='word_1_415' title='bbox 132 2702 159 2751; x_wconf 91' lang='lat' dir='ltr'><strong>et</strong></span> <span class='ocrx_word' id='word_1_416' title='bbox 173 2694 239 2749; x_wconf 91' lang='lat' dir='ltr'><strong>mihi</strong></span> <span class='ocrx_word' id='word_1_417' title='bbox 253 2695 288 2750; x_wconf 91' lang='lat' dir='ltr'><strong>de</strong></span> <span class='ocrx_word' id='word_1_418' title='bbox 303 2695 445 2751; x_wconf 84' lang='lat' dir='ltr'><strong>avulsione</strong></span> <span class='ocrx_word' id='word_1_419' title='bbox 459 2695 548 2750; x_wconf 81' lang='lat' dir='ltr'><strong>dextri</strong></span> <span class='ocrx_word' id='word_1_420' title='bbox 571 2695 643 2751; x_wconf 92' lang='lat' dir='ltr'><strong>oculi</strong></span> <span class='ocrx_word' id='word_1_421' title='bbox 659 2697 701 2752; x_wconf 91' lang='lat' dir='ltr'><strong>vel</strong></span> <span class='ocrx_word' id='word_1_422' title='bbox 716 2696 819 2752; x_wconf 87' lang='lat' dir='ltr'><strong>dextrae</strong></span> <span class='ocrx_word' id='word_1_423' title='bbox 833 2712 930 2752; x_wconf 88' lang='lat' dir='ltr'><strong>manus</strong></span> <span class='ocrx_word' id='word_1_424' title='bbox 979 2690 1240 2763; x_wconf 75' lang='lat' dir='ltr'><strong>Mortificateitaque</strong></span> <span class='ocrx_word' id='word_1_425' title='bbox 1252 2695 1780 2770; x_wconf 81' lang='lat' dir='ltr'><strong>membronestraqeoestcntsupertsr·</strong></span> 
     </span>
     <span class='ocr_line' id='line_1_30' title="bbox 131 2781 1777 2854; baseline 0.01 -17"><span class='ocrx_word' id='word_1_426' title='bbox 131 2781 299 2839; x_wconf 85' lang='lat' dir='ltr'><strong>abscissione</strong></span> <span class='ocrx_word' id='word_1_427' title='bbox 315 2783 392 2838; x_wconf 92' lang='lat' dir='ltr'><strong>dolor</strong></span> <span class='ocrx_word' id='word_1_428' title='bbox 407 2783 550 2838; x_wconf 91' lang='lat' dir='ltr'><strong>continuus</strong></span> <span class='ocrx_word' id='word_1_429' title='bbox 564 2791 591 2838; x_wconf 92' lang='lat' dir='ltr'><strong>et</strong></span> <span class='ocrx_word' id='word_1_430' title='bbox 604 2793 752 2854; x_wconf 86' lang='lat' dir='ltr'><strong>perpetuus</strong></span> <span class='ocrx_word' id='word_1_431' title='bbox 766 2799 868 2840; x_wconf 88' lang='lat' dir='ltr'><strong>moeror</strong></span> <span class='ocrx_word' id='word_1_432' title='bbox 881 2801 929 2840; x_wconf 90' lang='lat' dir='ltr'><strong>ac·</strong></span> <span class='ocrx_word' id='word_1_433' title='bbox 979 2793 1051 2843; x_wconf 71' lang='lat' dir='ltr'><strong>ram,</strong></span> <span class='ocrx_word' id='word_1_434' title='bbox 1068 2787 1235 2849; x_wconf 76' lang='lat' dir='ltr'><strong>exponentes</strong></span> <span class='ocrx_word' id='word_1_435' title='bbox 1249 2783 1481 2851; x_wconf 59' lang='lat' dir='ltr'><strong>[Omittitttttmi</strong></span> <span class='ocrx_word' id='word_1_436' title='bbox 1505 2784 1735 2854; x_wconf 64' lang='lat' dir='ltr'><strong>immunditiam,</strong></span> <span class='ocrx_word' id='word_1_437' title='bbox 1752 2795 1777 2843; x_wconf 68' lang='lat' dir='ltr'><strong>ti</strong></span> 
     </span>
     <span class='ocr_line' id='line_1_31' title="bbox 132 2867 1777 2946; baseline 0.002 -21"><span class='ocrx_word' id='word_1_438' title='bbox 132 2869 214 2939; x_wconf 82' lang='lat' dir='ltr'><strong>sidat,</strong></span> <span class='ocrx_word' id='word_1_439' title='bbox 231 2870 301 2926; x_wconf 90' lang='lat' dir='ltr'><strong>sicut</strong></span> <span class='ocrx_word' id='word_1_440' title='bbox 315 2887 349 2932; x_wconf 87' lang='lat' dir='ltr'><strong>ert</strong></span> <span class='ocrx_word' id='word_1_441' title='bbox 364 2869 456 2925; x_wconf 88' lang='lat' dir='ltr'><strong>verbis</strong></span> <span class='ocrx_word' id='word_1_442' title='bbox 470 2870 543 2926; x_wconf 91' lang='lat' dir='ltr'><strong>beati</strong></span> <span class='ocrx_word' id='word_1_443' title='bbox 559 2870 686 2943; x_wconf 81' lang='lat' dir='ltr'><strong>Gregorii</strong></span> <span class='ocrx_word' id='word_1_444' title='bbox 700 2872 751 2926; x_wconf 91' lang='lat' dir='ltr'><strong>tria</strong></span> <span class='ocrx_word' id='word_1_445' title='bbox 766 2872 812 2927; x_wconf 92' lang='lat' dir='ltr'><strong>tibi</strong></span> <span class='ocrx_word' id='word_1_446' title='bbox 827 2888 929 2944; x_wconf 92' lang='lat' dir='ltr'><strong>propo·</strong></span> <span class='ocrx_word' id='word_1_447' title='bbox 978 2867 1237 2937; x_wconf 83' lang='lat' dir='ltr'><strong>concupiscentium</strong></span> <span class='ocrx_word' id='word_1_448' title='bbox 1246 2870 1363 2936; x_wconf 86' lang='lat' dir='ltr'><strong>mutam,</strong></span> <span class='ocrx_word' id='word_1_449' title='bbox 1374 2872 1777 2946; x_wconf 72' lang='lat' dir='ltr'><strong>etcvcrttiumquoeestidolo·</strong></span> 
     </span>
     <span class='ocr_line' id='line_1_32' title="bbox 129 2956 1778 3034; baseline 0.011 -20"><span class='ocrx_word' id='word_1_450' title='bbox 129 2959 172 3014; x_wconf 91' lang='lat' dir='ltr'><strong>sui</strong></span> <span class='ocrx_word' id='word_1_451' title='bbox 187 2977 193 3013; x_wconf 92' lang='lat'>:</span> <span class='ocrx_word' id='word_1_452' title='bbox 210 2966 353 3030; x_wconf 88' lang='lat' dir='ltr'><strong>peccatum</strong></span> <span class='ocrx_word' id='word_1_453' title='bbox 377 2959 490 3024; x_wconf 88' lang='lat' dir='ltr'><strong>scilicet,</strong></span> <span class='ocrx_word' id='word_1_454' title='bbox 513 2967 540 3013; x_wconf 91' lang='lat' dir='ltr'><strong>et</strong></span> <span class='ocrx_word' id='word_1_455' title='bbox 558 2974 670 3014; x_wconf 90' lang='lat' dir='ltr'><strong>causam</strong></span> <span class='ocrx_word' id='word_1_456' title='bbox 694 2960 807 3030; x_wconf 89' lang='lat' dir='ltr'><strong>peceati,</strong></span> <span class='ocrx_word' id='word_1_457' title='bbox 824 2976 856 3015; x_wconf 89' lang='lat' dir='ltr'><strong>ac</strong></span> <span class='ocrx_word' id='word_1_458' title='bbox 870 2976 929 3032; x_wconf 86' lang='lat' dir='ltr'><strong>poe-</strong></span> <span class='ocrx_word' id='word_1_459' title='bbox 979 2968 1041 3006; x_wconf 87' lang='lat' dir='ltr'><strong>rum</strong></span> <span class='ocrx_word' id='word_1_460' title='bbox 1055 2956 1175 3011; x_wconf 83' lang='lat' dir='ltr'><strong>seruitus</strong></span> <span class='ocrx_word' id='word_1_461' title='bbox 1190 2956 1316 3024; x_wconf 59' lang='lat' dir='ltr'><strong>(ctum-</strong></span> <span class='ocrx_word' id='word_1_462' title='bbox 1333 2958 1384 3029; x_wconf 74' lang='lat' dir='ltr'><strong>¹¹¹i·</strong></span> <span class='ocrx_word' id='word_1_463' title='bbox 1402 2957 1501 3028; x_wconf 60' lang='lat' dir='ltr'><strong>0¹¹aero</strong></span> <span class='ocrx_word' id='word_1_464' title='bbox 1526 2975 1594 3032; x_wconf 62' lang='lat'><strong>“80</strong></span> <span class='ocrx_word' id='word_1_465' title='bbox 1609 2961 1672 3033; x_wconf 65' lang='lat' dir='ltr'><strong>(luis</strong></span> <span class='ocrx_word' id='word_1_466' title='bbox 1684 2971 1778 3034; x_wconf 63' lang='grc' dir='ltr'><strong>Ι)θοοει</strong></span> 
     </span>
     <span class='ocr_line' id='line_1_33' title="bbox 128 3042 1818 3121; baseline 0.01 -19"><span class='ocrx_word' id='word_1_467' title='bbox 128 3061 191 3103; x_wconf 89' lang='lat' dir='ltr'><strong>nam</strong></span> <span class='ocrx_word' id='word_1_468' title='bbox 209 3047 315 3118; x_wconf 91' lang='lat' dir='ltr'><strong>peccati</strong></span> <span class='ocrx_word' id='word_1_469' title='bbox 331 3064 338 3101; x_wconf 90' lang='lat'>:</span> <span class='ocrx_word' id='word_1_470' title='bbox 356 3062 417 3117; x_wconf 83' lang='lat' dir='ltr'><strong>quae</strong></span> <span class='ocrx_word' id='word_1_471' title='bbox 435 3047 516 3101; x_wconf 90' lang='lat' dir='ltr'><strong>etiarn</strong></span> <span class='ocrx_word' id='word_1_472' title='bbox 529 3046 553 3100; x_wconf 88' lang='lat' dir='ltr'><strong>si</strong></span> <span class='ocrx_word' id='word_1_473' title='bbox 567 3061 670 3118; x_wconf 89' lang='lat' dir='ltr'><strong>negare</strong></span> <span class='ocrx_word' id='word_1_474' title='bbox 693 3047 760 3103; x_wconf 89' lang='lat' dir='ltr'><strong>velis</strong></span> <span class='ocrx_word' id='word_1_475' title='bbox 783 3048 926 3104; x_wconf 90' lang='lat' dir='ltr'><strong>admisisse</strong></span> <span class='ocrx_word' id='word_1_476' title='bbox 979 3042 1096 3112; x_wconf 64' lang='lat' dir='ltr'><strong>ssffil&#39;ittsi</strong></span> <span class='ocrx_word' id='word_1_477' title='bbox 1112 3042 1158 3113; x_wconf 94' lang='lat' dir='ltr'><strong>qui</strong></span> <span class='ocrx_word' id='word_1_478' title='bbox 1180 3044 1307 3099; x_wconf 62' lang='lat' dir='ltr'><strong>nesciens</strong></span> <span class='ocrx_word' id='word_1_479' title='bbox 1322 3044 1349 3100; x_wconf 62' lang='lat'><strong>5¹¹</strong></span> <span class='ocrx_word' id='word_1_480' title='bbox 1364 3047 1491 3102; x_wconf 65' lang='lat' dir='ltr'><strong>haestsiffl</strong></span> <span class='ocrx_word' id='word_1_481' title='bbox 1510 3048 1668 3116; x_wconf 63' lang='lat' dir='ltr'><strong>incurrerit,</strong></span> <span class='ocrx_word' id='word_1_482' title='bbox 1684 3067 1719 3105; x_wconf 76' lang='lat'><strong>⁸¹1</strong></span> <span class='ocrx_word' id='word_1_483' title='bbox 1733 3050 1777 3121; x_wconf 87' lang='lat' dir='ltr'><strong>qui</strong></span> <span class='ocrx_word' id='word_1_484' title='bbox 1797 3100 1818 3111; x_wconf 83' lang='lat'>-</span> 
     </span>
     <span class='ocr_line' id='line_1_34' title="bbox 127 3127 1818 3208; baseline 0.006 -18"><span class='ocrx_word' id='word_1_485' title='bbox 127 3133 309 3199; x_wconf 89' lang='lat' dir='ltr'><strong>convinceris,</strong></span> <span class='ocrx_word' id='word_1_486' title='bbox 325 3134 373 3188; x_wconf 91' lang='lat' dir='ltr'><strong>tibi</strong></span> <span class='ocrx_word' id='word_1_487' title='bbox 394 3133 449 3189; x_wconf 87' lang='lat' dir='ltr'><strong>alia</strong></span> <span class='ocrx_word' id='word_1_488' title='bbox 472 3134 523 3189; x_wconf 86' lang='lat' dir='ltr'><strong>tria</strong></span> <span class='ocrx_word' id='word_1_489' title='bbox 538 3151 571 3188; x_wconf 84' lang='lat' dir='ltr'><strong>ert</strong></span> <span class='ocrx_word' id='word_1_490' title='bbox 585 3134 676 3190; x_wconf 90' lang='lat' dir='ltr'><strong>verbis</strong></span> <span class='ocrx_word' id='word_1_491' title='bbox 691 3135 762 3190; x_wconf 87' lang='lat' dir='ltr'><strong>beati</strong></span> <span class='ocrx_word' id='word_1_492' title='bbox 782 3136 926 3208; x_wconf 76' lang='lat' dir='ltr'><strong>Augustini</strong></span> <span class='ocrx_word' id='word_1_493' title='bbox 975 3127 1065 3183; x_wconf 68' lang='lat' dir='ltr'><strong>stitus</strong></span> <span class='ocrx_word' id='word_1_494' title='bbox 1079 3128 1115 3183; x_wconf 69' lang='lat' dir='ltr'><strong>Ab</strong></span> <span class='ocrx_word' id='word_1_495' title='bbox 1128 3130 1252 3198; x_wconf 63' lang='lat' dir='ltr'><strong>avaritia,</strong></span> <span class='ocrx_word' id='word_1_496' title='bbox 1268 3132 1295 3187; x_wconf 75' lang='lat' dir='ltr'><strong>id</strong></span> <span class='ocrx_word' id='word_1_497' title='bbox 1309 3141 1351 3188; x_wconf 72' lang='lat' dir='ltr'><strong>est</strong></span> <span class='ocrx_word' id='word_1_498' title='bbox 1364 3134 1399 3189; x_wconf 70' lang='lat' dir='ltr'><strong>Ab</strong></span> <span class='ocrx_word' id='word_1_499' title='bbox 1413 3134 1566 3191; x_wconf 86' lang='lat' dir='ltr'><strong>idololatria</strong></span> <span class='ocrx_word' id='word_1_500' title='bbox 1581 3151 1638 3193; x_wconf 76' lang='lat' dir='ltr'><strong>rou</strong></span> <span class='ocrx_word' id='word_1_501' title='bbox 1652 3153 1818 3195; x_wconf 69' lang='lat' dir='ltr'><strong>recesse—</strong></span> 
     </span>
     <span class='ocr_line' id='line_1_35' title="bbox 127 3215 1818 3297; baseline 0.008 -21"><span class='ocrx_word' id='word_1_502' title='bbox 127 3237 289 3293; x_wconf 88' lang='lat' dir='ltr'><strong>proponam,</strong></span> <span class='ocrx_word' id='word_1_503' title='bbox 305 3228 334 3276; x_wconf 93' lang='lat' dir='ltr'><strong>ut</strong></span> <span class='ocrx_word' id='word_1_504' title='bbox 348 3222 419 3277; x_wconf 89' lang='lat' dir='ltr'><strong>sieut</strong></span> <span class='ocrx_word' id='word_1_505' title='bbox 433 3223 565 3293; x_wconf 89' lang='lat' dir='ltr'><strong>seriptum</strong></span> <span class='ocrx_word' id='word_1_506' title='bbox 574 3229 625 3288; x_wconf 89' lang='lat' dir='ltr'><strong>est,</strong></span> <span class='ocrx_word' id='word_1_507' title='bbox 641 3223 744 3289; x_wconf 79' lang='lat' dir='ltr'><strong>Videas,</strong></span> <span class='ocrx_word' id='word_1_508' title='bbox 762 3227 789 3279; x_wconf 88' lang='lat' dir='ltr'><strong>et</strong></span> <span class='ocrx_word' id='word_1_509' title='bbox 803 3225 885 3292; x_wconf 84' lang='lat' dir='ltr'><strong>scius,</strong></span> <span class='ocrx_word' id='word_1_510' title='bbox 898 3228 926 3280; x_wconf 89' lang='lat' dir='ltr'><strong>et</strong></span> <span class='ocrx_word' id='word_1_511' title='bbox 975 3215 1032 3270; x_wconf 75' lang='lat' dir='ltr'><strong>rit?</strong></span> <span class='ocrx_word' id='word_1_512' title='bbox 1048 3217 1204 3273; x_wconf 69' lang='lat' dir='ltr'><strong>Secundum</strong></span> <span class='ocrx_word' id='word_1_513' title='bbox 1228 3220 1337 3292; x_wconf 75' lang='lat' dir='ltr'><strong>quidem</strong></span> <span class='ocrx_word' id='word_1_514' title='bbox 1358 3222 1433 3276; x_wconf 93' lang='lat' dir='ltr'><strong>illam</strong></span> <span class='ocrx_word' id='word_1_515' title='bbox 1447 3224 1584 3297; x_wconf 65' lang='lat' dir='ltr'><strong>regulam,</strong></span> <span class='ocrx_word' id='word_1_516' title='bbox 1598 3240 1654 3297; x_wconf 69' lang='lat' dir='ltr'><strong>qut</strong></span> <span class='ocrx_word' id='word_1_517' title='bbox 1667 3235 1818 3297; x_wconf 69' lang='lat' dir='ltr'><strong>Peccat-</strong></span> 
     </span>
     <span class='ocr_line' id='line_1_36' title="bbox 127 3303 1818 3384; baseline 0.007 -18"><span class='ocrx_word' id='word_1_518' title='bbox 127 3311 271 3382; x_wconf 69' lang='lat' dir='ltr'><strong>recogites,</strong></span> <span class='ocrx_word' id='word_1_519' title='bbox 282 3314 310 3366; x_wconf 87' lang='lat' dir='ltr'><strong>et</strong></span> <span class='ocrx_word' id='word_1_520' title='bbox 320 3312 582 3382; x_wconf 79' lang='lat' dir='ltr'><strong>intelligospurt&#39;ter</strong></span> <span class='ocrx_word' id='word_1_521' title='bbox 592 3311 734 3381; x_wconf 60' lang='lat' dir='ltr'><strong>(isonti).</strong></span> <span class='ocrx_word' id='word_1_522' title='bbox 745 3312 928 3383; x_wconf 87' lang='lat' dir='ltr'><strong>Primumqui·</strong></span> <span class='ocrx_word' id='word_1_523' title='bbox 975 3303 1118 3360; x_wconf 67' lang='lat' dir='ltr'><strong>Stiessiium</strong></span> <span class='ocrx_word' id='word_1_524' title='bbox 1142 3308 1262 3376; x_wconf 64' lang='lat' dir='ltr'><strong>peccatis</strong></span> <span class='ocrx_word' id='word_1_525' title='bbox 1282 3309 1443 3381; x_wconf 68' lang='lat' dir='ltr'><strong>issss⁰f⁵⁰iiae</strong></span> <span class='ocrx_word' id='word_1_526' title='bbox 1457 3322 1665 3384; x_wconf 79' lang='lat' dir='ltr'><strong>praeponuntur,</strong></span> <span class='ocrx_word' id='word_1_527' title='bbox 1681 3330 1818 3377; x_wconf 59' lang='lat' dir='ltr'><strong>mma</strong></span> 
     </span>
     <span class='ocr_line' id='line_1_37' title="bbox 124 3392 1818 3470; baseline 0.003 -17"><span class='ocrx_word' id='word_1_528' title='bbox 124 3397 187 3454; x_wconf 89' lang='lat' dir='ltr'><strong>dem</strong></span> <span class='ocrx_word' id='word_1_529' title='bbox 201 3405 361 3469; x_wconf 89' lang='lat' dir='ltr'><strong>provectum</strong></span> <span class='ocrx_word' id='word_1_530' title='bbox 375 3398 503 3466; x_wconf 77' lang='lat' dir='ltr'><strong>avaritia,</strong></span> <span class='ocrx_word' id='word_1_531' title='bbox 515 3398 587 3454; x_wconf 88' lang='lat' dir='ltr'><strong>unde</strong></span> <span class='ocrx_word' id='word_1_532' title='bbox 597 3398 752 3470; x_wconf 89' lang='lat' dir='ltr'><strong>Apostolus,</strong></span> <span class='ocrx_word' id='word_1_533' title='bbox 764 3404 793 3455; x_wconf 84' lang='lat' dir='ltr'><strong>et</strong></span> <span class='ocrx_word' id='word_1_534' title='bbox 802 3401 926 3456; x_wconf 79' lang='lat' dir='ltr'><strong>auaritia</strong></span> <span class='ocrx_word' id='word_1_535' title='bbox 974 3406 1037 3447; x_wconf 92' lang='lat' dir='ltr'><strong>cum</strong></span> <span class='ocrx_word' id='word_1_536' title='bbox 1051 3392 1163 3448; x_wconf 90' lang='lat' dir='ltr'><strong>scientia</strong></span> <span class='ocrx_word' id='word_1_537' title='bbox 1178 3394 1261 3451; x_wconf 88' lang='lat' dir='ltr'><strong>vincit</strong></span> <span class='ocrx_word' id='word_1_538' title='bbox 1270 3396 1298 3451; x_wconf 93' lang='lat' dir='ltr'><strong>iu</strong></span> <span class='ocrx_word' id='word_1_539' title='bbox 1309 3398 1413 3454; x_wconf 85' lang='lat' dir='ltr'><strong>scelere</strong></span> <span class='ocrx_word' id='word_1_540' title='bbox 1423 3399 1582 3456; x_wconf 72' lang='lat' dir='ltr'><strong>hereticum</strong></span> <span class='ocrx_word' id='word_1_541' title='bbox 1596 3403 1764 3459; x_wconf 85' lang='lat' dir='ltr'><strong>nescientem</strong></span> <span class='ocrx_word' id='word_1_542' title='bbox 1785 3448 1818 3466; x_wconf 86' lang='grc'><strong>..</strong></span> 
     </span>
     <span class='ocr_line' id='line_1_38' title="bbox 123 3478 1818 3563; baseline 0.009 -24"><span class='ocrx_word' id='word_1_543' title='bbox 123 3499 185 3555; x_wconf 81' lang='lat' dir='ltr'><strong>pute</strong></span> <span class='ocrx_word' id='word_1_544' title='bbox 194 3489 238 3541; x_wconf 86' lang='lat' dir='ltr'><strong>est</strong></span> <span class='ocrx_word' id='word_1_545' title='bbox 248 3486 389 3543; x_wconf 84' lang='lat' dir='ltr'><strong>idolorum</strong></span> <span class='ocrx_word' id='word_1_546' title='bbox 398 3488 520 3542; x_wconf 83' lang='lat' dir='ltr'><strong>seruitus</strong></span> <span class='ocrx_word' id='word_1_547' title='bbox 529 3488 644 3555; x_wconf 86' lang='lat' dir='ltr'><strong>(Coloss.</strong></span> <span class='ocrx_word' id='word_1_548' title='bbox 655 3486 829 3558; x_wconf 86' lang='lat' dir='ltr'><strong>m).Avaritia</strong></span> <span class='ocrx_word' id='word_1_549' title='bbox 840 3488 923 3555; x_wconf 90' lang='lat' dir='ltr'><strong>euim,</strong></span> <span class='ocrx_word' id='word_1_550' title='bbox 974 3478 1029 3536; x_wconf 79' lang='lat' dir='ltr'><strong>Sed</strong></span> <span class='ocrx_word' id='word_1_551' title='bbox 1044 3497 1078 3535; x_wconf 78' lang='lat' dir='ltr'><strong>uc</strong></span> <span class='ocrx_word' id='word_1_552' title='bbox 1092 3480 1161 3537; x_wconf 83' lang='lat' dir='ltr'><strong>forte</strong></span> <span class='ocrx_word' id='word_1_553' title='bbox 1185 3482 1306 3554; x_wconf 84' lang='lat' dir='ltr'><strong>hoc-fiat,</strong></span> <span class='ocrx_word' id='word_1_554' title='bbox 1321 3484 1383 3541; x_wconf 82' lang='lat' dir='ltr'><strong>tacit</strong></span> <span class='ocrx_word' id='word_1_555' title='bbox 1397 3486 1426 3541; x_wconf 89' lang='lat' dir='ltr'><strong>in</strong></span> <span class='ocrx_word' id='word_1_556' title='bbox 1439 3487 1538 3544; x_wconf 82' lang='lat' dir='ltr'><strong>lraeresi</strong></span> <span class='ocrx_word' id='word_1_557' title='bbox 1559 3489 1675 3547; x_wconf 89' lang='lat' dir='ltr'><strong>sceleris</strong></span> <span class='ocrx_word' id='word_1_558' title='bbox 1690 3490 1818 3563; x_wconf 66' lang='lat' dir='ltr'><strong>ipsius</strong></span> 
     </span>
     <span class='ocr_line' id='line_1_39' title="bbox 123 3568 1814 3653; baseline 0.008 -28"><span class='ocrx_word' id='word_1_559' title='bbox 123 3579 153 3626; x_wconf 89' lang='lat' dir='ltr'><strong>ut</strong></span> <span class='ocrx_word' id='word_1_560' title='bbox 162 3573 331 3629; x_wconf 89' lang='lat' dir='ltr'><strong>demonstrat</strong></span> <span class='ocrx_word' id='word_1_561' title='bbox 355 3574 517 3646; x_wconf 82' lang='lat' dir='ltr'><strong>Gregorius,</strong></span> <span class='ocrx_word' id='word_1_562' title='bbox 544 3590 599 3630; x_wconf 92' lang='lat' dir='ltr'><strong>non</strong></span> <span class='ocrx_word' id='word_1_563' title='bbox 623 3575 711 3630; x_wconf 92' lang='lat' dir='ltr'><strong>solum</strong></span> <span class='ocrx_word' id='word_1_564' title='bbox 732 3576 856 3646; x_wconf 72' lang='lat' dir='ltr'><strong>pecuniae</strong></span> <span class='ocrx_word' id='word_1_565' title='bbox 871 3583 922 3643; x_wconf 92' lang='lat' dir='ltr'><strong>est,</strong></span> <span class='ocrx_word' id='word_1_566' title='bbox 974 3568 1143 3640; x_wconf 60' lang='lat' dir='ltr'><strong>magnitudm</strong></span> <span class='ocrx_word' id='word_1_567' title='bbox 1159 3572 1233 3642; x_wconf 77' lang='lat' dir='ltr'><strong>quod</strong></span> <span class='ocrx_word' id='word_1_568' title='bbox 1247 3570 1312 3628; x_wconf 85' lang='lat' dir='ltr'><strong>tacit</strong></span> <span class='ocrx_word' id='word_1_569' title='bbox 1327 3573 1354 3628; x_wconf 90' lang='lat' dir='ltr'><strong>in</strong></span> <span class='ocrx_word' id='word_1_570' title='bbox 1370 3574 1482 3630; x_wconf 71' lang='lat' dir='ltr'><strong>attritis</strong></span> <span class='ocrx_word' id='word_1_571' title='bbox 1497 3576 1610 3633; x_wconf 80' lang='lat' dir='ltr'><strong>scientis</strong></span> <span class='ocrx_word' id='word_1_572' title='bbox 1632 3578 1814 3653; x_wconf 71' lang='lat' dir='ltr'><strong>admissio,</strong></span> 
     </span>
     <span class='ocr_line' id='line_1_40' title="bbox 125 3656 1804 3738; baseline 0.005 -23"><span class='ocrx_word' id='word_1_573' title='bbox 125 3659 174 3716; x_wconf 88' lang='lat' dir='ltr'><strong>sed</strong></span> <span class='ocrx_word' id='word_1_574' title='bbox 189 3660 271 3716; x_wconf 91' lang='lat' dir='ltr'><strong>etiarn</strong></span> <span class='ocrx_word' id='word_1_575' title='bbox 292 3662 452 3717; x_wconf 90' lang='lat' dir='ltr'><strong>altitudinis.</strong></span> <span class='ocrx_word' id='word_1_576' title='bbox 469 3663 553 3717; x_wconf 86' lang='lat' dir='ltr'><strong>ilecte</strong></span> <span class='ocrx_word' id='word_1_577' title='bbox 568 3663 668 3733; x_wconf 91' lang='lat' dir='ltr'><strong>quippe</strong></span> <span class='ocrx_word' id='word_1_578' title='bbox 687 3663 799 3718; x_wconf 85' lang='lat' dir='ltr'><strong>avaritia</strong></span> <span class='ocrx_word' id='word_1_579' title='bbox 813 3663 922 3730; x_wconf 89' lang='lat' dir='ltr'><strong>dieitur,</strong></span> <span class='ocrx_word' id='word_1_580' title='bbox 973 3662 1002 3710; x_wconf 80' lang='lat' dir='ltr'><strong>ut</strong></span> <span class='ocrx_word' id='word_1_581' title='bbox 1024 3656 1168 3714; x_wconf 78' lang='lat' dir='ltr'><strong>haereticus</strong></span> <span class='ocrx_word' id='word_1_582' title='bbox 1192 3659 1317 3715; x_wconf 81' lang='lat' dir='ltr'><strong>nesciens</strong></span> <span class='ocrx_word' id='word_1_583' title='bbox 1341 3676 1424 3717; x_wconf 78' lang='lat' dir='ltr'><strong>avaro</strong></span> <span class='ocrx_word' id='word_1_584' title='bbox 1446 3663 1543 3720; x_wconf 86' lang='lat' dir='ltr'><strong>scienti</strong></span> <span class='ocrx_word' id='word_1_585' title='bbox 1573 3675 1741 3738; x_wconf 83' lang='lat' dir='ltr'><strong>coaequetur.</strong></span> <span class='ocrx_word' id='word_1_586' title='bbox 1776 3691 1804 3724; x_wconf 74' lang='grc' dir='ltr'><strong><em>ι</em></strong></span> 
     </span>
     <span class='ocr_line' id='line_1_41' title="bbox 124 3742 1796 3828; baseline 0.008 -25"><span class='ocrx_word' id='word_1_587' title='bbox 124 3762 187 3803; x_wconf 91' lang='lat' dir='ltr'><strong>cum</strong></span> <span class='ocrx_word' id='word_1_588' title='bbox 202 3763 285 3819; x_wconf 89' lang='lat' dir='ltr'><strong>super</strong></span> <span class='ocrx_word' id='word_1_589' title='bbox 307 3750 417 3804; x_wconf 89' lang='lat' dir='ltr'><strong>modum</strong></span> <span class='ocrx_word' id='word_1_590' title='bbox 440 3749 593 3803; x_wconf 87' lang='lat' dir='ltr'><strong>sublimitas</strong></span> <span class='ocrx_word' id='word_1_591' title='bbox 616 3749 742 3804; x_wconf 87' lang='lat' dir='ltr'><strong>ambitur.</strong></span> <span class='ocrx_word' id='word_1_592' title='bbox 759 3751 838 3818; x_wconf 86' lang='lat' dir='ltr'><strong>Quod</strong></span> <span class='ocrx_word' id='word_1_593' title='bbox 852 3749 923 3806; x_wconf 90' lang='lat' dir='ltr'><strong>inci·</strong></span> <span class='ocrx_word' id='word_1_594' title='bbox 973 3742 1149 3801; x_wconf 87' lang='lat' dir='ltr'><strong>Erustionem</strong></span> <span class='ocrx_word' id='word_1_595' title='bbox 1173 3763 1282 3820; x_wconf 87' lang='lat' dir='ltr'><strong>quoque</strong></span> <span class='ocrx_word' id='word_1_596' title='bbox 1306 3749 1460 3807; x_wconf 87' lang='lat' dir='ltr'><strong>divinorum</strong></span> <span class='ocrx_word' id='word_1_597' title='bbox 1487 3752 1670 3826; x_wconf 89' lang='lat' dir='ltr'><strong>eloquiorum,</strong></span> <span class='ocrx_word' id='word_1_598' title='bbox 1694 3770 1796 3828; x_wconf 79' lang='lat' dir='ltr'><strong>qnam</strong></span> 
     </span>
     <span class='ocr_line' id='line_1_42' title="bbox 123 3832 1787 3912; baseline 0.007 -21"><span class='ocrx_word' id='word_1_599' title='bbox 123 3834 197 3891; x_wconf 88' lang='lat' dir='ltr'><strong>disse</strong></span> <span class='ocrx_word' id='word_1_600' title='bbox 211 3836 321 3903; x_wconf 89' lang='lat' dir='ltr'><strong>videris,</strong></span> <span class='ocrx_word' id='word_1_601' title='bbox 335 3837 380 3907; x_wconf 93' lang='lat' dir='ltr'><strong>qui</strong></span> <span class='ocrx_word' id='word_1_602' title='bbox 396 3844 492 3891; x_wconf 90' lang='lat' dir='ltr'><strong>contra</strong></span> <span class='ocrx_word' id='word_1_603' title='bbox 505 3837 669 3892; x_wconf 89' lang='lat' dir='ltr'><strong>decretuma</strong></span> <span class='ocrx_word' id='word_1_604' title='bbox 685 3838 743 3893; x_wconf 88' lang='lat' dir='ltr'><strong>Deo</strong></span> <span class='ocrx_word' id='word_1_605' title='bbox 757 3837 921 3908; x_wconf 90' lang='lat' dir='ltr'><strong>ordinatum,</strong></span> <span class='ocrx_word' id='word_1_606' title='bbox 971 3832 1038 3886; x_wconf 84' lang='lat' dir='ltr'><strong>mihi</strong></span> <span class='ocrx_word' id='word_1_607' title='bbox 1046 3834 1221 3904; x_wconf 78' lang='lat' dir='ltr'><strong>pertundere,</strong></span> <span class='ocrx_word' id='word_1_608' title='bbox 1234 3835 1257 3890; x_wconf 91' lang='lat' dir='ltr'><strong>si</strong></span> <span class='ocrx_word' id='word_1_609' title='bbox 1264 3852 1372 3908; x_wconf 89' lang='lat' dir='ltr'><strong>posses,</strong></span> <span class='ocrx_word' id='word_1_610' title='bbox 1383 3840 1496 3896; x_wconf 90' lang='lat' dir='ltr'><strong>obtentu</strong></span> <span class='ocrx_word' id='word_1_611' title='bbox 1504 3841 1577 3912; x_wconf 90' lang='lat' dir='ltr'><strong>apud</strong></span> <span class='ocrx_word' id='word_1_612' title='bbox 1585 3850 1613 3899; x_wconf 89' lang='grc' dir='ltr'><strong>ιε</strong></span> <span class='ocrx_word' id='word_1_613' title='bbox 1621 3842 1787 3904; x_wconf 68' lang='lat' dir='ltr'><strong>annuenda</strong></span> 
     </span>
     <span class='ocr_line' id='line_1_43' title="bbox 120 3919 1777 4001; baseline 0.011 -26"><span class='ocrx_word' id='word_1_614' title='bbox 120 3936 156 3976; x_wconf 92' lang='lat' dir='ltr'><strong>ne</strong></span> <span class='ocrx_word' id='word_1_615' title='bbox 171 3921 295 3976; x_wconf 90' lang='lat' dir='ltr'><strong>subditus</strong></span> <span class='ocrx_word' id='word_1_616' title='bbox 305 3923 453 3978; x_wconf 91' lang='lat' dir='ltr'><strong>seeundum</strong></span> <span class='ocrx_word' id='word_1_617' title='bbox 464 3923 576 3996; x_wconf 88' lang='lat' dir='ltr'><strong>regulas</strong></span> <span class='ocrx_word' id='word_1_618' title='bbox 588 3932 632 3978; x_wconf 90' lang='lat' dir='ltr'><strong>tuo</strong></span> <span class='ocrx_word' id='word_1_619' title='bbox 642 3924 850 3996; x_wconf 89' lang='lat' dir='ltr'><strong>metropolitano</strong></span> <span class='ocrx_word' id='word_1_620' title='bbox 861 3924 922 3994; x_wconf 89' lang='lat' dir='ltr'><strong>tias,</strong></span> <span class='ocrx_word' id='word_1_621' title='bbox 972 3919 1047 3990; x_wconf 62' lang='lat' dir='ltr'><strong>petit</strong></span> <span class='ocrx_word' id='word_1_622' title='bbox 1068 3930 1180 3977; x_wconf 65' lang='lat' dir='ltr'><strong>conatus</strong></span> <span class='ocrx_word' id='word_1_623' title='bbox 1202 3921 1286 3990; x_wconf 71' lang='lat' dir='ltr'><strong>fuisti,</strong></span> <span class='ocrx_word' id='word_1_624' title='bbox 1319 3925 1388 3981; x_wconf 75' lang='lat' dir='ltr'><strong>Sicut</strong></span> <span class='ocrx_word' id='word_1_625' title='bbox 1414 3928 1530 3985; x_wconf 73' lang='lat' dir='ltr'><strong>clericos</strong></span> <span class='ocrx_word' id='word_1_626' title='bbox 1553 3931 1694 4001; x_wconf 76' lang='lat' dir='ltr'><strong>ptrochiae</strong></span> <span class='ocrx_word' id='word_1_627' title='bbox 1719 3940 1777 3989; x_wconf 80' lang='lat' dir='ltr'><strong>tute</strong></span> 
     </span>
     <span class='ocr_line' id='line_1_44' title="bbox 119 4007 1768 4090; baseline 0.008 -27"><span class='ocrx_word' id='word_1_628' title='bbox 119 4015 149 4063; x_wconf 87' lang='lat' dir='ltr'><strong>ut</strong></span> <span class='ocrx_word' id='word_1_629' title='bbox 163 4023 246 4078; x_wconf 89' lang='lat' dir='ltr'><strong>supra</strong></span> <span class='ocrx_word' id='word_1_630' title='bbox 259 4010 377 4076; x_wconf 90' lang='lat' dir='ltr'><strong>ostendi,</strong></span> <span class='ocrx_word' id='word_1_631' title='bbox 393 4010 527 4066; x_wconf 90' lang='lat' dir='ltr'><strong>rebellare</strong></span> <span class='ocrx_word' id='word_1_632' title='bbox 541 4012 657 4067; x_wconf 89' lang='lat' dir='ltr'><strong>conaris.</strong></span> <span class='ocrx_word' id='word_1_633' title='bbox 672 4013 702 4067; x_wconf 95' lang='lat' dir='ltr'><strong>ln</strong></span> <span class='ocrx_word' id='word_1_634' title='bbox 719 4028 772 4084; x_wconf 93' lang='lat' dir='ltr'><strong>quo</strong></span> <span class='ocrx_word' id='word_1_635' title='bbox 787 4013 809 4067; x_wconf 91' lang='lat' dir='ltr'><strong>si</strong></span> <span class='ocrx_word' id='word_1_636' title='bbox 824 4029 922 4085; x_wconf 90' lang='lat' dir='ltr'><strong>perse·</strong></span> <span class='ocrx_word' id='word_1_637' title='bbox 972 4007 1070 4063; x_wconf 75' lang='lat' dir='ltr'><strong>eodem</strong></span> <span class='ocrx_word' id='word_1_638' title='bbox 1093 4009 1204 4065; x_wconf 80' lang='lat' dir='ltr'><strong>obtentu</strong></span> <span class='ocrx_word' id='word_1_639' title='bbox 1219 4027 1269 4082; x_wconf 81' lang='lat' dir='ltr'><strong>per</strong></span> <span class='ocrx_word' id='word_1_640' title='bbox 1284 4011 1465 4084; x_wconf 74' lang='lat' dir='ltr'><strong>irregularem</strong></span> <span class='ocrx_word' id='word_1_641' title='bbox 1485 4016 1713 4090; x_wconf 83' lang='lat' dir='ltr'><strong>subscriptionem</strong></span> <span class='ocrx_word' id='word_1_642' title='bbox 1725 4026 1768 4077; x_wconf 85' lang='lat' dir='ltr'><strong>le·</strong></span> 
     </span>
     <span class='ocr_line' id='line_1_45' title="bbox 120 4095 1760 4174; baseline 0.014 -24"><span class='ocrx_word' id='word_1_643' title='bbox 120 4109 218 4150; x_wconf 82' lang='lat' dir='ltr'><strong>verare</strong></span> <span class='ocrx_word' id='word_1_644' title='bbox 241 4095 387 4169; x_wconf 74' lang='lat' dir='ltr'><strong>delegeris,</strong></span> <span class='ocrx_word' id='word_1_645' title='bbox 413 4107 543 4169; x_wconf 81' lang='lat' dir='ltr'><strong>quantum</strong></span> <span class='ocrx_word' id='word_1_646' title='bbox 566 4099 717 4171; x_wconf 82' lang='lat' dir='ltr'><strong>delinquas,</strong></span> <span class='ocrx_word' id='word_1_647' title='bbox 748 4117 810 4156; x_wconf 82' lang='lat' dir='ltr'><strong>eum</strong></span> <span class='ocrx_word' id='word_1_648' title='bbox 841 4102 922 4158; x_wconf 79' lang='lat' dir='ltr'><strong>tantis</strong></span> <span class='ocrx_word' id='word_1_649' title='bbox 972 4110 1034 4151; x_wconf 89' lang='lat' dir='ltr'><strong>cum</strong></span> <span class='ocrx_word' id='word_1_650' title='bbox 1057 4097 1236 4154; x_wconf 82' lang='lat' dir='ltr'><strong>connexuisti·</strong></span> <span class='ocrx_word' id='word_1_651' title='bbox 1260 4099 1389 4173; x_wconf 73' lang='lat' dir='ltr'><strong>Legimus</strong></span> <span class='ocrx_word' id='word_1_652' title='bbox 1412 4102 1512 4174; x_wconf 73' lang='lat' dir='ltr'><strong>quippe</strong></span> <span class='ocrx_word' id='word_1_653' title='bbox 1537 4119 1600 4162; x_wconf 78' lang='lat' dir='ltr'><strong>esse</strong></span> <span class='ocrx_word' id='word_1_654' title='bbox 1624 4123 1656 4162; x_wconf 84' lang='lat' dir='ltr'><strong>us</strong></span> <span class='ocrx_word' id='word_1_655' title='bbox 1670 4107 1760 4173; x_wconf 72' lang='lat' dir='ltr'><strong>mins,</strong></span> 
     </span>
     <span class='ocr_line' id='line_1_46' title="bbox 121 4182 1755 4266; baseline 0.018 -28"><span class='ocrx_word' id='word_1_656' title='bbox 121 4183 325 4239; x_wconf 90' lang='lat' dir='ltr'><strong>auctoritatibus</strong></span> <span class='ocrx_word' id='word_1_657' title='bbox 348 4185 506 4254; x_wconf 88' lang='lat' dir='ltr'><strong>revincaris,</strong></span> <span class='ocrx_word' id='word_1_658' title='bbox 532 4203 565 4241; x_wconf 84' lang='lat' dir='ltr'><strong>ex</strong></span> <span class='ocrx_word' id='word_1_659' title='bbox 588 4187 710 4255; x_wconf 89' lang='lat' dir='ltr'><strong>ejusdem</strong></span> <span class='ocrx_word' id='word_1_660' title='bbox 732 4187 804 4244; x_wconf 87' lang='lat' dir='ltr'><strong>beati</strong></span> <span class='ocrx_word' id='word_1_661' title='bbox 823 4191 920 4262; x_wconf 90' lang='lat' dir='ltr'><strong>Augu·</strong></span> <span class='ocrx_word' id='word_1_662' title='bbox 972 4182 1281 4258; x_wconf 64' lang='lat' dir='ltr'><strong>⁵1002210⁸00sl³0ti⁸·</strong></span> <span class='ocrx_word' id='word_1_663' title='bbox 1306 4189 1346 4244; x_wconf 73' lang='lat'><strong>⁰⁰</strong></span> <span class='ocrx_word' id='word_1_664' title='bbox 1368 4205 1414 4245; x_wconf 61' lang='grc' dir='ltr'><strong>ΟΝ</strong></span> <span class='ocrx_word' id='word_1_665' title='bbox 1429 4190 1502 4245; x_wconf 66' lang='lat' dir='ltr'><strong>enim</strong></span> <span class='ocrx_word' id='word_1_666' title='bbox 1525 4193 1620 4250; x_wconf 48' lang='lat' dir='ltr'><strong>⁰0&amp;ss</strong></span> <span class='ocrx_word' id='word_1_667' title='bbox 1641 4195 1755 4266; x_wconf 61' lang='lat' dir='ltr'><strong>wiltillm</strong></span> 
     </span>
     <span class='ocr_line' id='line_1_47' title="bbox 122 4269 1752 4352; baseline 0.006 -26"><span class='ocrx_word' id='word_1_668' title='bbox 122 4269 187 4326; x_wconf 88' lang='lat' dir='ltr'><strong>stini</strong></span> <span class='ocrx_word' id='word_1_669' title='bbox 201 4271 301 4338; x_wconf 91' lang='lat' dir='ltr'><strong>verbis,</strong></span> <span class='ocrx_word' id='word_1_670' title='bbox 319 4289 380 4343; x_wconf 82' lang='lat' dir='ltr'><strong>quae</strong></span> <span class='ocrx_word' id='word_1_671' title='bbox 394 4273 428 4327; x_wconf 93' lang='lat' dir='ltr'><strong>de</strong></span> <span class='ocrx_word' id='word_1_672' title='bbox 442 4275 530 4330; x_wconf 91' lang='lat' dir='ltr'><strong>saneti</strong></span> <span class='ocrx_word' id='word_1_673' title='bbox 553 4274 683 4345; x_wconf 83' lang='lat' dir='ltr'><strong>Cypriani</strong></span> <span class='ocrx_word' id='word_1_674' title='bbox 696 4276 775 4332; x_wconf 90' lang='lat' dir='ltr'><strong>dictis</strong></span> <span class='ocrx_word' id='word_1_675' title='bbox 789 4276 920 4348; x_wconf 88' lang='lat' dir='ltr'><strong>deprom-</strong></span> <span class='ocrx_word' id='word_1_676' title='bbox 972 4278 1014 4326; x_wconf 91' lang='lat' dir='ltr'><strong>est</strong></span> <span class='ocrx_word' id='word_1_677' title='bbox 1024 4288 1031 4325; x_wconf 92' lang='lat'><strong>:</strong></span> <span class='ocrx_word' id='word_1_678' title='bbox 1043 4273 1128 4328; x_wconf 83' lang='lat' dir='ltr'><strong>lubia</strong></span> <span class='ocrx_word' id='word_1_679' title='bbox 1138 4275 1231 4331; x_wconf 84' lang='lat' dir='ltr'><strong>dolosa</strong></span> <span class='ocrx_word' id='word_1_680' title='bbox 1240 4277 1271 4331; x_wconf 86' lang='lat' dir='ltr'><strong>in</strong></span> <span class='ocrx_word' id='word_1_681' title='bbox 1281 4276 1373 4344; x_wconf 83' lang='lat' dir='ltr'><strong>corde,</strong></span> <span class='ocrx_word' id='word_1_682' title='bbox 1384 4278 1504 4336; x_wconf 87' lang='lat' dir='ltr'><strong>etcorde</strong></span> <span class='ocrx_word' id='word_1_683' title='bbox 1513 4280 1752 4352; x_wconf 77' lang='lat' dir='ltr'><strong>toeutisanttl&#39;ssl.</strong></span> 
     </span>
     <span class='ocr_line' id='line_1_48' title="bbox 120 4358 1751 4434; baseline 0.016 -21"><span class='ocrx_word' id='word_1_684' title='bbox 120 4359 183 4431; x_wconf 89' lang='lat' dir='ltr'><strong>psit,</strong></span> <span class='ocrx_word' id='word_1_685' title='bbox 200 4359 249 4415; x_wconf 89' lang='lat' dir='ltr'><strong>tibi</strong></span> <span class='ocrx_word' id='word_1_686' title='bbox 263 4361 410 4416; x_wconf 91' lang='lat' dir='ltr'><strong>ostendere</strong></span> <span class='ocrx_word' id='word_1_687' title='bbox 425 4362 611 4417; x_wconf 89' lang='lat' dir='ltr'><strong>necessarium</strong></span> <span class='ocrx_word' id='word_1_688' title='bbox 626 4364 701 4418; x_wconf 87' lang='lat' dir='ltr'><strong>duxi.</strong></span> <span class='ocrx_word' id='word_1_689' title='bbox 713 4364 757 4419; x_wconf 87' lang='lat' dir='ltr'><strong>Ait</strong></span> <span class='ocrx_word' id='word_1_690' title='bbox 772 4365 845 4420; x_wconf 88' lang='lat' dir='ltr'><strong>enim</strong></span> <span class='ocrx_word' id='word_1_691' title='bbox 860 4381 921 4422; x_wconf 87' lang='lat' dir='ltr'><strong>san·</strong></span> <span class='ocrx_word' id='word_1_692' title='bbox 935 4358 1033 4429; x_wconf 79' lang='lat' dir='ltr'>D¹¹)3</span> <span class='ocrx_word' id='word_1_693' title='bbox 1050 4367 1077 4414; x_wconf 72' lang='grc' dir='ltr'><strong>θῑ</strong></span> <span class='ocrx_word' id='word_1_694' title='bbox 1088 4360 1162 4428; x_wconf 66' lang='grc' dir='ltr'><strong>ι’ΰῑῑθ</strong></span> <span class='ocrx_word' id='word_1_695' title='bbox 1183 4363 1370 4434; x_wconf 57' lang='lat' dir='ltr'><strong>etanteneam</strong></span> <span class='ocrx_word' id='word_1_696' title='bbox 1393 4366 1533 4422; x_wconf 54' lang='lat' dir='ltr'><strong>verbalem</strong></span> <span class='ocrx_word' id='word_1_697' title='bbox 1550 4385 1557 4422; x_wconf 65' lang='grc' dir='ltr'>ἰ</span> <span class='ocrx_word' id='word_1_698' title='bbox 1573 4371 1613 4425; x_wconf 71' lang='lat'><strong>⁰⁶</strong></span> <span class='ocrx_word' id='word_1_699' title='bbox 1626 4371 1703 4427; x_wconf 68' lang='lat' dir='ltr'><strong>⁶0rti⁴</strong></span> <span class='ocrx_word' id='word_1_700' title='bbox 1714 4384 1751 4424; x_wconf 48' lang='lat' dir='ltr'><strong>tt</strong></span> 
     </span>
     <span class='ocr_line' id='line_1_49' title="bbox 120 4447 1749 4530; baseline 0.003 -28"><span class='ocrx_word' id='word_1_701' title='bbox 120 4454 179 4503; x_wconf 91' lang='lat' dir='ltr'><strong>ctus</strong></span> <span class='ocrx_word' id='word_1_702' title='bbox 198 4447 352 4518; x_wconf 86' lang='lat' dir='ltr'><strong>Cyprianus</strong></span> <span class='ocrx_word' id='word_1_703' title='bbox 374 4449 470 4523; x_wconf 83' lang='lat' dir='ltr'><strong>(epist.</strong></span> <span class='ocrx_word' id='word_1_704' title='bbox 483 4453 526 4516; x_wconf 81' lang='lat'><strong>65,</strong></span> <span class='ocrx_word' id='word_1_705' title='bbox 539 4450 574 4505; x_wconf 85' lang='lat' dir='ltr'><strong>ed</strong></span> <span class='ocrx_word' id='word_1_706' title='bbox 589 4453 795 4524; x_wconf 79' lang='lat' dir='ltr'><strong>Antonianum)</strong></span> <span class='ocrx_word' id='word_1_707' title='bbox 808 4470 814 4508; x_wconf 76' lang='grc' dir='ltr'>ι</span> <span class='ocrx_word' id='word_1_708' title='bbox 828 4477 839 4501; x_wconf 79' lang='lat' dir='ltr'><strong>u</strong></span> <span class='ocrx_word' id='word_1_709' title='bbox 857 4454 922 4509; x_wconf 89' lang='lat' dir='ltr'><strong>Post</strong></span> <span class='ocrx_word' id='word_1_710' title='bbox 972 4450 1042 4502; x_wconf 72' lang='lat' dir='ltr'><strong>tunt</strong></span> <span class='ocrx_word' id='word_1_711' title='bbox 1056 4450 1240 4519; x_wconf 70' lang='lat' dir='ltr'><strong>cogitationes</strong></span> <span class='ocrx_word' id='word_1_712' title='bbox 1254 4453 1349 4519; x_wconf 78' lang='lat' dir='ltr'><strong>nate,</strong></span> <span class='ocrx_word' id='word_1_713' title='bbox 1366 4452 1530 4521; x_wconf 60' lang='lat' dir='ltr'><strong>bernuidis,</strong></span> <span class='ocrx_word' id='word_1_714' title='bbox 1546 4459 1683 4530; x_wconf 78' lang='lat' dir='ltr'><strong>perjuria,</strong></span> <span class='ocrx_word' id='word_1_715' title='bbox 1691 4456 1749 4530; x_wconf 76' lang='lat' dir='ltr'><strong>saltu</strong></span> 
     </span>
     <span class='ocr_line' id='line_1_50' title="bbox 118 4533 1818 4614; baseline 0.013 -25"><span class='ocrx_word' id='word_1_716' title='bbox 118 4533 337 4606; x_wconf 87' lang='lat' dir='ltr'><strong>inspirationem,</strong></span> <span class='ocrx_word' id='word_1_717' title='bbox 353 4537 488 4608; x_wconf 88' lang='lat' dir='ltr'><strong>inquiens,</strong></span> <span class='ocrx_word' id='word_1_718' title='bbox 501 4547 528 4593; x_wconf 91' lang='lat' dir='ltr'><strong>et</strong></span> <span class='ocrx_word' id='word_1_719' title='bbox 539 4539 732 4595; x_wconf 90' lang='lat' dir='ltr'><strong>revelationem</strong></span> <span class='ocrx_word' id='word_1_720' title='bbox 747 4541 855 4608; x_wconf 83' lang='lat' dir='ltr'><strong>factam,</strong></span> <span class='ocrx_word' id='word_1_721' title='bbox 874 4542 920 4614; x_wconf 92' lang='lat' dir='ltr'><strong>qui</strong></span> <span class='ocrx_word' id='word_1_722' title='bbox 972 4535 1135 4591; x_wconf 68' lang='lat' dir='ltr'><strong>ittiittwttt&#39;ss</strong></span> <span class='ocrx_word' id='word_1_723' title='bbox 1146 4537 1256 4606; x_wconf 56' lang='lat' dir='ltr'><strong>(Matut-</strong></span> <span class='ocrx_word' id='word_1_724' title='bbox 1266 4538 1318 4610; x_wconf 64' lang='grc' dir='ltr'><strong>Χῖ),</strong></span> <span class='ocrx_word' id='word_1_725' title='bbox 1332 4547 1358 4595; x_wconf 67' lang='lat' dir='ltr'><strong>ei</strong></span> <span class='ocrx_word' id='word_1_726' title='bbox 1373 4540 1479 4612; x_wconf 63' lang='lat' dir='ltr'><strong>reliqua</strong></span> <span class='ocrx_word' id='word_1_727' title='bbox 1494 4559 1556 4614; x_wconf 81' lang='lat' dir='ltr'><strong>quae</strong></span> <span class='ocrx_word' id='word_1_728' title='bbox 1568 4560 1603 4600; x_wconf 66' lang='lat'><strong>8¹</strong></span> <span class='ocrx_word' id='word_1_729' title='bbox 1617 4560 1665 4602; x_wconf 63' lang='grc' dir='ltr'><strong>ΟΝ</strong></span> <span class='ocrx_word' id='word_1_730' title='bbox 1678 4543 1748 4601; x_wconf 66' lang='lat' dir='ltr'><strong>00tdfi¹</strong></span> <span class='ocrx_word' id='word_1_731' title='bbox 1816 4583 1818 4593; x_wconf 88' lang='grc'><strong><em>·</em></strong></span> 
     </span>
     <span class='ocr_line' id='line_1_51' title="bbox 119 4622 1748 4705; baseline 0.007 -27"><span class='ocrx_word' id='word_1_732' title='bbox 119 4623 148 4678; x_wconf 94' lang='lat' dir='ltr'><strong>in</strong></span> <span class='ocrx_word' id='word_1_733' title='bbox 162 4638 195 4679; x_wconf 91' lang='lat' dir='ltr'><strong>eo</strong></span> <span class='ocrx_word' id='word_1_734' title='bbox 211 4625 285 4695; x_wconf 91' lang='lat' dir='ltr'><strong>quod</strong></span> <span class='ocrx_word' id='word_1_735' title='bbox 308 4634 448 4680; x_wconf 92' lang='lat' dir='ltr'><strong>erraverat</strong></span> <span class='ocrx_word' id='word_1_736' title='bbox 470 4635 628 4696; x_wconf 88' lang='lat' dir='ltr'><strong>perseverat</strong></span> <span class='ocrx_word' id='word_1_737' title='bbox 641 4628 762 4698; x_wconf 89' lang='lat' dir='ltr'><strong>prudens</strong></span> <span class='ocrx_word' id='word_1_738' title='bbox 777 4637 803 4684; x_wconf 90' lang='lat' dir='ltr'><strong>et</strong></span> <span class='ocrx_word' id='word_1_739' title='bbox 819 4630 918 4696; x_wconf 90' lang='lat' dir='ltr'><strong>sciens,</strong></span> <span class='ocrx_word' id='word_1_740' title='bbox 969 4622 1004 4678; x_wconf 71' lang='lat' dir='ltr'><strong>cd</strong></span> <span class='ocrx_word' id='word_1_741' title='bbox 1018 4622 1131 4678; x_wconf 72' lang='lat' dir='ltr'><strong>eliorum</strong></span> <span class='ocrx_word' id='word_1_742' title='bbox 1155 4627 1307 4695; x_wconf 85' lang='lat' dir='ltr'><strong>procedunt</strong></span> <span class='ocrx_word' id='word_1_743' title='bbox 1327 4628 1449 4685; x_wconf 88' lang='lat' dir='ltr'><strong>notitiam</strong></span> <span class='ocrx_word' id='word_1_744' title='bbox 1474 4647 1523 4700; x_wconf 85' lang='lat' dir='ltr'><strong>per</strong></span> <span class='ocrx_word' id='word_1_745' title='bbox 1537 4648 1569 4687; x_wconf 90' lang='lat' dir='ltr'><strong>os</strong></span> <span class='ocrx_word' id='word_1_746' title='bbox 1588 4629 1748 4705; x_wconf 75' lang='lat' dir='ltr'><strong>corporistt</strong></span> 
     </span>
     <span class='ocr_line' id='line_1_52' title="bbox 120 4709 1812 4792; baseline 0.005 -27"><span class='ocrx_word' id='word_1_747' title='bbox 120 4710 179 4767; x_wconf 90' lang='lat' dir='ltr'><strong>sine</strong></span> <span class='ocrx_word' id='word_1_748' title='bbox 200 4713 281 4767; x_wconf 91' lang='lat' dir='ltr'><strong>venia</strong></span> <span class='ocrx_word' id='word_1_749' title='bbox 300 4713 462 4784; x_wconf 74' lang='lat' dir='ltr'><strong>ignorantiae</strong></span> <span class='ocrx_word' id='word_1_750' title='bbox 485 4721 581 4784; x_wconf 92' lang='lat' dir='ltr'><strong>peccat</strong></span> <span class='ocrx_word' id='word_1_751' title='bbox 596 4732 603 4768; x_wconf 91' lang='lat'>:</span> <span class='ocrx_word' id='word_1_752' title='bbox 619 4717 831 4787; x_wconf 76' lang='lat' dir='ltr'><strong>presumptione</strong></span> <span class='ocrx_word' id='word_1_753' title='bbox 846 4719 919 4773; x_wconf 82' lang='lat' dir='ltr'><strong>euim</strong></span> <span class='ocrx_word' id='word_1_754' title='bbox 968 4709 1086 4782; x_wconf 89' lang='lat' dir='ltr'><strong>legimus</strong></span> <span class='ocrx_word' id='word_1_755' title='bbox 1101 4711 1325 4770; x_wconf 88' lang='lat' dir='ltr'><strong>deliberationem</strong></span> <span class='ocrx_word' id='word_1_756' title='bbox 1339 4716 1486 4773; x_wconf 90' lang='lat' dir='ltr'><strong>voluntatis</strong></span> <span class='ocrx_word' id='word_1_757' title='bbox 1501 4734 1562 4775; x_wconf 90' lang='lat' dir='ltr'><strong>esse</strong></span> <span class='ocrx_word' id='word_1_758' title='bbox 1574 4719 1746 4792; x_wconf 81' lang='lat' dir='ltr'><strong>perlectionem</strong></span> <span class='ocrx_word' id='word_1_759' title='bbox 1809 4750 1812 4755; x_wconf 95' lang='lat'>·</span> 
     </span>
     <span class='ocr_line' id='line_1_53' title="bbox 52 4797 1746 4873; baseline 0.014 -23"><span class='ocrx_word' id='word_1_760' title='bbox 52 4839 58 4850; x_wconf 84' lang='lat'><strong>.</strong></span> <span class='ocrx_word' id='word_1_761' title='bbox 120 4805 201 4869; x_wconf 89' lang='lat' dir='ltr'><strong>atque</strong></span> <span class='ocrx_word' id='word_1_762' title='bbox 214 4799 394 4857; x_wconf 87' lang='lat' dir='ltr'><strong>obstinatione</strong></span> <span class='ocrx_word' id='word_1_763' title='bbox 417 4801 531 4873; x_wconf 86' lang='lat' dir='ltr'><strong>quadum</strong></span> <span class='ocrx_word' id='word_1_764' title='bbox 555 4801 656 4871; x_wconf 90' lang='lat' dir='ltr'><strong>nititur,</strong></span> <span class='ocrx_word' id='word_1_765' title='bbox 674 4819 735 4858; x_wconf 91' lang='lat' dir='ltr'><strong>cum</strong></span> <span class='ocrx_word' id='word_1_766' title='bbox 749 4805 855 4861; x_wconf 88' lang='lat' dir='ltr'><strong>ratione</strong></span> <span class='ocrx_word' id='word_1_767' title='bbox 869 4821 918 4861; x_wconf 90' lang='lat' dir='ltr'><strong>su·</strong></span> <span class='ocrx_word' id='word_1_768' title='bbox 968 4797 1069 4867; x_wconf 60' lang='lat' dir='ltr'><strong>Operis,</strong></span> <span class='ocrx_word' id='word_1_769' title='bbox 1093 4798 1202 4855; x_wconf 64' lang='lat' dir='ltr'><strong>dicente</strong></span> <span class='ocrx_word' id='word_1_770' title='bbox 1226 4802 1342 4859; x_wconf 65' lang='lat' dir='ltr'><strong>D⁰¹11111⁰</strong></span> <span class='ocrx_word' id='word_1_771' title='bbox 1358 4821 1365 4858; x_wconf 66' lang='grc' dir='ltr'>ἰ</span> <span class='ocrx_word' id='word_1_772' title='bbox 1381 4805 1434 4871; x_wconf 84' lang='lat' dir='ltr'><strong>Qui</strong></span> <span class='ocrx_word' id='word_1_773' title='bbox 1448 4805 1551 4863; x_wconf 64' lang='lat' dir='ltr'><strong>viderit</strong></span> <span class='ocrx_word' id='word_1_774' title='bbox 1569 4802 1746 4866; x_wconf 75' lang='lat' dir='ltr'><strong>multarenttt</strong></span> 
     </span>
     <span class='ocr_line' id='line_1_54' title="bbox 121 4887 1747 4965; baseline 0.005 -25"><span class='ocrx_word' id='word_1_775' title='bbox 121 4891 242 4955; x_wconf 86' lang='lat' dir='ltr'><strong>peretur.</strong></span> <span class='ocrx_word' id='word_1_776' title='bbox 262 4909 273 4934; x_wconf 74' lang='lat' dir='ltr'><strong>i</strong></span> <span class='ocrx_word' id='word_1_777' title='bbox 290 4887 357 4943; x_wconf 69' lang='lat' dir='ltr'><strong>iiiuc</strong></span> <span class='ocrx_word' id='word_1_778' title='bbox 371 4889 539 4962; x_wconf 75' lang='lat' dir='ltr'><strong>Augustinus</strong></span> <span class='ocrx_word' id='word_1_779' title='bbox 555 4891 613 4960; x_wconf 73' lang='lat' dir='ltr'><strong>(lit.</strong></span> <span class='ocrx_word' id='word_1_780' title='bbox 630 4906 658 4945; x_wconf 75' lang='lat' dir='ltr'><strong>iv</strong></span> <span class='ocrx_word' id='word_1_781' title='bbox 673 4891 706 4946; x_wconf 72' lang='lat' dir='ltr'><strong>uu</strong></span> <span class='ocrx_word' id='word_1_782' title='bbox 721 4892 801 4965; x_wconf 77' lang='lat' dir='ltr'><strong>nupt,</strong></span> <span class='ocrx_word' id='word_1_783' title='bbox 819 4898 918 4950; x_wconf 68' lang='lat' dir='ltr'><strong>contra</strong></span> <span class='ocrx_word' id='word_1_784' title='bbox 968 4887 1224 4958; x_wconf 81' lang='lat' dir='ltr'><strong>concupiscendum</strong></span> <span class='ocrx_word' id='word_1_785' title='bbox 1249 4907 1321 4960; x_wconf 86' lang='lat' dir='ltr'><strong>enm,</strong></span> <span class='ocrx_word' id='word_1_786' title='bbox 1342 4894 1405 4963; x_wconf 85' lang='lat' dir='ltr'><strong>jum</strong></span> <span class='ocrx_word' id='word_1_787' title='bbox 1424 4893 1640 4953; x_wconf 74' lang='lat' dir='ltr'><strong>mereatusne</strong></span> <span class='ocrx_word' id='word_1_788' title='bbox 1656 4893 1747 4953; x_wconf 75' lang='grc' dir='ltr'>ιειιιε</span> 
     </span>
     <span class='ocr_line' id='line_1_55' title="bbox 117 4972 1745 5053; baseline 0.005 -25"><span class='ocrx_word' id='word_1_789' title='bbox 117 4973 291 5040; x_wconf 80' lang='lat' dir='ltr'><strong>Donatistae,</strong></span> <span class='ocrx_word' id='word_1_790' title='bbox 308 4991 367 5046; x_wconf 88' lang='lat' dir='ltr'><strong>cap.</strong></span> <span class='ocrx_word' id='word_1_791' title='bbox 384 4978 411 5046; x_wconf 79' lang='lat'><strong>5)</strong></span> <span class='ocrx_word' id='word_1_792' title='bbox 427 4995 434 5031; x_wconf 88' lang='lat'>:</span> <span class='ocrx_word' id='word_1_793' title='bbox 453 5000 464 5025; x_wconf 75' lang='lat' dir='ltr'><strong>i</strong></span> <span class='ocrx_word' id='word_1_794' title='bbox 483 4977 541 5033; x_wconf 85' lang='lat' dir='ltr'><strong>lloc</strong></span> <span class='ocrx_word' id='word_1_795' title='bbox 564 4977 736 5035; x_wconf 90' lang='lat' dir='ltr'><strong>verissimum</strong></span> <span class='ocrx_word' id='word_1_796' title='bbox 759 4986 810 5048; x_wconf 87' lang='lat' dir='ltr'><strong>est,</strong></span> <span class='ocrx_word' id='word_1_797' title='bbox 835 4980 917 5053; x_wconf 78' lang='lat' dir='ltr'><strong>longe</strong></span> <span class='ocrx_word' id='word_1_798' title='bbox 967 4972 1049 5028; x_wconf 87' lang='lat' dir='ltr'><strong>corde</strong></span> <span class='ocrx_word' id='word_1_799' title='bbox 1059 4990 1107 5029; x_wconf 86' lang='lat' dir='ltr'><strong>sno</strong></span> <span class='ocrx_word' id='word_1_800' title='bbox 1116 4975 1226 5044; x_wconf 77' lang='lat' dir='ltr'><strong>(illottli.</strong></span> <span class='ocrx_word' id='word_1_801' title='bbox 1238 4977 1278 5046; x_wconf 86' lang='lat' dir='ltr'><strong>v),</strong></span> <span class='ocrx_word' id='word_1_802' title='bbox 1289 4987 1315 5033; x_wconf 90' lang='lat' dir='ltr'><strong>et</strong></span> <span class='ocrx_word' id='word_1_803' title='bbox 1323 4979 1359 5033; x_wconf 93' lang='lat' dir='ltr'><strong>ad</strong></span> <span class='ocrx_word' id='word_1_804' title='bbox 1367 4979 1516 5050; x_wconf 90' lang='lat' dir='ltr'><strong>discipulos</strong></span> <span class='ocrx_word' id='word_1_805' title='bbox 1527 4998 1609 5040; x_wconf 92' lang='lat' dir='ltr'><strong>suos:</strong></span> <span class='ocrx_word' id='word_1_806' title='bbox 1621 4984 1708 5050; x_wconf 82' lang='lat' dir='ltr'><strong>Posui,</strong></span> <span class='ocrx_word' id='word_1_807' title='bbox 1716 4981 1745 5036; x_wconf 92' lang='lat' dir='ltr'><strong>in·</strong></span> 
     </span>
     <span class='ocr_line' id='line_1_56' title="bbox 117 5059 1744 5144; baseline 0.012 -28"><span class='ocrx_word' id='word_1_808' title='bbox 117 5060 230 5133; x_wconf 87' lang='lat' dir='ltr'><strong>gravius</strong></span> <span class='ocrx_word' id='word_1_809' title='bbox 254 5077 315 5116; x_wconf 91' lang='lat' dir='ltr'><strong>esse</strong></span> <span class='ocrx_word' id='word_1_810' title='bbox 338 5072 478 5132; x_wconf 89' lang='lat' dir='ltr'><strong>peccatum</strong></span> <span class='ocrx_word' id='word_1_811' title='bbox 502 5066 622 5138; x_wconf 87' lang='lat' dir='ltr'><strong>ejusqui</strong></span> <span class='ocrx_word' id='word_1_812' title='bbox 647 5066 747 5135; x_wconf 87' lang='lat' dir='ltr'><strong>sciens,</strong></span> <span class='ocrx_word' id='word_1_813' title='bbox 763 5081 845 5138; x_wconf 91' lang='lat' dir='ltr'><strong>quam</strong></span> <span class='ocrx_word' id='word_1_814' title='bbox 859 5069 917 5137; x_wconf 85' lang='lat' dir='ltr'><strong>ejus</strong></span> <span class='ocrx_word' id='word_1_815' title='bbox 967 5059 1025 5131; x_wconf 74' lang='lat' dir='ltr'><strong>quit</strong></span> <span class='ocrx_word' id='word_1_816' title='bbox 1040 5077 1095 5126; x_wconf 76' lang='lat' dir='ltr'><strong>vos.</strong></span> <span class='ocrx_word' id='word_1_817' title='bbox 1115 5067 1148 5118; x_wconf 81' lang='lat' dir='ltr'><strong>rtt</strong></span> <span class='ocrx_word' id='word_1_818' title='bbox 1167 5066 1238 5120; x_wconf 78' lang='lat' dir='ltr'><strong>eatis</strong></span> <span class='ocrx_word' id='word_1_819' title='bbox 1251 5069 1279 5121; x_wconf 79' lang='lat' dir='ltr'><strong>et</strong></span> <span class='ocrx_word' id='word_1_820' title='bbox 1295 5069 1425 5136; x_wconf 79' lang='lat' dir='ltr'><strong>fructum</strong></span> <span class='ocrx_word' id='word_1_821' title='bbox 1445 5069 1575 5140; x_wconf 79' lang='lat' dir='ltr'><strong>afferatis</strong></span> <span class='ocrx_word' id='word_1_822' title='bbox 1593 5071 1683 5144; x_wconf 82' lang='lat' dir='ltr'><strong>(toan.</strong></span> <span class='ocrx_word' id='word_1_823' title='bbox 1700 5070 1744 5136; x_wconf 76' lang='lat' dir='ltr'><strong>iti·</strong></span> 
     </span>
    </p>

    <p class='ocr_par' dir='ltr' id='par_1_3' title="bbox 116 5147 1810 5501">
     <span class='ocr_line' id='line_1_57' title="bbox 116 5147 1810 5228; baseline 0.015 -26"><span class='ocrx_word' id='word_1_824' title='bbox 116 5149 163 5220; x_wconf 90' lang='lat' dir='ltr'><strong>qni</strong></span> <span class='ocrx_word' id='word_1_825' title='bbox 177 5149 304 5206; x_wconf 88' lang='lat' dir='ltr'><strong>nesciens</strong></span> <span class='ocrx_word' id='word_1_826' title='bbox 313 5153 475 5221; x_wconf 89' lang='lat' dir='ltr'><strong>peccaverit.</strong></span> <span class='ocrx_word' id='word_1_827' title='bbox 489 5175 500 5204; x_wconf 78' lang='lat' dir='ltr'><strong>r</strong></span> <span class='ocrx_word' id='word_1_828' title='bbox 512 5154 547 5210; x_wconf 84' lang='lat' dir='ltr'><strong>Et</strong></span> <span class='ocrx_word' id='word_1_829' title='bbox 556 5154 618 5210; x_wconf 91' lang='lat' dir='ltr'><strong>ideo</strong></span> <span class='ocrx_word' id='word_1_830' title='bbox 629 5154 672 5209; x_wconf 86' lang='lat' dir='ltr'><strong>vir</strong></span> <span class='ocrx_word' id='word_1_831' title='bbox 683 5163 793 5210; x_wconf 85' lang='lat' dir='ltr'><strong>sanctus</strong></span> <span class='ocrx_word' id='word_1_832' title='bbox 803 5156 915 5228; x_wconf 85' lang='lat' dir='ltr'><strong>Cypria·</strong></span> <span class='ocrx_word' id='word_1_833' title='bbox 970 5147 1077 5216; x_wconf 57' lang='lat' dir='ltr'><strong>‘Emi-‘n</strong></span> <span class='ocrx_word' id='word_1_834' title='bbox 1097 5149 1184 5222; x_wconf 69' lang='lat' dir='ltr'><strong>inquit</strong></span> <span class='ocrx_word' id='word_1_835' title='bbox 1200 5152 1361 5225; x_wconf 63' lang='lat' dir='ltr'><strong>Gressfflitffi,</strong></span> <span class='ocrx_word' id='word_1_836' title='bbox 1383 5156 1511 5226; x_wconf 91' lang='lat' dir='ltr'><strong>volendo,</strong></span> <span class='ocrx_word' id='word_1_837' title='bbox 1524 5157 1641 5216; x_wconf 66' lang='lat' dir='ltr'><strong>fructum</strong></span> <span class='ocrx_word' id='word_1_838' title='bbox 1650 5154 1747 5217; x_wconf 53' lang='grc' dir='ltr'><strong>Μὴ</strong></span> <span class='ocrx_word' id='word_1_839' title='bbox 1807 5166 1810 5171; x_wconf 74' lang='grc'><strong>’</strong></span> 
     </span>
     <span class='ocr_line' id='line_1_58' title="bbox 117 5237 1747 5321; baseline 0.018 -30"><span class='ocrx_word' id='word_1_840' title='bbox 117 5252 179 5303; x_wconf 88' lang='lat' dir='ltr'><strong>nus,</strong></span> <span class='ocrx_word' id='word_1_841' title='bbox 204 5254 260 5294; x_wconf 90' lang='lat' dir='ltr'><strong>non</strong></span> <span class='ocrx_word' id='word_1_842' title='bbox 284 5239 372 5295; x_wconf 90' lang='lat' dir='ltr'><strong>solum</strong></span> <span class='ocrx_word' id='word_1_843' title='bbox 395 5239 501 5306; x_wconf 88' lang='lat' dir='ltr'><strong>doctus,</strong></span> <span class='ocrx_word' id='word_1_844' title='bbox 518 5243 566 5297; x_wconf 90' lang='lat' dir='ltr'><strong>sed</strong></span> <span class='ocrx_word' id='word_1_845' title='bbox 582 5243 662 5297; x_wconf 90' lang='lat' dir='ltr'><strong>etiam</strong></span> <span class='ocrx_word' id='word_1_846' title='bbox 677 5243 783 5311; x_wconf 88' lang='lat' dir='ltr'><strong>docilis,</strong></span> <span class='ocrx_word' id='word_1_847' title='bbox 800 5244 873 5316; x_wconf 92' lang='lat' dir='ltr'><strong>quod</strong></span> <span class='ocrx_word' id='word_1_848' title='bbox 888 5244 915 5299; x_wconf 91' lang='lat' dir='ltr'><strong>in</strong></span> <span class='ocrx_word' id='word_1_849' title='bbox 966 5237 1201 5306; x_wconf 66' lang='lat' dir='ltr'><strong>⁰Ptffl¹1d⁰·Etti⁵</strong></span> <span class='ocrx_word' id='word_1_850' title='bbox 1216 5240 1488 5313; x_wconf 65' lang='lat' dir='ltr'><strong>essimt⁰ltssd⁰di¹b</strong></span> <span class='ocrx_word' id='word_1_851' title='bbox 1507 5247 1573 5319; x_wconf 64' lang='lat'>‘1⁰5²</span> <span class='ocrx_word' id='word_1_852' title='bbox 1582 5247 1652 5305; x_wconf 65' lang='lat' dir='ltr'><strong>telle</strong></span> <span class='ocrx_word' id='word_1_853' title='bbox 1665 5240 1747 5321; x_wconf 60' lang='lat' dir='ltr'><strong>*liquid</strong></span> 
     </span>
     <span class='ocr_line' id='line_1_59' title="bbox 117 5321 1748 5403; baseline 0.017 -29"><span class='ocrx_word' id='word_1_854' title='bbox 117 5321 196 5378; x_wconf 91' lang='lat' dir='ltr'><strong>laude</strong></span> <span class='ocrx_word' id='word_1_855' title='bbox 211 5326 332 5398; x_wconf 91' lang='lat' dir='ltr'><strong>episcopi</strong></span> <span class='ocrx_word' id='word_1_856' title='bbox 347 5344 428 5398; x_wconf 92' lang='lat' dir='ltr'><strong>puem</strong></span> <span class='ocrx_word' id='word_1_857' title='bbox 442 5327 566 5400; x_wconf 86' lang='lat' dir='ltr'><strong>designat</strong></span> <span class='ocrx_word' id='word_1_858' title='bbox 581 5331 737 5401; x_wconf 90' lang='lat' dir='ltr'><strong>Apostolus,</strong></span> <span class='ocrx_word' id='word_1_859' title='bbox 753 5331 793 5386; x_wconf 92' lang='lat' dir='ltr'><strong>sic</strong></span> <span class='ocrx_word' id='word_1_860' title='bbox 803 5331 862 5403; x_wconf 91' lang='lat' dir='ltr'><strong>ipse</strong></span> <span class='ocrx_word' id='word_1_861' title='bbox 874 5332 915 5387; x_wconf 92' lang='lat' dir='ltr'><strong>in·</strong></span> <span class='ocrx_word' id='word_1_862' title='bbox 965 5322 1058 5380; x_wconf 59' lang='lat' dir='ltr'><strong>faeere</strong></span> <span class='ocrx_word' id='word_1_863' title='bbox 1075 5326 1134 5395; x_wconf 63' lang='lat' dir='ltr'><strong>itm</strong></span> <span class='ocrx_word' id='word_1_864' title='bbox 1157 5335 1247 5383; x_wconf 67' lang='lat' dir='ltr'><strong>menie</strong></span> <span class='ocrx_word' id='word_1_865' title='bbox 1262 5329 1301 5385; x_wconf 68' lang='lat' dir='ltr'><strong>ise</strong></span> <span class='ocrx_word' id='word_1_866' title='bbox 1315 5338 1366 5385; x_wconf 64' lang='lat'><strong>0⁵2·</strong></span> <span class='ocrx_word' id='word_1_867' title='bbox 1391 5333 1425 5388; x_wconf 79' lang='grc' dir='ltr'><strong>Εῑ</strong></span> <span class='ocrx_word' id='word_1_868' title='bbox 1440 5339 1467 5387; x_wconf 88' lang='lat' dir='ltr'><strong>tu</strong></span> <span class='ocrx_word' id='word_1_869' title='bbox 1483 5333 1553 5391; x_wconf 63' lang='lat' dir='ltr'><strong>Adeo</strong></span> <span class='ocrx_word' id='word_1_870' title='bbox 1574 5351 1609 5392; x_wconf 68' lang='lat' dir='ltr'><strong>tx</strong></span> <span class='ocrx_word' id='word_1_871' title='bbox 1629 5334 1748 5393; x_wconf 68' lang='lat' dir='ltr'><strong>delibttt·</strong></span> 
     </span>
     <span class='ocr_line' id='line_1_60' title="bbox 117 5407 1751 5501; baseline 0.017 -39"><span class='ocrx_word' id='word_1_872' title='bbox 117 5407 228 5478; x_wconf 82' lang='lat' dir='ltr'><strong>tellexit,</strong></span> <span class='ocrx_word' id='word_1_873' title='bbox 237 5420 266 5465; x_wconf 91' lang='lat' dir='ltr'><strong>ut</strong></span> <span class='ocrx_word' id='word_1_874' title='bbox 275 5412 378 5469; x_wconf 87' lang='lat' dir='ltr'><strong>diceret</strong></span> <span class='ocrx_word' id='word_1_875' title='bbox 388 5415 471 5470; x_wconf 86' lang='lat' dir='ltr'><strong>etiarn</strong></span> <span class='ocrx_word' id='word_1_876' title='bbox 480 5417 533 5471; x_wconf 90' lang='lat' dir='ltr'><strong>hoc</strong></span> <span class='ocrx_word' id='word_1_877' title='bbox 546 5415 575 5471; x_wconf 91' lang='lat' dir='ltr'><strong>in</strong></span> <span class='ocrx_word' id='word_1_878' title='bbox 587 5417 716 5489; x_wconf 86' lang='lat' dir='ltr'><strong>episcopo</strong></span> <span class='ocrx_word' id='word_1_879' title='bbox 727 5435 788 5474; x_wconf 91' lang='lat' dir='ltr'><strong>esse</strong></span> <span class='ocrx_word' id='word_1_880' title='bbox 798 5420 915 5490; x_wconf 83' lang='lat' dir='ltr'><strong>diligen·</strong></span> <span class='ocrx_word' id='word_1_881' title='bbox 965 5420 1039 5477; x_wconf 89' lang='lat' dir='ltr'><strong>tione</strong></span> <span class='ocrx_word' id='word_1_882' title='bbox 1054 5422 1200 5479; x_wconf 88' lang='lat' dir='ltr'><strong>voluntatis</strong></span> <span class='ocrx_word' id='word_1_883' title='bbox 1214 5427 1362 5495; x_wconf 89' lang='lat' dir='ltr'><strong>pervenisti</strong></span> <span class='ocrx_word' id='word_1_884' title='bbox 1376 5428 1411 5485; x_wconf 90' lang='lat' dir='ltr'><strong>ad</strong></span> <span class='ocrx_word' id='word_1_885' title='bbox 1426 5431 1614 5501; x_wconf 85' lang='lat' dir='ltr'><strong>operationem</strong></span> <span class='ocrx_word' id='word_1_886' title='bbox 1621 5428 1751 5501; x_wconf 67' lang='lat' dir='ltr'><strong>sermons,</strong></span> 
     </span>
    </p>
   </div>
   <div class='ocr_carea' id='block_1_3' title="bbox 0 0 1902 6104">
    <p class='ocr_par' dir='ltr' id='par_1_4' title="bbox 0 0 1902 6104">
     <span class='ocr_line' id='line_1_61' title="bbox 0 0 1902 6104; baseline 0 0"><span class='ocrx_word' id='word_1_887' title='bbox 0 0 1902 6104; x_wconf 95' lang='lat' dir='ltr'><strong> </strong></span> 
     </span>
    </p>
   </div>
  </div>
 </body>
</html>
