3794 6104
124 194 176 250 263
552 190 722 247 timebant
740 186 941 246 uflnuansts
954 188 1229 246 ARCHIEPISCOPI.
1727 197 1781 253 266

128 325 182 386 tur,
198 324 279 388 atque
294 314 449 381 fulciantur,
466 314 634 370 Trevirensis
647 313 794 386 provinciae
804 311 925 385 episcopi
939 309 1011 371 Ado
1026 313 1180 382 hujusmodi
1194 314 1383 381 decreverunt,
1401 322 1427 372 et
1442 316 1476 372 de
1487 317 1557 373 coelo
1568 334 1654 390 super
1665 335 1731 375 eum
1741 319 1784 374 in·

128 423 144 461 a
158 406 275 478 primate
289 404 437 475 provinciae
452 405 617 460 Rhemorum
632 402 759 458 solatium
773 417 831 457 suae
855 400 928 456 ordi-
977 408 1089 469 tentant,
1106 410 1132 458 et
1142 403 1279 473 injudicio
1289 404 1382 460 divino
1393 405 1566 462 adaeternam
1574 407 1782 464 damnationem

129 494 245 551 nationis
253 492 405 550 secundum
425 508 516 549 sacras
533 492 640 564 regulas
655 491 830 563 quesierunt,
857 489 928 546 sicut
977 500 1096 558 exerent,
1113 492 1166 546 nisi
1181 493 1292 564 dignam
1306 493 1493 564 poenitentiam
1508 496 1606 569 egerit.
1624 500 1659 554 Et
1675 503 1782 555 celcra

129 585 216 641 saneti
231 582 410 640 Sardieeuses
424 597 542 638 canones
557 580 651 636 dicunt
665 566 738 653 (τεῖρ’.
764 583 802 651 5),
824 578 927 635 scilicet
976 581 1009 634 de
1019 582 1236 637 auctoritatibus
1246 599 1391 639 sacrorum
1402 601 1555 641 cononum.
1567 587 1636 643 Post
1647 604 1711 658 quoe
1720 587 1782 643 aab·

146 697 157 724 ι
175 681 204 729 ut
218 672 242 729 si
256 670 401 743 contigerit
415 670 443 724 in
455 685 510 725 una
524 669 676 740 provincia,
692 669 719 723 in
744 685 796 740 qua
818 666 927 739 plurimi
971 669 1107 739 jungitur
1124 670 1220 727 :Unde
1235 678 1328 726 vestra
1343 671 1474 744 religiosa
1489 681 1515 727 et
1525 673 1606 729 nobis
1616 675 1783 731 charissima

129 763 238 820 fuerunt
253 758 374 832 episcopi
390 802 396 824 ,
413 775 497 815 unum
511 757 580 814 forte
595 772 736 814 remanere
754 756 924 829 episcopum,
976 756 1123 813 dominatio
1138 758 1288 814 certissime
1303 759 1382 826 sciat,
1399 761 1445 831 qui
1473 762 1592 832 quandiu
1615 764 1668 819 iste
1695 763 1781 820 frater

129 861 155 908 et
164 850 258 923 populi
278 847 465 914 convenerint,
482 847 629 919 episcopos
651 845 747 901 vicinae
778 843 926 915 provincie
976 854 1069 901 noster
1082 847 1218 902 bertulfus
1232 865 1248 903 a
1263 848 1342 904 nobis
1357 848 1384 902 in
1398 850 1554 905 Trevirensi
1565 852 1691 908 Ecclesia
1702 854 1779 909 ordi-

127 940 228 996 debere
241 938 318 993 illum
332 937 406 1008 prius
424 935 572 992 convenire
601 934 770 1005 episcopum,
787 933 834 1005 qui
857 934 885 988 in
895 949 926 988 ea
975 942 1053 989 natus
1067 935 1212 1006 episcopus
1226 937 1254 991 in
1266 938 1318 993 hoc
1329 939 1437 992 mortali
1451 953 1569 1010 corpore
1583 941 1695 1008 vixerit,
1712 942 1780 998 alter

127 1029 412 1102 provinciamoratur,
429 1032 454 1080 et
469 1023 614 1080 ostendere
630 1022 703 1094 quod
717 1021 810 1093 populi
833 1029 926 1093 petant
974 1023 1002 1077 in
1017 1023 1111 1079 eadem
1135 1025 1260 1080 Ecclesia
1280 1026 1421 1082 ordinatus
1447 1027 1593 1099 episcopus
1614 1046 1672 1085 non
1705 1031 1778 1087 erit:

129 1119 180 1174 sibi
193 1124 338 1184 rectorem,
354 1122 380 1170 et
395 1115 447 1170 hoc
460 1114 562 1183 justum
578 1128 650 1181 esse,
666 1104 736 1167 utet
750 1110 802 1181 ipsi
818 1110 926 1166 veniant
974 1111 1028 1167 nisi
1039 1112 1108 1168 forte
1122 1112 1190 1184 ipse,
1216 1114 1289 1185 quod
1310 1114 1390 1184 absit,
1414 1116 1499 1171 sacris
1522 1116 1626 1190 regulis
1650 1118 1775 1187 obvians,

127 1214 155 1263 et
169 1223 232 1263 curn
245 1206 305 1277 ipso
322 1203 449 1260 ordinent
462 1201 631 1272 episcopum.
649 1198 728 1267 Quod
744 1199 766 1254 si
776 1206 926 1254 conventus
974 1216 1025 1271 per
1048 1201 1159 1256 easdem
1181 1218 1274 1257 sacras
1298 1202 1409 1275 regulas
1435 1204 1612 1276 deponatur:
1636 1214 1665 1261 et
1687 1205 1775 1263 isdem

128 1296 227 1351 litteris
252 1293 365 1350 tacuerit
387 1300 415 1347 et
435 1289 655 1357 dissimulaverit,
680 1287 801 1359 nihilque
824 1287 925 1344 rescri-
974 1299 1153 1360 presumptor
1167 1298 1193 1346 et
1207 1299 1331 1362 apostata
1345 1292 1494 1348 monachus
1511 1293 1604 1350 Walto
1619 1293 1656 1350 de
1680 1311 1776 1351 mona-

126 1386 221 1458 pserit,
246 1380 466 1439 satisfaciendum
490 1395 552 1435 esse
573 1377 690 1449 populis,
717 1385 746 1432 ut
772 1377 925 1432 veniautcx
975 1377 1057 1432 sterio
1071 1379 1241 1434 Trevirensis
1254 1380 1400 1451 parochiae,
1427 1398 1577 1452 nunquam,
1592 1383 1652 1452 jam
1672 1384 1775 1453 judicio

127 1474 217 1530 vicina
230 1470 370 1543 provincia
384 1467 517 1540 episcopi,
533 1474 560 1523 et
579 1466 705 1521 ordinent
729 1465 923 1537 episcopum.»
975 1466 1090 1537 Spiritus
1112 1469 1198 1523 sancti
1219 1485 1301 1538 super
1325 1486 1387 1523 eum
1415 1469 1532 1540 prolato,
1557 1471 1586 1525 in
1620 1472 1776 1529 Trevirensi

127 1565 169 1618 Ex
190 1561 290 1633 quibus
310 1560 360 1614 rite
383 1557 517 1630 colligitur
538 1554 641 1627 quiesi
665 1553 808 1625 provincia
827 1553 925 1609 Trevi-
973 1555 1106 1622 Ecclesia,
1124 1574 1203 1628 quam
1218 1557 1391 1613 exitiabiliter
1405 1559 1544 1629 usurpavit
1568 1566 1596 1615 et
1619 1560 1702 1630 laesit,
1725 1577 1776 1633 po·

127 1650 216 1708 rensis
230 1666 285 1706 non
299 1647 352 1704 uisi
365 1662 449 1703 unum
463 1645 505 1702 vel
521 1643 745 1700 nullumhaberet
755 1642 921 1714 episcopum,
936 1644 1035 1731 Blerit
1050 1661 1111 1699 esse
1126 1645 1280 1716 episcopus.
1296 1645 1377 1712 Etsi,
1403 1654 1431 1701 ut
1453 1646 1582 1715 diximus,
1606 1665 1658 1719 pro
1683 1657 1776 1706 vestra

126 1739 248 1813 episcopi
261 1736 423 1794 Rhcmeusis
437 1733 585 1806 provinciae
599 1731 700 1804 petenti
718 1731 792 1787 clero
816 1739 842 1786 ct
869 1747 922 1802 po·
974 1733 1125 1788 reverentia
1141 1734 1193 1789 hoc
1206 1750 1261 1789 non
1276 1734 1456 1802 differremus,
1472 1752 1526 1791 uon
1543 1736 1634 1792 solum
1649 1754 1702 1809 per
1727 1756 1772 1794 sa-

125 1829 190 1902 pulo
204 1826 384 1883 Trevirensis.
401 1821 531 1879 Ecclesiae
541 1822 671 1878 deberent
679 1820 805 1876 ordinare
813 1819 922 1890 episco-
972 1837 1035 1876 eros
1050 1837 1170 1878 canones
1194 1823 1415 1891 decerneremus,
1441 1832 1470 1879 ut
1492 1841 1634 1896 nunquam
1660 1836 1688 1882 et
1712 1844 1776 1883 nus·

125 1934 200 1990 pum.
225 1916 273 1972 Cui
293 1913 423 1972 Ecclesiae
447 1927 542 1968 omnes
571 1927 631 1977 nos,
666 1925 779 1981 quorum
812 1908 921 1965 nomina
973 1926 1054 1980 quam
1070 1911 1105 1966 ad
1120 1911 1774 1984 gradusecolesiasticospraesumeretaccedere,

126 2005 284 2078 praescripta
307 2003 335 2058 in
357 2001 444 2073 eapite
463 2000 543 2069 hujus
579 1999 701 2070 epistole
730 1997 796 2070 legit
832 1997 922 2070 gloria
973 2015 1068 2054 verum
1091 2000 1141 2055 sub
1165 2001 1336 2057 anathemate
1358 2017 1420 2056 eum
1440 2010 1584 2072 ponentes,
1610 2004 1718 2060 retrudi
1747 2005 1780 2079 iq

124 2102 225 2163 vestra,
252 2091 372 2148 unanimi
395 2098 457 2146 voto
478 2097 558 2161 atquc
579 2104 726 2153 consensu,
751 2085 863 2142 fratrem
896 2094 921 2142 ct
972 2088 1108 2161 ergastulo
1124 2090 1272 2145 secundum
1289 2105 1383 2145 sacras
1401 2090 1510 2162 regulas
1534 2091 1770 2150 decerneremus:

124 2181 350 2241 consacerdotem
363 2187 486 2235 nostrum
514 2176 672 2243 bertulfum,
689 2183 717 2230 ut
727 2175 919 2246 premisimus,
971 2185 998 2231 et
1013 2176 1035 2230 si
1051 2177 1078 2230 in
1092 2178 1288 2234 contnmmacia
1302 2195 1350 2232 sua
1364 2180 1520 2249 perstiterit,
1538 2180 1598 2237 sine
1612 2181 1671 2236 ulla
1685 2190 1773 2239 retra-

125 2271 284 2345 regolariter
299 2266 455 2340 pontificem
468 2265 663 2334 ordinavimus,
688 2264 757 2319 sicut
778 2279 810 2319 ex
834 2261 921 2318 sacris
970 2265 1775 2340 etationemodisomnibusdecememus.llpraefactisautem

125 2359 229 2434 regulis
244 2365 271 2414 et
284 2355 463 2414 ordinationis
479 2355 537 2423 ejus
552 2353 636 2426 gestis
651 2351 796 2408 ostendere
819 2367 920 2423 possu-
971 2353 1194 2410 intentationibus
1216 2371 1358 2411 sacrorum
1379 2372 1514 2413 cononum
1537 2374 1587 2414 vos
1623 2359 1773 2416 immunem

125 2465 196 2517 mus,
214 2446 277 2503 etsi
290 2461 413 2501 mecesse
428 2442 518 2512 fuerit,
536 2442 720 2499 ostendemus.
748 2440 921 2511 Quapropter
970 2451 1050 2515 atquo
1065 2452 1187 2500 exortem
1201 2460 1218 2499 a
1232 2445 1358 2511 Domino,
1373 2462 1422 2517 per
1435 2463 1517 2518 quern
1532 2463 1615 2521 reges
1642 2458 1770 2523 regnaut,

126 2538 212 2610 ipsius
224 2535 434 2599 ordinationem,
451 2540 478 2588 et
493 2530 697 2603 dispositionem
713 2546 805 2585 rerum
830 2545 861 2584 ac
880 2528 921 2583 fa·
971 2541 997 2587 ct
1012 2550 1044 2587 ex
1059 2549 1113 2604 quo
1127 2540 1154 2588 et
1169 2549 1218 2604 per
1230 2546 1314 2606 quern
1322 2534 1464 2589 exordium
1479 2550 1559 2591 sacer
1567 2536 1652 2608 empit
1663 2538 1770 2609 episco-

125 2627 253 2684 cultatum
285 2622 540 2688 ecclesiasticarum,
572 2620 639 2676 sicut
670 2618 739 2675 sacri
776 2615 921 2690 praefigunt
969 2630 1058 2692 potue,
1075 2621 1135 2676 freri
1150 2621 1214 2677 totis
1228 2621 1332 2677 nisibus
1346 2623 1772 2693 exoramus,illiusclementiam

125 2731 255 2780 canones,
270 2713 309 2769 ita
323 2711 503 2776 defendimus,
530 2718 556 2765 ct
576 2717 707 2782 perpetuo
730 2706 919 2776 defendemus,
970 2710 1147 2781 deprecantes
1161 2719 1189 2765 ut
1205 2709 1251 2766 det
1265 2711 1343 2766 vobis
1358 2711 1427 2768 velle
1443 2719 1470 2768 et
1484 2711 1617 2783 perficere
1633 2732 1685 2786 pro
1701 2716 1769 2771 bona

125 2805 195 2861 sicut
210 2812 236 2859 et
251 2801 376 2858 ordinem
391 2808 523 2865 nostrum,
540 2797 641 2869 quiesi
655 2798 714 2868 ipse
728 2813 782 2852 non
796 2803 837 2852 est
862 2795 920 2865 epi·
969 2799 1180 2871 voluntateque
1196 2800 1335 2872 precepit,
1361 2809 1493 2872 quatenus
1516 2804 1680 2859 mereamini
1704 2822 1770 2873 per·

124 2907 234 2963 scopus,
250 2907 299 2946 nec
314 2888 508 2945 nosdebemus
531 2886 665 2941 nominari
686 2885 817 2957 episcopi.
840 2885 874 2939 Et
898 2883 921 2938 si
970 2887 1061 2959 cipere
1076 2896 1176 2946 aeterna
1191 2889 1300 2960 gaudia,
1321 2907 1381 2961 qnae
1406 2907 1435 2946 sc
1458 2890 1639 2964 diligentibus
1665 2909 1767 2966 repro·

123 2982 184 3054 quis
198 2980 247 3037 vol
262 2979 310 3034 erit
326 2985 419 3034 contra
434 2976 631 3032 ordinationem
646 2975 704 3044 ejus
720 2973 821 3029 sinistri
837 2973 919 3045 quip-
968 2977 1059 3032 mittit.

123 3071 195 3142 piam
210 3068 310 3137 dicere,
340 3073 418 3122 exeat
444 3073 470 3120 ct
499 3064 580 3131 dicat,
609 3071 797 3119 verumtamen
816 3077 921 3117 memor

122 3155 321 3216 communionis
336 3171 407 3222 suae;
425 3154 488 3226 quia
501 3162 545 3208 ant
561 3153 620 3225 ipse
635 3168 689 3208 non
710 3150 920 3207 communicabit

120 3246 307 3305 ecclesiastico
323 3253 350 3300 et
364 3243 514 3315 episcopali
531 3241 632 3308 ordini,
648 3250 695 3296 aut
710 3257 760 3296 nos
775 3256 829 3297 non
844 3256 919 3296 com·

121 3336 322 3394 munioabimus
336 3331 487 3389 ministerio
512 3330 667 3403 episcopali.

148 3426 226 3484 Unde
236 3424 326 3482 verbis
351 3423 422 3478 beati
432 3421 530 3477 Leonis
551 3418 734 3476 Theodosium
766 3421 918 3492 Augustum

121 3516 258 3587 quondam
272 3511 456 3584 alloquentis:
482 3511 545 3577 Vos,
572 3508 800 3565 christianissime
821 3516 847 3562 et
871 3524 918 3563 ve·

121 3603 252 3660 nerabilis
267 3602 399 3673 nobisque
414 3600 574 3657 charissime
588 3615 647 3668 rex,
663 3615 724 3654 curn
740 3597 919 3652 consacerdo-

119 3693 192 3748 tibus
224 3691 323 3748 nostris
360 3689 543 3761 alloquirnur;
569 3687 713 3758 implentes
736 3684 917 3741 reverentiam

119 3780 269 3837 elementiae
283 3785 382 3834 vestrae
395 3777 497 3832 sinceri
518 3775 617 3831 umoris
639 3774 736 3837 officio,
765 3773 917 3845 cupientes-

121 3885 173 3941 que
188 3884 238 3925 vos
251 3866 360 3939 placere
369 3864 518 3937 peremnia
528 3866 597 3933 Deo,
609 3863 652 3918 cui
662 3879 709 3934 pro
722 3862 800 3918 vobis
813 3861 917 3918 anobis

121 3965 149 4013 et
170 3956 204 4011 ab
229 3954 361 4012 Ecclesiis
388 3953 467 4009 nobis
495 3952 649 4009 commissis
680 3950 857 4022 supplicatur,
882 3967 916 4005 ne
967 3991 972 4002 .

120 4054 182 4101 ante
197 4043 316 4099 tribunal
329 4042 438 4099 Domini
447 4042 487 4098 rei
502 4043 536 4097 de
547 4041 653 4096 silentio
674 4040 838 4110 judicemur,
864 4040 916 4095 ob-

121 4149 262 4191 secramus
276 4148 367 4188 coram
382 4130 461 4188 unius
469 4130 577 4186 deitatis
588 4128 765 4201 inseparabili
776 4128 915 4198 Trinitate‚

121 4239 182 4296 quae
195 4222 241 4278 tali
255 4221 327 4278 facto
341 4220 456 4289 laeditur,
473 4236 536 4277 eum
551 4220 611 4291 ipsa
625 4218 709 4274 vestri
724 4217 758 4272 sit
772 4226 865 4274 custos
890 4224 917 4272 et

119 4320 212 4369 auctor
225 4310 314 4384 regni,
331 4316 357 4366 et
371 4326 463 4366 coram
479 4308 579 4365 sanctis
593 4307 700 4381 angelis
715 4306 825 4373 Christi,
841 4314 870 4361 ut
888 4305 917 4360 iu

119 4419 152 4458 eo
167 4408 236 4457 statu
248 4408 275 4455 et
286 4399 454 4455 immunitate
469 4414 517 4454 seu
530 4397 674 4469 privilegio
689 4412 751 4452 curn
766 4411 816 4450 suo
831 4391 950 4466 ponti-D

117 4490 168 4548 lice
182 4489 371 4547 Trevirensem
386 4487 605 4546 Ecclesiamesse
613 4485 742 4556 jubeatis,
755 4492 836 4557 utque
850 4499 915 4540 con·

118 4579 244 4647 servetis,
262 4595 316 4652 quo
325 4578 409 4635 vestri
419 4576 610 4649 progenitores
626 4582 707 4647 atque
726 4573 915 4646 praedecesso-

119 4684 172 4740 res,
190 4669 276 4727 sedet
290 4668 319 4724 in
335 4666 483 4741 quofrater
497 4681 627 4735 acnepos
651 4671 741 4720 vester
762 4661 915 4730 Lotbau'us,

117 4765 195 4828 pater
218 4757 322 4814 scilicet
341 4774 374 4816 ac
394 4756 474 4823 filius,
499 4754 628 4812 canonice
661 4759 913 4809 conservaverunt:

118 4854 251 4917 quatenus
266 4854 292 4901 et
306 4864 354 4903 vos
369 4847 495 4903 meritum
508 4843 572 4900 iude
587 4842 660 4914 apud
675 4843 773 4906 Deum,
799 4848 825 4896 et
847 4841 914 4895 bea-

119 4941 177 4988 tum
191 4934 375 5005 apostolorum
388 4935 539 5008 principem
554 4935 671 4999 Petrum,
687 4931 716 4987 in
725 4930 914 5000 cujushonore

120 5021 236 5086 ecclesia
249 5024 308 5094 ipsa
323 5034 364 5080 est
384 5033 552 5093 consecrata,
577 5020 709 5089 habeatis,
735 5026 761 5075 et
785 5034 835 5073 nos
854 5034 914 5073 om-

118 5120 190 5192 plius
205 5115 340 5174 debitores
355 5113 383 5167 iu
397 5114 561 5169 orationibus
577 5120 604 5166 et
617 5110 724 5167 caeteris
747 5107 844 5164 debitis
866 5107 915 5163 ob-

118 5209 220 5282 sequiis
235 5201 400 5278 acquiratis,·
421 5202 483 5273 quin
504 5202 556 5257 nisi
578 5216 627 5273 pro
653 5206 741 5256 vestra
762 5196 915 5253 reverentia

118 5300 170 5355 lroc
183 5295 364 5361 differremus,
378 5292 434 5361 jam
448 5291 476 5344 in
490 5306 665 5361 pervasorem
680 5288 765 5360 ipsius
786 5285 915 5343 licclesiee

114 5386 245 5458 judicium
259 5387 286 5439 ln
301 5383 380 5440 tcrris
395 5389 517 5438 exertum
526 5379 699 5444 haberemus,
710 5376 783 5450 quod
795 5374 915 5432 sexcenti

118 5482 145 5533 et
159 5473 268 5546 triginta
282 5473 403 5547 episcopi
417 5471 560 5540 lomagna
574 5464 788 5526 chalcedonensi
808 5464 913 5537 syuodo

1232 3066 1403 3124 EPISTOLA
1421 3068 1503 3123 XLll.

1266 3156 1467 3229 Fragmentum.

1040 3259 1169 3300 wrcrorso
1184 3260 1219 3299 ετ
1234 3260 1355 3300 οετεειε
1369 3261 1510 3301 nonnosus
1525 3260 1699 3304 sproxton.

1023 3352 1099 3418 Quod
1111 3353 1237 3424 pretium
1245 3369 1297 3425 pro
1312 3352 1420 3409 decimu
1436 3356 1525 3425 quaeri
1539 3355 1716 3412 eredebant.

1061 3456 1139 3512 tapud
1149 3458 1273 3514 eumdem,
1285 3468 1314 3503 ox
1324 3457 1464 3513 vlodoardt,
1476 3458 1519 3505 lib.
1530 3469 1567 3515 nr,
1578 3469 1637 3515 cap.
1648 3462 1692 3515 si.)

1002 3546 1088 3613 Absit,
1106 3545 1213 3617 fratres,
1228 3555 1257 3602 ut
1271 3548 1317 3602 alii
1331 3548 1510 3604 ecclesiastici
1524 3557 1552 3603 et
1566 3549 1693 3622 religiosi
1720 3549 1766 3606 viri

966 3636 1018 3691 hoc
1033 3635 1152 3701 audiant,
1169 3635 1230 3707 quia
1245 3637 1372 3692 monachi
1387 3637 1422 3692 de
1431 3637 1599 3693 monasterio
1610 3639 1699 3695 sancti
1708 3638 1766 3694 Dio

966 3725 1036 3796 nysii
1051 3724 1185 3781 decimam
1199 3725 1319 3781 vendere
1335 3733 1468 3798 quaerunt,
1485 3735 1513 3781 ut
1537 3727 1572 3781 de
1592 3727 1657 3798 ipso
1683 3728 1765 3799 pretio

966 3813 1100 3869 infernum
1122 3821 1290 3884 comparent.
1315 3813 1398 3871 llulto
1418 3814 1505 3888 magis
1525 3822 1618 3871 autem
1640 3816 1712 3871 absit
1741 3822 1767 3872 ut

966 3903 1018 3959 hoc
1032 3901 1095 3958 luici
1108 3902 1226 3967 audiant,
1244 3904 1317 3974 quod
1332 3920 1413 3960 nemo
1428 3904 1638 3975 ctiampeccatis
1648 3905 1763 3975 publicis

966 3991 1120 4061 implicatus
1134 3991 1161 4045 in
1174 4008 1235 4046 mea
1249 3993 1380 4063 parochia
1403 3992 1492 4048 facere
1514 3992 1607 4048 audet.
1636 3993 1666 4049 Si
1696 3995 1764 4050 enim

965 4080 1062 4151 aliquis
1076 4080 1111 4135 de
1125 4080 1179 4136 alio
1194 4082 1359 4137 monasterio
1374 4097 1457 4153 quam
1472 4081 1506 4136 de
1521 4089 1619 4138 nostro
1633 4081 1687 4138 hoc
1709 4090 1764 4138 ten-

965 4176 1034 4234 tare,
1050 4177 1148 4240 quanto
1163 4170 1251 4241 magis
1262 4169 1352 4226 facere
1363 4178 1550 4241 presumeret,
1563 4171 1598 4226 ab
1606 4171 1684 4228 omni
1693 4187 1764 4228 com·

964 4257 1093 4314 munione
1112 4258 1187 4314 illurn
1202 4259 1236 4315 de
1250 4260 1379 4330 parochia
1402 4276 1463 4315 mea
1486 4260 1762 4325 excommunicarem,

966 4351 994 4403 et
1009 4351 1120 4404 cetero.

1221 4436 1391 4494 Ertsvotn
1410 4438 1506 4493 XLlll.

1261 4526 1465 4600 Fragmentum.

1179 4629 1215 4670 xn
1229 4631 1396 4671 monuerunt
1412 4630 1545 4673 contrane.

1036 4722 1191 4779 Ecclesium
1204 4723 1295 4796 pretio
1312 4723 1430 4779 uendere
1444 4740 1502 4780 non
1523 4729 1693 4796 presumat.

1059 4838 1140 4894 (Apud
1150 4837 1275 4893 eumdem,
1286 4848 1319 4884 ex
1329 4836 1523 4894 flodoardldib.
1536 4848 1572 4892 nr,
1588 4839 1697 4895 capae)

1000 4929 1148 4999 Propterea
1162 4929 1234 4984 scias
1247 4928 1310 5001 quia
1336 4928 1360 4983 si
1383 4928 1427 4985 rel
1450 4945 1533 4985 unum
1556 4928 1704 4984 denarium
1715 4927 1764 4984 tibi

966 5018 1064 5090 aliquis
1080 5017 1195 5074 clericus
1208 5017 1326 5089 proipsa
1340 5017 1467 5082 eeclesia,
1482 5017 1528 5073 vel
1542 5034 1593 5089 pro
1608 5017 1661 5073 alia
1673 5017 1763 5089 aliqua

965 5107 992 5163 in
1007 5123 1067 5163 mea
1081 5106 1272 5178 parochiaper
1286 5124 1316 5162 se
1331 5115 1376 5162 aut
1390 5123 1440 5178 per
1455 5106 1607 5162 immissam
1617 5121 1764 5178 personam

965 5196 1080 5264 dederit,
1096 5212 1145 5266 per
1158 5212 1201 5251 me
1218 5196 1400 5251 ordinatusin
1415 5211 1516 5251 ennon
1535 5195 1597 5251 erit.
1623 5195 1653 5252 Si
1673 5203 1764 5252 autem

964 5285 1005 5341 vis
1019 5285 1057 5340 ibi
1071 5284 1172 5340 habere
1186 5285 1386 5357 presbyterum,
1402 5285 1491 5340 adhuc
1512 5284 1579 5340 mihi
1602 5284 1687 5341 talem
1708 5284 1767 5342 cle-

965 5375 1050 5431 ricum
1066 5373 1113 5447 qni
1126 5382 1204 5446 aptus
1220 5374 1254 5429 sit
1269 5390 1346 5431 sacro
1361 5373 1523 5442 ministerio,
1550 5380 1577 5429 et
1605 5389 1660 5446 ego
1689 5373 1766 5429 illum

964 5463 1108 5537 inquiram,
1125 5471 1151 5520 et
1166 5462 1205 5519 illi
1220 5463 1364 5520 ecclesiam
1378 5463 1460 5535 dabo,
1478 5469 1504 5520 et
1518 5468 1584 5519 tune
1598 5461 1680 5519 illum
1694 5462 1767 5520 ordi·
