3794 6104
113 234 155 289 ill
450 229 571 288 OPUSG.
601 229 647 285 ET
674 226 782 285 EPIST.
812 227 849 283 IN
876 227 989 284 CAUSA
1017 228 1188 288 lllNChltllil
1215 229 1369 289 LAUDUN.
1699 230 1752 288 sta

114 359 165 414 suis
178 354 361 428 eomplicibus
375 355 404 410 in
417 356 488 410 hunc
502 354 680 428 caliginosum
695 368 788 409 aerem
801 353 912 408 misera·
925 352 951 414 Α
998 357 1029 410 Et
1045 356 1117 426 quod
1127 356 1161 411 de
1176 356 1228 411 hoc
1243 372 1297 412 uno
1312 356 1425 427 primate
1438 355 1586 421 Gallicano,
1603 355 1649 426 qui
1663 371 1678 409 a
1693 355 1759 410 sede

114 446 199 503 hiliter
219 453 264 501 est
282 444 412 514 dejectus,
435 444 545 499 aeternis
567 443 705 514 suppliciis
730 441 906 498 cruciandus.
960 444 1107 515 apostolica
1123 444 1233 516 pallium
1248 451 1401 515 acceperat,
1418 443 1494 512 dixit,
1512 445 1564 499 hoe
1579 450 1605 498 et
1632 443 1666 498 de
1689 442 1757 497 reli-

114 536 178 591 liam
194 540 222 589 ct
237 534 265 588 in
282 533 373 589 Veteri
386 531 560 588 Testamenta
576 531 689 585 minoris
704 529 842 602 dignitatis
864 545 911 584 sa·
962 533 1021 604 quis
1036 533 1196 599 Galliarum,
1215 541 1241 587 ct
1265 533 1447 606 Belgicorum,
1477 541 1558 604 atque
1577 531 1759 588 Germanico-

115 625 237 681 cerdotes
252 631 350 678 contra
362 622 483 692 potiores
498 636 563 675 suos
577 636 607 676 se
631 620 816 685 elevaverunt,
842 619 912 675 Cere
962 636 1021 675 rum
1037 621 1198 691 primatibus
1213 629 1255 676 cst
1269 620 1586 693 ntiqueintelligendum.
1597 621 1670 675 Inter
1680 635 1759 691 quos,

115 713 215 770 scilicet
230 725 293 767 cum
309 711 364 766 suis
378 709 575 780 complicibus3
592 708 663 764 unde
676 707 822 763 vindictam
835 706 913 762 debi·
962 709 1032 764 sicut
1047 718 1073 764 et
1088 710 1157 764 inter
1172 708 1292 780 reliquos
1306 710 1460 780 episcopos,
1477 711 1535 764 hac
1545 709 1664 765 conditio
1680 723 1761 781 regu·

114 811 163 857 tam
178 815 196 856 a
210 800 332 856 Domino
346 805 533 870 susceperunt,
556 797 624 853 sicut
646 797 802 852 venerenda
824 803 913 850 namat
963 797 1027 852 laris
1042 806 1178 864 servatur,
1196 806 1224 852 nt
1240 798 1286 868 qui
1308 797 1384 868 prius
1415 796 1494 853 fuerit
1513 797 1662 863 ordinatus,
1685 796 1762 868 prior

114 887 224 946 historia
239 889 337 955 (Num.
354 887 424 958 xvi).
454 887 484 941 ln
498 888 576 943 Novo
605 886 788 942 nihilominus
815 886 913 941 Testa·
963 887 1105 950 habeatur,
1124 885 1402 942 relutidemsanctus
1418 885 1568 958 Gregorius
1593 886 1620 940 in
1646 884 1763 955 epistola

115 985 203 1034 mento
218 977 292 1032 inter
306 991 401 1032 sacros
415 975 525 1032 ordines
538 974 656 1047 legimus
670 973 818 1029 seditiones
830 989 914 1029 exor-
964 975 999 1029 ad
1013 973 1154 1044 praefatum
1170 973 1351 1044 Augustinnm
1365 982 1489 1045 patenter
1502 973 1631 1029 ostendit.
1643 973 1683 1028 De
1699 972 1762 1043 qui·

116 1076 174 1122 tas:
190 1073 219 1121 et
232 1065 355 1136 primum
367 1064 476 1137 quidam
491 1062 650 1120 diaconibus
666 1063 834 1119 seadversos
848 1076 914 1132 pre·
965 1063 1015 1117 bns
1030 1062 1191 1133 primatibus
1206 1070 1231 1116 et
1247 1061 1345 1117 Africae
1358 1062 1506 1132 provincie
1529 1061 1644 1118 concilia
1668 1060 1762 1116 dieunt

115 1152 245 1222 shyteros,
264 1149 384 1220 itemque
411 1148 580 1219 presbyteris
595 1156 620 1202 et
645 1145 849 1218 chorepiscopis
865 1144 914 1201 ad·
965 1152 1055 1220 (conr.
1074 1152 1223 1221 derling..
1238 1167 1261 1206 e.
1280 1154 1324 1218 tlt)
1341 1167 1348 1203 ι
1366 1172 1376 1196 l
1395 1149 1533 1221 Quisquis,
1550 1150 1685 1222 inquiens,
1706 1147 1764 1220 epi-

117 1255 208 1295 rersus
223 1236 372 1309 episcopos
396 1235 582 1305 efferentibus,
610 1235 682 1290 unde
710 1248 782 1291 nunc
802 1248 916 1290 necesse
967 1254 1109 1311 scoparum
1130 1246 1284 1303 accusatur,
1300 1239 1334 1293 ad
1350 1239 1491 1309 primatem
1514 1238 1662 1309 provinciae
1675 1236 1761 1308 ipsius

116 1343 167 1383 uon
181 1326 321 1381 habemns
334 1341 490 1382 sermonem
504 1325 532 1379 in
546 1323 659 1396 longum
674 1324 843 1394 protrahere,
857 1336 917 1393 quae
967 1343 1076 1385 eausam
1090 1327 1194 1383 deterat
1209 1336 1375 1384 aecusator.»
1386 1329 1419 1382 Et
1429 1327 1493 1382 item
1509 1344 1516 1381 z
1536 1326 1608 1395 «Qui
1619 1339 1769 1396 provocan-

116 1415 269 1472 aovimusa
285 1413 373 1471 saeris
388 1412 537 1469 canonibus
551 1428 611 1468 esse
627 1419 785 1483 composita·
802 1412 917 1466 Tantum
967 1419 1032 1472 dum
1046 1416 1209 1488 putaverint,
1225 1416 1259 1471 ad
1273 1417 1402 1487 primates
1417 1430 1527 1471 suarum
1554 1414 1765 1485 provinciarum,

118 1501 316 1575 coepiscopali
330 1501 426 1558 ordine
441 1501 574 1569 dieamus,
591 1516 672 1573 quem
686 1500 766 1556 etism
780 1498 852 1572 ignis
867 1514 917 1555 en·
968 1505 1038 1562 sicut
1052 1515 1079 1561 et
1094 1505 1128 1560 de
1143 1504 1278 1574 episcopis
1293 1521 1365 1576 saepe
1384 1504 1559 1560 constitutum
1588 1511 1639 1572 est,
1670 1517 1768 1574 provo-

116 1592 243 1666 piditatis
260 1598 289 1647 et
307 1589 404 1661 rapina
426 1589 574 1646 altitudinis
603 1589 672 1645 adeo
694 1589 780 1660 potnit
808 1587 918 1643 initam-
967 1603 1055 1651 cent.»
1073 1594 1107 1649 Et
1120 1594 1185 1649 item
1201 1594 1358 1665 (African,
1376 1609 1437 1649 cau.
1455 1590 1762 1663 salmoriensem
1830 1649 1833 1653 ,

118 1696 199 1748 mare,
216 1680 291 1736 sicut
319 1678 450 1750 scriptum
473 1686 514 1733 est
531 1695 538 1732 :
555 1679 650 1751 Aperi,
680 1677 792 1742 libone,
823 1680 918 1747 portos
932 1684 1021 1766 Bais,
1038 1682 1140 1739 scilicet
1155 1683 1407 1753 vicinisepiscopis,
1423 1681 1626 1752 provocandum
1653 1687 1768 1751 putave-

120 1768 474 1838 aroaeteeororosteeotr
485 1765 920 1836 cadroataosleoeo·rrlmtoui-
972 1773 1036 1838 am,
1054 1787 1108 1826 non
1122 1779 1271 1842 provocent
1286 1770 1339 1825 nisi
1352 1770 1386 1825 aa
1401 1768 1530 1827 ardema
1548 1767 1720 1835 concilians
1733 1767 1769 1822 aa

119 1872 167 1930 que
194 1857 248 1912 Dei
290 1855 453 1911 ordinationi
478 1855 604 1910 resistere
626 1870 682 1910 non
705 1860 867 1917 metuerunt,
896 1860 923 1909 et
971 1861 1101 1933 primates
1115 1858 1319 1931 provinciarum
1339 1872 1460 1914 suarum.
1493 1859 1554 1913 »Et
1582 1857 1647 1914 item
1676 1858 1766 1921 (conc.

119 1962 175 2002 cnm
189 1946 320 2002 &linere
334 1960 390 1999 non
404 1951 592 2016 potueruntne
617 1943 669 1998 sibi
691 1941 845 2015 praepositis
865 1957 920 1997 non
974 1949 1079 2014 Carth„
1097 1963 1157 2005 ean.
1174 1950 1237 2018 til:
1256 1969 1267 1997 ι
1282 1947 1490 2018 Utunnquaeque
1504 1945 1646 2017 provincia
1658 1952 1771 2016 propter

120 2034 274 2100 subessent,
290 2032 373 2089 enam
387 2032 508 2089 haereses
523 2039 550 2088 et
564 2031 710 2087 schismata
731 2030 921 2097 condidemnt,
972 2037 1197 2110 longinquitatem
1213 2035 1355 2106 primatem
1369 2035 1467 2090 habeat
1487 2034 1640 2105 proprium.
1663 2032 1770 2089 Placuit

120 2138 200 2195 aeque
214 2122 294 2194 ipsos
309 2121 345 2175 eb
367 2121 470 2176 unitate
493 2119 625 2175 Ecclesiae
646 2119 825 2190 projecerunt.
855 2118 924 2174 sieut
972 2134 1000 2181 ut
1027 2125 1184 2181 hlauritania
1210 2123 1355 2189 Sitifensis,
1386 2131 1414 2177 ut
1449 2120 1595 2193 postulavit
1626 2120 1771 2192 primatem

119 2209 208 2265 multis
223 2208 398 2266 documentis
412 2208 557 2264 ostendere
571 2222 730 2279 possumus.
750 2205 924 2263 Rebellantes
973 2213 1122 2287 pronuncias
1134 2212 1279 2279 Numidiae,
1297 2228 1330 2266 ex
1345 2211 1420 2280 nujus
1436 2218 1507 2267 coetu
1523 2218 1677 2281 separatur,
1694 2224 1774 2265 suum

120 2314 226 2372 quoqne
240 2297 365 2369 episcopi
385 2296 519 2353 aduersus
542 2294 764 2367 metropolitanos
789 2295 846 2350 siue
877 2310 923 2350 ar·
973 2298 1071 2353 habeat
1094 2298 1246 2369 primatem,
1281 2311 1362 2368 quem
1383 2294 1616 2351 consentientibus
1647 2293 1773 2349 omnibus

121 2387 311 2459 chiepiscopos
326 2401 391 2441 suos
407 2385 459 2455 (his
475 2384 547 2440 enim
562 2385 669 2439 duobus
688 2383 844 2440 nominibus
871 2384 924 2437 hu·
974 2386 1135 2459 primatibus
1150 2385 1352 2457 prouinciarum
1367 2384 1567 2450 Africanarum,
1581 2381 1626 2438 vel
1648 2382 1774 2438 omnibns

100 2535 102 2539 ,
118 2477 158 2546 ins
171 2474 344 2532 excellentiae
359 2473 478 2547 dignitas
488 2473 671 2546 designatur),
688 2472 807 2543 itemque
822 2479 923 2527 metro·
974 2476 1120 2547 episcopis,
1136 2483 1248 2547 propter
1262 2472 1491 2546 longinquitatem
1512 2473 1613 2528 hahere
1640 2471 1775 2542 permissa

121 2563 231 2637 politani
245 2563 290 2620 vel
300 2561 498 2633 archiepiscopi
512 2561 645 2616 adversus
659 2562 790 2632 primates
804 2561 847 2615 vel
875 2574 924 2631 pa·
974 2573 1025 2620 est.
1040 2586 1051 2614 ι
1069 2565 1103 2620 Εῑ
1118 2565 1262 2635 episcopus
1277 2563 1324 2636 qui
1339 2562 1374 2617 ad
1396 2561 1530 2633 synodum
1546 2577 1600 2616 non
1616 2560 1773 2630 occurrerit,

122 2653 263 2719 triarchas,
280 2651 326 2725 qui
340 2652 369 2707 in
382 2650 425 2706 his
438 2650 545 2707 dnobus
559 2649 714 2705 nominihus
728 2665 782 2705 nuo
800 2649 924 2722 prioratu
974 2653 1008 2708 ad
1032 2653 1175 2725 primatem
1196 2667 1277 2707 snum
1297 2649 1407 2720 jubetur
1431 2650 1562 2705 rationem
1592 2648 1780 2720 impedimenti

121 2742 280 2815 fungtrntur,
296 2740 346 2796 sed
360 2747 387 2795 et
402 2739 511 2813 quidem
525 2737 724 2810 archiepiscopi
747 2736 790 2793 vel
820 2745 924 2793 metro·
976 2742 1017 2797 sui
1032 2742 1167 2808 reddere;
1184 2748 1210 2795 et
1233 2740 1278 2795 ille
1299 2740 1401 2811 primas
1422 2739 1503 2795 debet
1524 2738 1591 2795 dare
1614 2737 1777 2806 judicosus

122 2829 232 2904 politani
246 2828 378 2902 primates
397 2828 606 2900 provinciarum,
636 2827 773 2883 multoties
796 2827 825 2883 in
841 2826 925 2882 sacris
975 2831 1051 2899 cujus
1068 2829 1208 2902 provincia
1245 2829 1322 2884 locus
1337 2836 1379 2884 est
1393 2827 1565 2896 constitutus,
1582 2834 1608 2882 et
1631 2842 1721 2883 causae
1740 2825 1776 2881 li·

123 2918 275 2977 canonibns
297 2917 471 2974 inveniuntur
488 2935 494 2971 :
511 2916 549 2972 illi
568 2916 703 2983 videlicet,
736 2915 781 2987 qui
808 2915 836 2969 in
864 2914 925 2970 loco
975 2919 1082 2976 aieudae
1097 2926 1160 2973 snut
1167 2934 1214 2989 per
1230 2917 1337 2988 judices
1360 2916 1582 2988 episcopos,sire
1598 2914 1778 2989 quosprima·

123 3007 313 3065 defunctorum
344 3005 615 3078 archiepiscoporum
637 3003 681 3060 vel
701 3003 924 3074 metropolitane·
975 3018 1017 3065 tes
1035 3008 1169 3077 dederint,
1185 3008 1243 3062 sive
1257 3021 1325 3079 quos
1335 3006 1406 3062 inter
1416 3022 1446 3061 se
1457 3005 1652 3078 conquirentes
1676 3002 1779 3061 ricinos

125 3113 193 3164 rum,
219 3096 255 3152 ah
278 3095 415 3168 episcopis
438 3094 652 3166 uniuscujusque
678 3092 835 3165 provincie,
865 3065 960 3148 sineC
977 3115 1011 3156 ex
1025 3113 1161 3154 consensu
1175 3095 1336 3170 delegerint.
1356 3118 1367 3143 ι
1382 3095 1416 3152 Εῑ
1429 3095 1551 3166 episcopi
1561 3094 1651 3167 (conc.
1664 3093 1776 3160 Carth,

124 3184 339 3257 interrogatione
352 3183 466 3239 alterins
480 3182 604 3254 primatis
617 3181 766 3253 prevalente
795 3179 925 3250 ordmeri,
977 3203 1039 3244 cau.
1050 3190 1096 3257 23)
1112 3195 1279 3242 transmare
1293 3183 1431 3256 proficisci
1450 3200 1505 3239 non
1520 3183 1631 3249 dehent,
1647 3181 1701 3238 nisi
1715 3196 1780 3238 con·

123 3282 149 3332 et
162 3291 196 3331 ex
212 3272 331 3344 antiquie
346 3270 550 3328 consuetudinis
570 3270 642 3343 lege,
658 3285 675 3326 a
693 3271 758 3327 sede
780 3268 927 3341 apostoliea
978 3276 1049 3333 sulto
1058 3276 1156 3348 primm
1164 3275 1237 3330 sedis
1248 3274 1376 3344 episcopo
1387 3288 1443 3328 suae
1454 3273 1584 3343 citiusque
1591 3270 1749 3342 provincis.
1763 3289 1775 3320 s

124 3362 197 3435 ltelffi
212 3362 303 3419 solent
318 3361 399 3433 genie
415 3360 549 3432 insigniti,
566 3367 592 3414 ei
604 3360 632 3414 in
653 3359 714 3415 Ι000
738 3358 927 3415 decedentium
978 3357 1781 3436 SanctusquoqueZosimnsuniversisepiscopisperGallias

123 3453 326 3523 episcoporum,
343 3450 402 3505 sine
412 3448 537 3505 consultu
552 3449 595 3504 vel
611 3448 719 3504 lieentia
734 3447 859 3519 primatis
883 3446 926 3501 al·
978 3462 1005 3511 et
1020 3461 1125 3525 septem
1139 3452 1296 3523 provincias
1311 3449 1462 3505 constitutis
1478 3447 1585 3518 scripsit
1609 3447 1702 3519 (epist.
1728 3445 1756 3516 5)
1772 3463 1779 3500 :

123 3540 221 3606 terius,
235 3540 266 3594 in
280 3554 330 3594 sua
353 3537 494 3609 provincia
521 3537 624 3611 quique
647 3543 762 3608 possunt
785 3536 927 3608 episcopos
981 3563 992 3593 ι
1010 3541 1080 3611 Quia
1095 3540 1229 3611 quisquis,
1246 3537 1430 3610 praetermissa
1445 3534 1644 3607 metropolitani
1658 3535 1700 3590 sui
1721 3532 1779 3590 lor-

123 3629 264 3697 ordinare,
280 3627 351 3684 sicut
364 3634 476 3683 sanctus
491 3626 639 3698 Gregorius
660 3626 784 3682 scribens
807 3623 841 3678 ad
869 3626 927 3679 hu·
977 3639 1065 3694 muta,
1087 3629 1144 3684 sive
1166 3628 1319 3700 episeopus,
1349 3642 1398 3682 seu
1427 3627 1588 3697 presbyter,
1614 3623 1672 3679 sive
1692 3623 1783 3680 diaco·

123 3717 268 3792 gustinmn
282 3715 434 3789 Anglomm
456 3714 625 3786 episcopum,
651 3713 791 3769 evidenter
809 3711 929 3768 ostendit
979 3735 1041 3791 nus,
1058 3727 1103 3774 ant
1117 3718 1247 3789 deinceps
1261 3716 1397 3773 inferioris
1413 3716 1514 3789 gradm
1528 3714 1571 3783 sit,
1584 3714 1617 3769 ad
1628 3728 1690 3769 cum
1716 3728 1780 3785 per·

122 3807 183 3876 (We
201 3819 256 3875 m,
271 3805 353 3875 00000·
370 3806 415 3869 3¹,
430 3805 566 3874 inferres·
576 3803 603 3869 ⁹)
616 3818 646 3858 ³1⁴
666 3803 695 3857 [0
711 3801 874 3868 Genialem,
890 3801 928 3855 iss-
980 3808 1085 3866 tenerit
1102 3851 1109 3878 ,
1133 3807 1199 3864 sciat
1215 3824 1244 3862 se
1255 3805 1356 3877 suscipi
1366 3805 1643 3874 omuinouonposse.
1662 3801 1779 3858 »Etlli-

124 3894 240 3968 tlniene‚
270 3893 415 3964 eniseepee
443 3891 542 3946 sellem
567 3890 614 3945 tibi
628 3889 813 3946 auctoritatem
836 3889 930 3945 tribui·
980 3900 1053 3954 larus
1067 3911 1138 3969 papa
1152 3897 1180 3952 in
1200 3895 1316 3952 decretis
1330 3893 1495 3966 adquinque
1509 3891 1662 3964 prouincias
1683 3891 1776 3962 (epist.
1838 3887 1839 3890 ’

123 4000 195 4051 mus,
208 3981 317 4055 qnaah
334 3979 454 4052 antiquis
470 3980 705 4051 predecessorum
722 3995 846 4036 meorum
864 3987 931 4034 tem·
982 3989 1009 4059 s)
1026 4005 1032 4042 :
1052 3986 1145 4041 «ltlud
1159 3985 1242 4042 etiam
1256 3999 1310 4041 non
1326 3983 1463 4055 potuimus
1478 3981 1626 4053 preterire,
1643 3980 1717 4052 quod
1728 3980 1782 4036 sot·

124 4072 239 4145 poribus
248 4069 360 4142 pallium
375 4069 542 4126 Arelatensis
558 4069 703 4140 episcopus
718 4069 832 4140 accepit,
850 4084 931 4140 quem
982 4076 1121 4133 licitudine
1136 4074 1310 4147 diligentiore
1323 4074 1474 4129 curandum
1488 4080 1538 4139 est,
1554 4087 1589 4126 ne
1606 4077 1707 4142 praeter
1721 4083 1782 4126 me·

125 4177 175 4218 ¹¹⁰⁵
188 4159 472 4233 000000000οῑ001οῑ0
487 4165 618 4229 percepta
633 4157 742 4212 minime
757 4158 929 4212 dehemus.»
983 4164 1206 4239 tropolitanorum
1229 4178 1339 4218 suorum
1364 4162 1465 4216 litteras
1494 4160 1574 4232 aliqui
1604 4159 1726 4230 episcopi
1747 4159 1783 4215 ad

126 4251 237 4321 Etpost
251 4248 392 4320 aliquanta
408 4264 414 4303 :
433 4269 445 4299 ι
463 4248 524 4318 lpse
546 4246 704 4301 anctoritate
733 4246 846 4317 propria
875 4243 932 4317 epi·
983 4254 1130 4327 quamlibet
1144 4249 1312 4323 provinciam
1328 4248 1598 4320 audeantprostcisci,
1612 4248 1685 4318 quod
1699 4248 1781 4303 etiam

126 4353 226 4410 000000
245 4336 398 4394 (3011Ῑο000]
421 4335 546 4405 indicere
569 4351 623 4390 ⁰0¹¹
653 4335 764 4406 000000,
796 4335 845 4390 Sed
868 4349 932 4390 sua·
983 4343 1098 4399 inomni
1114 4356 1216 4415 genere
1231 4340 1310 4395 otlicii
1335 4337 1469 4394 clericalis
1489 4335 1677 4407 persingulas
1699 4336 1781 4391 dehet

128 4428 228 4491 dende
245 4424 423 4495 bleeffleedQ
438 4425 632 4497 b⁰¹1f²ll¹¹⁰q⁰⁰
648 4432 694 4479 ¹¹¹²
709 4439 793 4495 ⁰P⁰ie
808 4423 848 4478 eie
872 4422 933 4479 iffli·
949 4423 1123 4488 DEcclesias
1137 4428 1278 4485 custodiri.
1297 4449 1308 4477 s
1325 4429 1358 4483 El
1373 4435 1482 4481 sanctus
1497 4424 1648 4495 Gregorius
1664 4424 1699 4479 ad
1718 4423 1784 4479 Vin·

129 4515 210 4572 lende
223 4513 414 4580 meeeiteeds),
431 4529 575 4584 Pselefflffl
589 4520 699 4568 menies
724 4512 759 4568 00
785 4512 934 4568 50110οἰ0000
984 4519 1101 4576 centium
1117 4527 1143 4574 et
1159 4525 1274 4574 caeteros
1289 4516 1433 4592 episcopos
1449 4513 1544 4570 scribit
1559 4514 1617 4582 (lib.
1635 4527 1685 4578 vu,
1698 4514 1781 4582 epist.

132 4603 246 4661 00οἰ010
258 4602 389 4669 relorma,
405 4603 469 4674 quia
479 4602 608 4673 scriplum
623 4601 699 4656 eeiiss
709 4600 787 4674 lege:
800 4604 855 4657 Per
864 4603 934 4657 oilie·
984 4615 1009 4678 8,
1025 4609 1126 4664 indict.
1144 4610 1187 4673 lli
1205 4623 1210 4661 :
1225 4628 1235 4655 a
1251 4607 1405 4671 llortamus,
1424 4602 1560 4674 inquiens,
1586 4600 1782 4655 fraternitatem

132 4690 936 4763 nummcssemtronsiens,salcerrtmitferenondcbes,sed
983 4705 1103 4753 vestram
1116 4704 1145 4751 ut
1160 4696 1183 4750 si
1206 4711 1370 4768 quemquam
1389 4701 1510 4749 vestrum
1530 4705 1579 4760 pro
1608 4688 1699 4744 causis
1718 4704 1783 4761 ppo.

136 4799 224 4839 mona
237 4783 332 4852 opicae
347 4785 492 4836 conierere
504 4784 532 4835 ei
547 4780 732 4836 manducate·
740 4779 760 4834 F
761 4779 848 4835 eleeiss
863 4778 935 4834 enlm
984 4787 1052 4858 priis
1066 4786 1220 4858 ubicunque
1234 4784 1343 4855 lougius
1357 4781 1518 4851 compulerit
1531 4778 1670 4833 ambulare
1685 4794 1781 4834 neces·

133 4869 412 4937 ieffiefimiiietenon
427 4875 505 4939 poles
520 4868 593 4922 inea
608 4874 702 4937 segete
717 4867 872 4940 quaeolleri
892 4866 935 4923 vi·
985 4877 1059 4939 sitas,
1086 4891 1103 4931 a
1125 4874 1332 4944 metropolitano
1352 4878 1441 4925 vestro
1464 4867 1613 4923 secundum
1636 4867 1749 4923 inditum
1768 4881 1785 4923 a

136 4959 211 5015 detur
225 4974 289 5015 esse
303 4957 460 5023 commissa,
478 4957 526 5012 sed
540 4973 590 5028 per
604 4955 731 5012 effectum
753 4956 817 5012 boni
842 4955 935 5028 operis
985 4964 1087 5021 sanatis
1103 4964 1227 5020 Patribus
1242 4960 1374 5032 regulam.
1391 4966 1484 5029 petere
1499 4957 1636 5013 licentiam
1651 4956 1783 5023 debeatis,

137 5046 270 5104 lmmenta
283 5045 426 5104 Dominica
439 5046 566 5101 vitiorum
581 5044 783 5117 suorumpaleis
801 5045 932 5117 exspolia,
986 5070 1038 5110 nec
1053 5070 1114 5110 uum
1128 5049 1333 5124 postponerem
1348 5048 1439 5119 aliquo
1463 5046 1645 5118 praesumatis,
1671 5053 1785 5116 excepto

137 5136 197 5191 etin
212 5135 347 5192 Ecclesiae
359 5150 458 5207 corpus
472 5134 610 5190 monendo
624 5132 935 5205 etpersuadendoquosi
986 5145 1018 5209 si,
1039 5144 1111 5217 qnod
1125 5157 1179 5196 non
1194 5147 1327 5210 optamus,
1343 5145 1436 5194 contra
1452 5136 1578 5192 cumdem
1600 5134 1785 5205 metropolita·

138 5225 290 5281 meedeede
316 5232 456 5280 eesslesie·
482 5222 598 5292 Quessde
624 5240 690 5279 Vere
716 5240 748 5278 el
777 5224 936 5279 auctoritate
986 5248 1051 5287 num
1066 5238 1187 5286 restrum
1200 5244 1248 5283 vos
1264 5227 1365 5282 habere
1379 5227 1483 5298 aliquid
1512 5242 1600 5281 causae
1628 5222 1783 5295 contigerit,

137 5315 270 5387 ezendum
286 5321 338 5380 eei,
355 5311 936 5385 0001000000οῑ000οῙοῑ000000000000080·
988 5330 1016 5375 ut
1030 5322 1064 5376 oh
1080 5320 1132 5374 hoc
1147 5318 1220 5372 sedis
1235 5316 1390 5387 apostolicae
1400 5317 1532 5387 judicium
1547 5314 1574 5368 hi
1590 5312 1636 5385 qui
1649 5312 1788 5384 peterefe

138 5409 186 5472 tor,
202 5420 239 5459 ne
252 5402 424 5475 praetermitti
438 5403 525 5474 possit
539 5403 590 5458 hoe
606 5402 679 5473 quod
693 5401 804 5473 antiquo
828 5403 937 5457 Parrum
987 5409 1087 5463 stinant
1101 5406 1235 5463 licentiam
1249 5406 1377 5472 habeant,
1393 5406 1465 5477 quod
1481 5403 1554 5459 scitis
1576 5418 1626 5474 per
1655 5416 1785 5472 conones,

138 5502 265 5560 institutio
278 5500 394 5558 invenit.
413 5521 424 5551 ι
989 5498 1069 5553 etiam
1085 5497 1253 5568 stetiquorum
1270 5496 1380 5551 Patmm
1393 5492 1783 5564 instititutionepetrnissum.»
