3794 6104
53 236 109 292 Μ
803 226 990 286 EPISTOLAE.
1652 238 1706 293 Μ

58 376 128 426 mus,
145 358 369 414 adversariorum
378 372 508 431 pugnarn,
526 363 552 411 ct
566 361 722 412 constanter
736 354 859 427 aliquan·
869 352 899 413 Α
911 368 946 409 na
961 354 1086 411 Ecclesia
1094 356 1261 412 cardinalem
1271 374 1386 415 necesse
1400 360 1526 416 duximus
1541 361 1705 419 constituere

59 448 92 502 do
107 456 248 518 appetere,
263 455 289 501 et
304 447 455 518 prudenter
468 445 615 517 aliquando
631 444 780 500 declinare.
799 445 857 499 Ne·
909 443 1090 510 sacerdotem,
1104 453 1166 500 utet
1176 456 1330 518 susceptam
1346 449 1431 504 semel
1446 449 1597 505 animarum
1611 466 1706 506 curam

60 551 137 592 cesse
153 535 255 608 quippe
270 541 313 590 est
325 543 355 590 ut
364 551 412 605 per
426 550 507 590 omne
521 534 593 605 quod
602 533 709 605 agimus
720 533 747 586 iu
760 533 859 587 mentis
908 530 1006 586 intuitu
1028 532 1125 588 futurae
1152 534 1338 591 retributionis
1363 538 1476 608 impleas
1504 546 1531 595 et
1545 538 1609 594 licet
1630 547 1707 595 atua

58 623 157 678 trutina
171 623 290 693 positum
311 622 374 677 hinc
388 622 506 692 pondus,
528 621 603 677 illinc
625 621 743 677 fructum
772 620 860 677 nostri
908 619 1032 675 Ecclesia
1048 621 1086 675 sis
1105 622 1182 677 hoste
1205 623 1362 680 imminente
1385 626 1526 696 depulsus,
1549 628 1630 683 aliam
1645 645 1706 700 quae

59 711 160 766 laboris
174 711 352 767 aestimemus.
367 712 476 766 Etcum
491 711 596 781 pondus
612 710 729 766 fructum
739 717 857 781 superat,
907 717 1021 779 pastore
1040 715 1118 766 vacat
1130 711 1231 767 debeas
1246 713 1395 769 Ecclesiam
1412 717 1577 787 gubernare.
1603 718 1641 772 lta
1664 724 1707 771 ta-

58 800 181 855 laborem
200 800 317 871 quisque
341 799 450 854 innoxie
474 799 603 864 declinat,
627 799 774 855 dummodo
788 817 817 855 se
831 801 859 854 in
908 806 992 864 ment,
1007 805 1036 852 ut
1060 798 1195 856 civitatem
1219 800 1292 856 illam
1314 803 1439 858 hostibus
1454 804 1567 859 hheram
1584 803 1664 872 effici,
1680 812 1708 861 et

59 888 118 943 aliis
134 896 273 954 exerceat,
288 887 317 941 in
335 888 433 959 quibus
448 887 523 942 lucro
547 887 683 944 fructuum
699 890 806 958 pondus
821 888 859 942 la·
908 886 1025 941 Domino
1048 896 1209 960 protegente
1234 890 1269 944 ad
1297 891 1416 961 priorem
1441 900 1539 947 statum
1561 893 1707 965 contigerit

59 977 130 1031 bon's
145 976 248 1032 vincat.
265 976 334 1031 Cum
349 991 414 1031 vcro
424 976 603 1048 subsequenti
625 976 772 1048 quantitate
801 976 858 1032 iru-
909 975 1041 1041 revocari,
1070 977 1104 1029 ad
1120 977 1200 1031 aliam
1214 978 1242 1031 in
1257 994 1309 1048 qua
1323 987 1349 1034 et
1363 980 1438 1050 prius
1454 981 1595 1036 ordinatus
1609 997 1640 1036 es
1654 983 1707 1037 Ec-

58 1074 150 1122 ctuum
175 1081 305 1120 mensum
328 1065 429 1120 laboris
452 1074 497 1120 aut
521 1073 643 1136 aequatur
662 1074 706 1120 aut
729 1066 857 1133 vincitur,
908 1063 1019 1118 clesiam
1034 1065 1189 1119 revertaris.
1208 1065 1253 1121 Sin
1269 1075 1360 1122 autern
1384 1069 1514 1138 praedicta
1529 1069 1623 1125 civitas
1638 1085 1706 1125 con-

56 1153 134 1209 labor
147 1169 205 1209 non
220 1154 279 1208 sine
293 1153 372 1224 gravi
392 1153 472 1224 culpa
486 1153 647 1208 declinatur.
664 1155 741 1210 Unde
756 1154 858 1224 praedi·
909 1151 982 1206 tinua
1009 1153 1170 1222 captivitatis
1200 1154 1353 1209 calamitate
1380 1157 1520 1226 premitur,
1549 1157 1578 1211 in
1608 1173 1662 1228 qua
1690 1174 1707 1213 a

58 1251 132 1298 cator
147 1250 270 1308 sanctus,
280 1258 342 1296 eum
357 1228 484 1297 Damasci
495 1242 573 1296 valde
589 1242 737 1296 obstinatas
752 1251 858 1297 mentes
908 1240 987 1294 nobis
1004 1240 1191 1295 incardinatus
1203 1257 1233 1296 es
1245 1243 1347 1297 debeas
1368 1244 1493 1299 Ecclesia
1506 1260 1678 1315 permanere.
1693 1270 1704 1294 a

57 1330 282 1402 persequentium
309 1338 445 1396 cameret,
475 1346 567 1386 comm
591 1330 676 1385 noluit
703 1331 858 1387 adversitati
943 1328 992 1382 Xl.
1018 1328 1067 1382 His
1097 1330 1301 1384 auctoritatibus
1333 1333 1478 1400 actardus,
1516 1333 1706 1389 Namnetensis

57 1419 218 1490 confligere,
253 1419 317 1489 quia
353 1419 539 1489 semetipsum,
569 1434 649 1490 quem
689 1418 858 1489 profuturum
908 1415 1149 1487 episcopus,prius
1163 1432 1180 1471 a
1194 1419 1339 1474 Nominoio
1353 1420 1503 1475 Brittonum
1518 1420 1588 1476 duce
1604 1422 1638 1476 de
1656 1431 1705 1477 sua

57 1508 147 1562 multis
161 1515 287 1573 noverat,
305 1506 370 1562 vidit
381 1515 472 1577 posset
487 1506 612 1573 delicere,
631 1515 656 1562 et
672 1516 716 1561 aut
730 1507 812 1561 nullis
828 1524 858 1562 se
908 1503 1016 1559 civitate
1024 1504 1163 1575 expulsus,
1174 1507 1298 1562 adomno
1314 1524 1380 1580 rege
1390 1509 1599 1581 Carolo,lugato
1610 1511 1706 1565 eodem

57 1595 109 1651 illic
122 1603 169 1651 aut
185 1595 282 1666 paucis
291 1596 434 1665 prodesse.
451 1596 596 1651 Secessum
611 1612 678 1666 ergo
689 1597 858 1652 acertamine
908 1593 1058 1647 Brittonum
1080 1593 1158 1660 duce,
1185 1596 1298 1650 consilio
1323 1597 1512 1668 episcoporum
1535 1597 1611 1652 illum
1625 1615 1707 1669 quern

57 1685 140 1755 petiit,
164 1693 190 1740 et
205 1691 390 1756 pugnaturum
404 1683 510 1739 felicius
531 1685 566 1739 ad
585 1684 637 1738 alia
652 1701 681 1739 se
710 1685 780 1739 bella
795 1701 856 1739 ser·
871 1680 935 1766 Bin
951 1682 1016 1736 sede
1031 1682 1208 1737 Namnetensi
1223 1683 1310 1739 isdem
1326 1693 1458 1756 tyrannus
1474 1685 1577 1743 lecerat
1602 1688 1708 1742 exordi-

58 1773 138 1827 navit.
156 1774 220 1827 Non
229 1772 303 1827 enirn
317 1773 377 1827 loco
390 1772 485 1842 virtus,
501 1773 549 1827 sed
564 1773 640 1828 locus
656 1772 748 1827 virtuti
762 1773 855 1828 deluit.

58 1862 89 1916 Et
102 1860 207 1916 idcirco
231 1860 396 1915 fortissimus
416 1860 495 1914 miles
510 1861 544 1915 ab
567 1861 717 1916 obsidionis
733 1863 858 1934 angustia

58 1949 215 2005 certaminis
230 1964 355 2019 campum
369 1948 502 2019 quaesivit.
519 1949 570 2005 Ubi
584 1959 674 2004 autem
690 1951 859 2022 subjuganda

58 2037 115 2110 regi
136 2037 250 2109 proprio
274 2038 356 2092 multa
380 2038 598 2093 adversariorum
618 2038 689 2094 colla
706 2040 857 2110 conspexit,

59 2125 148 2180 sabim
165 2125 268 2180 bellum
282 2126 327 2181 vel
341 2141 402 2180 cum
416 2134 502 2181 morte
526 2142 581 2182 non
595 2126 693 2181 timuit.
713 2127 787 2182 Sicut
799 2127 858 2198 ipse

57 2229 116 2269 cum
131 2213 353 2285 Hierosolymam
367 2222 504 2287 pergeret,
521 2230 638 2287 cumque
651 2215 777 2286 discipuli
792 2232 857 2286 pas-

58 2301 163 2357 sionem
187 2300 262 2356 illius
285 2318 335 2372 per
355 2303 528 2373 prophetiam
552 2305 707 2373 praescitam
730 2304 858 2374 prohibe·

58 2397 123 2456 rent,
141 2389 253 2445 sibimet
268 2390 319 2459 ipsi
332 2398 474 2445 attestatur
484 2391 577 2447 diceus
595 2410 602 2444 ε
619 2395 673 2462 Epo
696 2393 773 2448 enim
800 2409 858 2449 non

58 2479 285 2550 rolumuttiqcri,
297 2478 345 2534 sed
366 2483 392 2534 et
411 2481 482 2535 niori
497 2482 529 2534 in
543 2481 719 2536 Hierusalem
737 2485 857 2552 perotus

58 2582 178 2639 cumpro
186 2568 422 2622 nomineDomini
431 2569 506 2624 Iesu.
520 2569 610 2640 Neque
623 2571 699 2624 enim
707 2572 782 2640 socio
792 2572 855 2624 oni·

57 2672 131 2710 mam
147 2671 241 2710 meum
258 2656 453 2726 pretiosiorem
466 2672 552 2728 quum
567 2674 611 2712 me
629 2657 701 2728 (Act.
718 2672 779 2711 xxv.
801 2659 855 2722 13).

58 2742 125 2810 Quia
140 2743 305 2813 praedicator
319 2745 455 2816 egregius,
468 2745 604 2815 despectis
613 2747 791 2816 potestatibus
803 2761 857 2800 sae-

57 2832 116 2896 culi,
128 2832 222 2886 nullos
240 2832 376 2886 minarum
391 2832 494 2887 sonitus
516 2833 693 2905 pertimescit.
711 2835 857 2890 Videamus

58 2919 136 2975 dium
154 2937 257 2992 equum
281 2921 331 2975 Dei
355 2922 492 2992 quomodo
518 2931 619 2978 terram
640 2923 758 2989 sorbeat,
785 2941 856 2995 quo-

909 1769 977 1834 nari,
995 1769 1198 1826 inmonasterio
1215 1774 1299 1828 sancti
1320 1774 1427 1828 Martini
1439 1775 1520 1842 jussit
1544 1775 1664 1840 exulare,
1681 1783 1708 1831 et

909 1858 1057 1912 letardum
1081 1858 1188 1914 insede
1204 1876 1253 1914 sua
1268 1862 1381 1917 restitui.
1398 1863 1498 1917 Postea
1521 1871 1612 1919 autem
1627 1881 1642 1917 a
1657 1864 1707 1919 Sa-

908 1945 1017 2001 lomone
1038 1954 1154 2017 tyranno
1178 1949 1305 2003 eumdem
1329 1951 1509 2005 Actarduma
1533 1952 1642 2007 civitate
1657 1968 1708 2007 sua

908 2035 1060 2105 expulsum,
1091 2034 1120 2089 in
1152 2045 1266 2092 vacante
1291 2038 1439 2093 hlorinensi
1461 2039 1578 2094 ecclesia
1599 2041 1707 2096 concilii

908 2137 1043 2178 consensu
1072 2125 1207 2179 concessit
1220 2125 1378 2197 aliquandiu
1394 2127 1540 2194 immorari,
1557 2128 1645 2184 donec
1658 2145 1706 2199 pe·

908 2211 1027 2265 tentibus
1055 2212 1128 2268 clero
1152 2228 1184 2268 ac
1206 2214 1286 2283 plebe
1307 2215 1454 2284 provinciae
1480 2217 1654 2282 Turonensis,
1680 2225 1707 2273 et

908 2299 1117 2355 conhibentibus
1132 2300 1278 2372 episcopis,
1295 2303 1329 2357 ad
1339 2304 1507 2374 provinciam
1523 2320 1600 2359 suam
1614 2305 1704 2361 rediit.

908 2395 934 2441 et
948 2404 964 2442 a
978 2387 1105 2458 pontifice
1121 2390 1278 2460 apostolica>
1294 2392 1367 2445 sedis
1382 2393 1409 2446 in
1430 2400 1543 2449 vacante
1560 2393 1706 2464 metropoli

908 2474 955 2529 init
969 2476 1164 2532 incardinatus.
1186 2477 1238 2546 Qui
1252 2480 1388 2534 actardus
1401 2497 1456 2536 nou
1466 2482 1598 2537 debuerat
1613 2482 1707 2537 sedern

908 2578 986 2618 suam
1000 2566 1149 2632 muta1·e,si
1164 2566 1269 2622 veterat
1293 2568 1329 2622 ibi
1358 2569 1518 2638 consistere,
1535 2569 1578 2624 vel
1601 2568 1623 2623 si
1637 2569 1706 2624 alius

907 2652 1006 2722 aliquis
1022 2661 1103 2722 esset,
1119 2655 1165 2725 qui
1180 2655 1261 2709 simili
1281 2657 1325 2711 vel
1341 2656 1410 2712 torte
1423 2656 1520 2725 majori
1535 2657 1646 2713 utilitate
1658 2674 1706 2713 re-

907 2741 1042 2812 gulariter
1056 2742 1084 2795 in
1099 2743 1250 2799 Turonensi
1273 2744 1391 2800 eeclesia
1404 2753 1498 2816 posset
1513 2745 1644 2814 ordinari,
1661 2746 1705 2801 di-

907 2837 985 2885 cente
1000 2830 1147 2885 Caelestino
1164 2833 1257 2904 (epist.
1279 2835 1302 2899 l,
1329 2834 1365 2889 cd
1393 2836 1533 2906 episcopos
1544 2850 1596 2907 per
1623 2835 1706 2891 Vien-

907 2934 974 2983 nen,
992 2919 1065 2989 etc):
1091 2942 1102 2966 a
1120 2921 1195 2975 Tunc
1208 2920 1277 2975 alter
1297 2921 1331 2976 de
1346 2920 1432 2977 altera
1446 2922 1563 2995 eligatur
1578 2923 1704 2990 ecclesia,

58 3010 136 3065 nodo
159 3009 252 3063 nullus
271 3025 334 3065 eum
359 3010 444 3065 turhae
468 3019 556 3066 terror
580 3011 702 3082 attingat.
719 3013 854 3085 scriptum
907 3006 930 3060 si
946 3007 980 3061 de
993 3005 1110 3062 civitatis
1125 3007 1211 3078 ipsius
1226 3008 1344 3077 clericis,
1362 3010 1405 3066 cui
1421 3019 1462 3066 est
1490 3012 1636 3082 episcopus
1657 3027 1706 3066 or-

59 3107 94 3152 est
110 3116 117 3151 :
137 3100 372 3171 superuenerunt
386 3103 482 3154 autem
497 3100 610 3172 quidam
621 3101 654 3155 ab
668 3100 818 3156 Antiochia
829 3105 858 3156 et
906 3095 1052 3160 dicandus,
1069 3095 1160 3151 nullus
1170 3097 1279 3169 dignas,
1289 3099 1361 3169 quod
1371 3100 1481 3155 evenire
1491 3100 1703 3167 noncredimus,

59 3187 148 3242 Iconio
155 3187 259 3253 Judoei,
268 3191 297 3242 et
305 3189 447 3260 persuasis
458 3189 557 3254 turbis,
567 3188 726 3261 lapidantes
734 3191 856 3245 Paulum
904 3185 1004 3253 poterit
1017 3184 1141 3241 inveniri.
1158 3186 1279 3240 Primum
1297 3188 1369 3242 enim
1385 3188 1422 3242 ilii
1437 3189 1603 3259 reprobandi
1632 3198 1703 3259 sunt,

59 3279 215 3331 traxerunt
228 3280 314 3330 extra
326 3277 481 3341 civitatem,
503 3276 683 3331 aestimantes
698 3293 763 3333 eum
777 3294 855 3333 mor·
904 3280 933 3326 ut
944 3272 1027 3343 aliqui
1043 3272 1077 3327 de
1092 3272 1188 3329 alienis
1204 3275 1328 3331 ecclesiis
1338 3277 1434 3332 merito
1443 3277 1631 3348 praeferantur.
1648 3278 1704 3332 Ha·

60 3368 217 3419 humasse.
233 3364 481 3420 circumdantibus
504 3369 601 3420 aulem
621 3381 686 3421 cum
696 3365 853 3438 discipulis,
905 3362 966 3416 beat
993 3361 1179 3433 uuusquisque
1203 3380 1260 3419 suae
1278 3364 1396 3419 fructum
1419 3365 1522 3421 militia
1536 3367 1564 3421 in
1578 3365 1702 3432 ecclesia,

58 3470 171 3524 serpena
183 3453 308 3508 intravit
321 3454 475 3518 ciuitatem,
492 3457 520 3508 et
527 3457 642 3524 postera
657 3454 701 3509 die
710 3456 855 3525 profectus
905 3449 1000 3519 inqua
1016 3465 1094 3504 suurn
1109 3465 1160 3519 per
1180 3451 1272 3505 omnia
1295 3451 1385 3507 officia
1408 3454 1542 3525 transegit
1568 3461 1676 3509 aetatem
1696 3473 1702 3510 :

58 3547 178 3598 ericum
198 3540 328 3596 Bernaba
346 3543 378 3596 iu
393 3542 508 3597 Derbete.
527 3542 648 3615 Curtaque
663 3543 855 3613 euangelicos·
905 3537 933 3592 in
943 3537 1031 3592 aliena
1041 3538 1174 3608 stipendia
1196 3539 1307 3595 minime
1331 3541 1400 3595 alter
1428 3541 1551 3612 obrepat,
1578 3558 1628 3598 uec
1643 3543 1704 3599 aliis

58 3634 114 3685 rent
125 3630 241 3686 ciuitati
256 3629 312 3693 illi,
329 3633 358 3684 et
375 3629 536 3685 docuissent
546 3632 651 3686 multoc
667 3633 773 3686 reuersi
787 3634 856 3686 sunt
905 3626 1025 3680 debitam
1035 3627 1105 3681 alter
1120 3626 1171 3681 sibi
1187 3629 1284 3683 audeat
1295 3629 1434 3686 vindicare
1450 3632 1616 3687 mercedem.
1636 3653 1647 3682 x

59 3717 311 3790 lystrc,etlconic,
323 3720 351 3773 et
361 3718 522 3784 Antiochia,
533 3720 735 3788 confirmantes
745 3721 855 3776 animos
940 3714 1000 3768 Xll.
1018 3713 1097 3782 Quod
1119 3725 1210 3771 autem
1239 3716 1327 3772 isdem
1354 3719 1487 3775 tetardus
1515 3721 1649 3790 apposuit,
1675 3731 1705 3776 ut

59 3806 261 3880 discipulorum
275 3806 347 3876 (Act.
362 3821 420 3872 x1v‚
437 3808 492 3876 ll).
508 3807 783 3880 Perpendamusergo
794 3825 855 3879 quae
904 3811 1033 3876 utrasque
1048 3804 1129 3861 sedes
1138 3806 1325 3862 Turonensem
1341 3807 1476 3864 scilicctet
1491 3809 1705 3866 Namnetensem
1723 3843 1731 3857 ·

59 3893 121 3951 hunc
128 3911 235 3967 equum
249 3895 448 3965 possentrninae
463 3911 651 3966 compescere,
667 3897 777 3967 quando
793 3913 855 3952 eum
905 3893 986 3948 simul
1001 3900 1115 3959 teneret,
1126 3902 1220 3949 contra
1228 3895 1452 3953 chalcedonense
1468 3897 1614 3954 concilium
1626 3906 1702 3970 (con.

59 3984 250 4039 abintentione
263 3999 376 4038 suanon
386 3984 457 4039 valet
468 3999 542 4039 mors
555 3985 855 4056 ipsaprobibere.Eccc
904 3979 936 4050 x)
951 3980 1042 4053 egisse
1059 3980 1177 4050 videtur,
1193 4000 1246 4056 quo
1266 3985 1409 4041 decretum
1425 3994 1467 4051 esi
1483 4004 1490 4041 :
1508 4009 1519 4036 ¹
1537 3988 1599 4042 N01¹
1623 3987 1706 4045 litere

60 4069 188 4143 lapidibus
218 4071 352 4138 obruitur,
375 4087 428 4129 uec
442 4081 534 4128 tamen
549 4089 566 4127 a
588 4074 712 4129 veritatis
727 4090 855 4129 sermone
904 4068 1068 4126 clericumin
1082 4071 1199 4127 duarum
1214 4073 1353 4128 civitatum
1369 4075 1506 4131 conscribi
1519 4075 1598 4131 simul
1613 4077 1705 4133 ecole-

61 4169 217 4217 remoretur.
235 4160 332 4217 Occidi
343 4165 441 4232 potest,
455 4162 578 4232 superari
593 4178 648 4218 uon
659 4170 757 4233 potest.
776 4163 855 4218 Velut
904 4157 963 4225 siis,
979 4165 1005 4213 ct
1020 4159 1048 4214 in
1063 4175 1116 4230 qua
1130 4160 1206 4216 initio
1216 4162 1356 4217 ordinatus
1371 4171 1420 4229 est,
1437 4172 1463 4219 et
1476 4173 1500 4218 at
1515 4180 1596 4236 quam
1610 4164 1705 4221 coniu-

63 4251 203 4307 erstinctus
224 4257 300 4304 extra
315 4249 411 4304 urbem
425 4250 577 4320 projicitur,
594 4251 644 4305 sed
668 4252 735 4306 intra
758 4252 855 4306 urbem
904 4246 953 4317 git,
971 4248 1048 4319 quasi
1063 4246 1098 4303 ad
1111 4249 1253 4319 potiorem,
1265 4251 1397 4306 obinanis
1408 4252 1505 4324 gloria
1518 4252 1702 4324 cupiditatem.

64 4337 96 4394 die
109 4339 164 4394 alio
175 4338 279 4393 illaesus
294 4338 455 4410 predicator
469 4338 616 4394 invenitur.
634 4338 657 4394 Ο
679 4355 761 4411 quarn
776 4339 853 4395 tortis
904 4334 962 4391 Hoc
984 4344 1075 4390 autem
1100 4336 1230 4392 iacientes
1253 4339 1379 4394 revocari
1399 4340 1500 4394 debere
1512 4341 1548 4395 ad
1563 4357 1640 4395 suam
1655 4357 1703 4396 ec-

64 4423 113 4483 huic
126 4428 188 4484 viro
203 4426 276 4482 inest
299 4425 429 4482 firmitas!
455 4445 471 4483 o
501 4444 581 4499 quarn
604 4429 700 4484 victrix
714 4427 813 4499 poenal
837 4418 1018 4485 chlesiarn
1034 4424 1061 4478 in
1078 4440 1131 4495 qua
1140 4425 1266 4496 primitus
1280 4427 1397 4483 ordinati
1408 4436 1479 4494 sunt,
1496 4436 1523 4483 et
1537 4429 1575 4482 ibi
1589 4437 1704 4484 tanturn·

65 4530 130 4584 qoam
145 4515 310 4571 dominatrix
326 4515 473 4586 patientia!
492 4517 533 4572 td
548 4517 685 4589 agendum
701 4518 856 4588 repulsione
905 4513 986 4567 modo
1001 4512 1167 4569 ministrare.
1192 4515 1220 4570 Si
1234 4517 1369 4585 veroium
1383 4516 1443 4589 quis
1458 4517 1605 4572 translatus
1620 4524 1702 4572 estex

66 4613 229 4670 provocatur,
247 4605 281 4658 ad
302 4604 506 4675 predicandam
533 4604 645 4661 salutem
667 4605 758 4678 plagis
772 4607 855 4680 erigi·
905 4601 959 4655 alia
973 4600 1001 4654 iu
1015 4600 1096 4656 aliam
1111 4602 1265 4671 ecclesiam,
1280 4605 1380 4676 prioris
1394 4605 1527 4673 ccclesia,
1544 4605 1587 4660 vel
1599 4613 1702 4678 marty-

67 4696 105 4760 na,
120 4695 153 4748 ad
168 4693 375 4765 propellendam
391 4694 492 4749 laboris
510 4693 695 4749 lassitudinem
710 4711 791 4765 poena
808 4712 855 4750 re.
905 4689 1005 4745 riorum
1022 4707 1082 4761 quae
1096 4692 1147 4745 suh
1162 4707 1193 4746 ea
1215 4702 1287 4760 sunt,
1309 4701 1354 4747 aut
1369 4693 1549 4763 ptochiorum,
1560 4701 1607 4748 aut
1622 4710 1703 4749 xeno-

69 4776 169 4837 lavetur.
186 4782 267 4837 »Sed
282 4790 308 4836 et
323 4781 410 4836 isdem
425 4782 521 4837 beatus
537 4782 688 4855 Gregorius
704 4783 731 4836 in
741 4783 856 4854 epistola
906 4778 1064 4833 dochiorum
1080 4780 1162 4835 rebus
1186 4781 1214 4834 ln
1236 4781 1310 4837 nullo
1335 4781 1544 4836 communicent.
1566 4782 1622 4838 Eos
1636 4799 1702 4839 vero

69 4869 248 4944 tdhgnellum
277 4870 436 4942 episcopum
463 4871 557 4927 scribit
585 4871 644 4941 (lib.
661 4886 704 4937 xr,
735 4874 793 4927 ind.
811 4877 853 4939 tt,
905 4866 951 4937 qui
966 4867 1024 4922 ausi
1044 4866 1153 4935 suerint,
1174 4877 1237 4939 post
1261 4868 1446 4923 diffinitionem
1473 4886 1580 4942 magnae
1602 4879 1629 4927 et
1643 4874 1703 4927 uni-

70 4960 134 5026 aar.
149 4959 194 5030 13)
211 4977 218 5014 :
238 4981 250 5009 ι
269 4957 337 5027 Quia
353 4959 437 5032 igitur
451 4959 486 5014 ob
503 4959 608 5015 cladem
623 4959 787 5027 hostilitatis,
804 4977 856 5017 nec
905 4955 1020 5010 versatis
1049 4957 1127 5025 hujus
1155 4956 1252 5026 synodi
1273 4956 1419 5027 quidquam
1439 4974 1472 5013 ex
1492 4959 1535 5014 his
1557 4978 1618 5031 quae
1641 4970 1704 5017 sunt

71 5041 213 5114 incivitate,
230 5063 282 5103 nec
299 5048 327 5102 in
351 5048 477 5104 Ecclesia
492 5057 536 5102 tua
552 5056 594 5102 est
623 5049 748 5120 cuiquam
775 5049 855 5104 habi·
904 5044 1044 5115 prohibita
1069 5052 1237 5116 perpetrare,
1267 5044 1388 5100 decrevit
1417 5056 1512 5103 sancta
1538 5050 1658 5120 synodus
1686 5067 1703 5104 a

71 5136 129 5189 tandi
156 5136 276 5206 licentia,
307 5136 370 5191 ideo
385 5145 410 5192 te
434 5137 592 5193 auctoritate
615 5146 709 5193 nostra
727 5138 854 5193 Terraci-
905 5132 1017 5203 proprio
1032 5133 1183 5202 hujusmodi
1198 5132 1283 5204 gradu
1298 5135 1439 5192 recedere.
1459 5157 1470 5187 s

72 5225 132 5279 tensi
157 5226 290 5282 Ecclesia
320 5226 487 5281 cardinalem
510 5226 699 5283 constituimus
728 5228 856 5283 sacerdo·
939 5221 1014 5275 Xlll.
1032 5221 1112 5290 Quod
1126 5229 1214 5276 autem
1242 5222 1352 5294 quidam
1373 5233 1467 5282 contra
1487 5228 1539 5281 hoe
1554 5224 1701 5297 capitulum

72 5315 123 5366 tem.
144 5335 154 5362 a
172 5315 244 5369 Etin
258 5315 373 5386 epistola
384 5316 417 5369 ad
427 5317 560 5371 loannem
571 5315 730 5386 episcopum
740 5317 799 5388 (tib.
812 5332 852 5383 χι,
903 5309 984 5377 hujus
998 5325 1104 5380 magnae
1118 5316 1145 5364 et
1160 5309 1323 5367 universalis
1339 5315 1446 5384 synodi,
1467 5314 1544 5387 quasi
1559 5331 1592 5369 ex
1611 5316 1701 5371 verbis

71 5397 116 5455 ind.
131 5405 172 5472 tt,
202 5405 286 5477 epist.
314 5405 380 5475 25)r
413 5406 478 5460 «Te
505 5405 636 5460 loannem
667 5404 701 5459 ab
729 5405 854 5460 hostibus
904 5396 976 5452 beati
1000 5397 1125 5470 Gregorii
1139 5407 1266 5473 satagunt
1294 5418 1324 5457 se
1346 5403 1460 5468 munire,
1482 5409 1511 5457 ut
1536 5403 1604 5458 duas
1620 5405 1700 5461 sedes

72 5490 192 5559 captivatas
206 5493 335 5549 Lisitanae
355 5491 471 5550 civitatis
486 5492 645 5565 episcopum
668 5493 696 5547 in
712 5492 853 5565 Squillita-
904 5485 984 5542 simul
1012 5494 1103 5542 tencre
1134 5487 1251 5559 valeant,
1280 5507 1342 5547 cum
1384 5490 1450 5549 nulli
1480 5492 1634 5550 Christiano
1668 5494 1702 5550 sit
