<?xml version="1.0" encoding="UTF-8"?>
<!DOCTYPE html PUBLIC "-//W3C//DTD XHTML 1.0 Transitional//EN"
    "http://www.w3.org/TR/xhtml1/DTD/xhtml1-transitional.dtd">
<html xmlns="http://www.w3.org/1999/xhtml" xml:lang="en" lang="en">
 <head>
  <title>
</title>
<meta http-equiv="Content-Type" content="text/html;charset=utf-8" />
  <meta name='ocr-system' content='tesseract 3.04.00' />
  <meta name='ocr-capabilities' content='ocr_page ocr_carea ocr_par ocr_line ocrx_word'/>
</head>
<body>
  <div class='ocr_page' id='page_1' title='image "./patrologiaecurs81unkngoog/patrologiaecurs81unkngoog_0278.png"; bbox 0 0 3794 6104; ppageno 0'>
   <div class='ocr_carea' id='block_1_1' title="bbox 320 215 1622 289">
    <p class='ocr_par' dir='ltr' id='par_1_1' title="bbox 320 215 1622 289">
     <span class='ocr_line' id='line_1_1' title="bbox 320 215 1622 289; baseline 0.011 -16"><span class='ocrx_word' id='word_1_1' title='bbox 320 215 441 274; x_wconf 86' lang='lat' dir='ltr'>OPUSC.</span> <span class='ocrx_word' id='word_1_2' title='bbox 469 217 516 273; x_wconf 76' lang='lat' dir='ltr'><strong>Er</strong></span> <span class='ocrx_word' id='word_1_3' title='bbox 542 218 652 275; x_wconf 83' lang='lat' dir='ltr'><strong>EPlS&#39;l&#39;.</strong></span> <span class='ocrx_word' id='word_1_4' title='bbox 681 218 719 275; x_wconf 87' lang='lat' dir='ltr'><strong>IN</strong></span> <span class='ocrx_word' id='word_1_5' title='bbox 746 218 860 277; x_wconf 70' lang='lat' dir='ltr'>CAUSA</span> <span class='ocrx_word' id='word_1_6' title='bbox 886 222 1058 281; x_wconf 78' lang='lat' dir='ltr'><strong>HINClldlil</strong></span> <span class='ocrx_word' id='word_1_7' title='bbox 1086 225 1240 283; x_wconf 80' lang='lat' dir='ltr'><strong>LAUDUN.</strong></span> <span class='ocrx_word' id='word_1_8' title='bbox 1569 232 1622 289; x_wconf 73' lang='lat' dir='ltr'><strong>oto</strong></span> 
     </span>
    </p>
   </div>
   <div class='ocr_carea' id='block_1_2' title="bbox 95 341 1696 5489">
    <p class='ocr_par' dir='ltr' id='par_1_2' title="bbox 96 341 1619 4686">
     <span class='ocr_line' id='line_1_2' title="bbox 99 341 1616 428; baseline 0.01 -32"><span class='ocrx_word' id='word_1_9' title='bbox 99 349 123 399; x_wconf 87' lang='lat' dir='ltr'><strong>et</strong></span> <span class='ocrx_word' id='word_1_10' title='bbox 138 341 287 397; x_wconf 74' lang='lat' dir='ltr'><strong>auctoritas</strong></span> <span class='ocrx_word' id='word_1_11' title='bbox 303 342 476 398; x_wconf 75' lang='lat' dir='ltr'>contradixit.</span> <span class='ocrx_word' id='word_1_12' title='bbox 489 342 568 412; x_wconf 86' lang='lat' dir='ltr'><strong>Quod</strong></span> <span class='ocrx_word' id='word_1_13' title='bbox 584 352 672 401; x_wconf 90' lang='lat' dir='ltr'><strong>nutem</strong></span> <span class='ocrx_word' id='word_1_14' title='bbox 689 344 770 416; x_wconf 90' lang='lat' dir='ltr'><strong>aqui·</strong></span> <span class='ocrx_word' id='word_1_15' title='bbox 783 346 813 407; x_wconf 84' lang='lat' dir='ltr'>A</span> <span class='ocrx_word' id='word_1_16' title='bbox 823 346 942 420; x_wconf 82' lang='lat' dir='ltr'><strong>dientiae,</strong></span> <span class='ocrx_word' id='word_1_17' title='bbox 957 356 985 405; x_wconf 87' lang='lat' dir='ltr'><strong>et</strong></span> <span class='ocrx_word' id='word_1_18' title='bbox 998 349 1164 407; x_wconf 80' lang='lat' dir='ltr'><strong>inobedienti</strong></span> <span class='ocrx_word' id='word_1_19' title='bbox 1174 351 1398 425; x_wconf 72' lang='lat' dir='ltr'><strong>perdiscimus</strong></span> <span class='ocrx_word' id='word_1_20' title='bbox 1408 355 1505 428; x_wconf 75' lang='lat' dir='ltr'><strong>erigis,</strong></span> <span class='ocrx_word' id='word_1_21' title='bbox 1515 355 1562 428; x_wconf 88' lang='lat' dir='ltr'><strong>qui</strong></span> <span class='ocrx_word' id='word_1_22' title='bbox 1571 356 1616 412; x_wconf 86' lang='lat' dir='ltr'><strong>la-</strong></span> 
     </span>
     <span class='ocr_line' id='line_1_3' title="bbox 99 431 1609 514; baseline 0.009 -28"><span class='ocrx_word' id='word_1_23' title='bbox 99 446 201 487; x_wconf 83' lang='lat' dir='ltr'><strong>morum</strong></span> <span class='ocrx_word' id='word_1_24' title='bbox 215 431 287 503; x_wconf 93' lang='lat' dir='ltr'><strong>quod</strong></span> <span class='ocrx_word' id='word_1_25' title='bbox 302 431 362 502; x_wconf 85' lang='lat' dir='ltr'><strong>ipsa</strong></span> <span class='ocrx_word' id='word_1_26' title='bbox 376 432 480 503; x_wconf 84' lang='lat' dir='ltr'><strong>capella</strong></span> <span class='ocrx_word' id='word_1_27' title='bbox 496 433 632 506; x_wconf 80' lang='lat' dir='ltr'><strong>antiquior</strong></span> <span class='ocrx_word' id='word_1_28' title='bbox 642 434 764 506; x_wconf 88' lang='lat' dir='ltr'><strong>sitquam</strong></span> <span class='ocrx_word' id='word_1_29' title='bbox 814 435 894 493; x_wconf 89' lang='lat' dir='ltr'><strong>boras</strong></span> <span class='ocrx_word' id='word_1_30' title='bbox 908 445 936 493; x_wconf 96' lang='lat' dir='ltr'><strong>ut</strong></span> <span class='ocrx_word' id='word_1_31' title='bbox 951 439 1078 511; x_wconf 79' lang='lat' dir='ltr'><strong>superior</strong></span> <span class='ocrx_word' id='word_1_32' title='bbox 1095 440 1122 495; x_wconf 95' lang='lat' dir='ltr'><strong>in</strong></span> <span class='ocrx_word' id='word_1_33' title='bbox 1138 441 1243 498; x_wconf 90' lang='lat' dir='ltr'><strong>cunctis</strong></span> <span class='ocrx_word' id='word_1_34' title='bbox 1257 453 1431 514; x_wconf 82' lang='lat' dir='ltr'><strong>apparescat</strong></span> <span class='ocrx_word' id='word_1_35' title='bbox 1447 444 1534 501; x_wconf 89' lang='lat' dir='ltr'><strong>victor</strong></span> <span class='ocrx_word' id='word_1_36' title='bbox 1547 444 1609 500; x_wconf 80' lang='lat' dir='ltr'><strong>esi·</strong></span> 
     </span>
     <span class='ocr_line' id='line_1_4' title="bbox 99 519 1614 603; baseline 0.009 -28"><span class='ocrx_word' id='word_1_37' title='bbox 99 537 122 575; x_wconf 86' lang='lat' dir='ltr'><strong>n</strong></span> <span class='ocrx_word' id='word_1_38' title='bbox 137 519 277 576; x_wconf 79' lang='lat' dir='ltr'><strong>viviniaca</strong></span> <span class='ocrx_word' id='word_1_39' title='bbox 292 520 365 587; x_wconf 78' lang='lat' dir='ltr'><strong>villa,</strong></span> <span class='ocrx_word' id='word_1_40' title='bbox 382 521 489 576; x_wconf 87' lang='lat' dir='ltr'><strong>etiamsi</strong></span> <span class='ocrx_word' id='word_1_41' title='bbox 499 538 596 578; x_wconf 91' lang='lat' dir='ltr'><strong>verum</strong></span> <span class='ocrx_word' id='word_1_42' title='bbox 610 522 688 590; x_wconf 82' lang='lat' dir='ltr'><strong>toret,</strong></span> <span class='ocrx_word' id='word_1_43' title='bbox 701 532 764 579; x_wconf 88' lang='lat' dir='ltr'><strong>tunc</strong></span> <span class='ocrx_word' id='word_1_44' title='bbox 815 532 880 594; x_wconf 86' lang='lat' dir='ltr'><strong>stas,</strong></span> <span class='ocrx_word' id='word_1_45' title='bbox 891 528 1101 599; x_wconf 90' lang='lat' dir='ltr'><strong>metropolitano</strong></span> <span class='ocrx_word' id='word_1_46' title='bbox 1116 529 1260 603; x_wconf 70' lang='lat' dir='ltr'><strong>privilegio</strong></span> <span class='ocrx_word' id='word_1_47' title='bbox 1274 533 1384 588; x_wconf 91' lang='lat' dir='ltr'><strong>nominc</strong></span> <span class='ocrx_word' id='word_1_48' title='bbox 1399 541 1502 589; x_wconf 89' lang='lat' dir='ltr'><strong>tantum</strong></span> <span class='ocrx_word' id='word_1_49' title='bbox 1509 533 1614 589; x_wconf 91' lang='lat' dir='ltr'><strong>ironice</strong></span> 
     </span>
     <span class='ocr_line' id='line_1_5' title="bbox 99 609 1617 689; baseline 0.008 -24"><span class='ocrx_word' id='word_1_50' title='bbox 99 610 164 665; x_wconf 82' lang='lat' dir='ltr'><strong>ritas</strong></span> <span class='ocrx_word' id='word_1_51' title='bbox 180 626 230 664; x_wconf 88' lang='lat' dir='ltr'><strong>sua</strong></span> <span class='ocrx_word' id='word_1_52' title='bbox 244 609 407 683; x_wconf 81' lang='lat' dir='ltr'><strong>suffragium</strong></span> <span class='ocrx_word' id='word_1_53' title='bbox 422 610 543 682; x_wconf 85' lang='lat' dir='ltr'><strong>afferret,</strong></span> <span class='ocrx_word' id='word_1_54' title='bbox 554 612 577 667; x_wconf 93' lang='lat' dir='ltr'><strong>si</strong></span> <span class='ocrx_word' id='word_1_55' title='bbox 590 613 619 667; x_wconf 94' lang='lat' dir='ltr'><strong>in</strong></span> <span class='ocrx_word' id='word_1_56' title='bbox 645 612 765 685; x_wconf 90' lang='lat' dir='ltr'><strong>antiqui·</strong></span> <span class='ocrx_word' id='word_1_57' title='bbox 814 630 864 685; x_wconf 92' lang='lat' dir='ltr'><strong>per</strong></span> <span class='ocrx_word' id='word_1_58' title='bbox 878 616 1056 688; x_wconf 80' lang='lat' dir='ltr'><strong>antiphrasim</strong></span> <span class='ocrx_word' id='word_1_59' title='bbox 1071 617 1260 675; x_wconf 86' lang='lat' dir='ltr'><strong>inhonorando</strong></span> <span class='ocrx_word' id='word_1_60' title='bbox 1273 619 1413 689; x_wconf 81' lang='lat' dir='ltr'><strong>insalutes,</strong></span> <span class='ocrx_word' id='word_1_61' title='bbox 1430 629 1532 678; x_wconf 88' lang='lat' dir='ltr'><strong>etcum</strong></span> <span class='ocrx_word' id='word_1_62' title='bbox 1541 622 1617 678; x_wconf 92' lang='lat' dir='ltr'><strong>inho·</strong></span> 
     </span>
     <span class='ocr_line' id='line_1_6' title="bbox 98 699 1616 775; baseline 0.007 -22"><span class='ocrx_word' id='word_1_63' title='bbox 98 699 234 770; x_wconf 90' lang='lat' dir='ltr'><strong>usquead</strong></span> <span class='ocrx_word' id='word_1_64' title='bbox 249 707 374 770; x_wconf 88' lang='lat' dir='ltr'><strong>tempora</strong></span> <span class='ocrx_word' id='word_1_65' title='bbox 398 701 531 756; x_wconf 92' lang='lat' dir='ltr'><strong>moderna</strong></span> <span class='ocrx_word' id='word_1_66' title='bbox 556 701 624 757; x_wconf 89' lang='lat' dir='ltr'><strong>sicut</strong></span> <span class='ocrx_word' id='word_1_67' title='bbox 649 701 765 758; x_wconf 89' lang='lat' dir='ltr'><strong>ecelesia</strong></span> <span class='ocrx_word' id='word_1_68' title='bbox 815 700 955 756; x_wconf 76' lang='lat' dir='ltr'><strong>uenatione</strong></span> <span class='ocrx_word' id='word_1_69' title='bbox 969 703 1168 760; x_wconf 84' lang='lat' dir='ltr'><strong>contumeliosa</strong></span> <span class='ocrx_word' id='word_1_70' title='bbox 1183 703 1365 762; x_wconf 88' lang='lat' dir='ltr'><strong>inobediendo</strong></span> <span class='ocrx_word' id='word_1_71' title='bbox 1379 706 1507 775; x_wconf 88' lang='lat' dir='ltr'><strong>resultes,</strong></span> <span class='ocrx_word' id='word_1_72' title='bbox 1531 707 1616 764; x_wconf 91' lang='lat' dir='ltr'><strong>mihi·</strong></span> 
     </span>
     <span class='ocr_line' id='line_1_7' title="bbox 98 788 1613 867; baseline 0.007 -23"><span class='ocrx_word' id='word_1_73' title='bbox 98 788 209 858; x_wconf 75' lang='lat' dir='ltr'><strong>aebrayo</strong></span> <span class='ocrx_word' id='word_1_74' title='bbox 218 788 326 856; x_wconf 89' lang='lat' dir='ltr'><strong>mansit,</strong></span> <span class='ocrx_word' id='word_1_75' title='bbox 335 789 494 859; x_wconf 86' lang='lat' dir='ltr'><strong>persisterat</strong></span> <span class='ocrx_word' id='word_1_76' title='bbox 511 808 517 843; x_wconf 96' lang='lat'>:</span> <span class='ocrx_word' id='word_1_77' title='bbox 534 806 598 844; x_wconf 90' lang='lat' dir='ltr'><strong>narn</strong></span> <span class='ocrx_word' id='word_1_78' title='bbox 614 790 762 857; x_wconf 71' lang='lat' dir='ltr'><strong>atrabatis,</strong></span> <span class='ocrx_word' id='word_1_79' title='bbox 815 804 868 861; x_wconf 90' lang='lat' dir='ltr'><strong>quc</strong></span> <span class='ocrx_word' id='word_1_80' title='bbox 882 804 914 844; x_wconf 92' lang='lat' dir='ltr'><strong>os</strong></span> <span class='ocrx_word' id='word_1_81' title='bbox 928 789 998 847; x_wconf 88' lang='lat' dir='ltr'><strong>adeo</strong></span> <span class='ocrx_word' id='word_1_82' title='bbox 1012 792 1135 859; x_wconf 86' lang='lat' dir='ltr'><strong>obtures,</strong></span> <span class='ocrx_word' id='word_1_83' title='bbox 1152 800 1181 847; x_wconf 93' lang='lat' dir='ltr'><strong>ut</strong></span> <span class='ocrx_word' id='word_1_84' title='bbox 1195 792 1230 849; x_wconf 92' lang='lat' dir='ltr'><strong>de</strong></span> <span class='ocrx_word' id='word_1_85' title='bbox 1244 792 1287 849; x_wconf 90' lang='lat' dir='ltr'><strong>bis</strong></span> <span class='ocrx_word' id='word_1_86' title='bbox 1306 810 1357 866; x_wconf 90' lang='lat' dir='ltr'><strong>pro</strong></span> <span class='ocrx_word' id='word_1_87' title='bbox 1381 795 1479 867; x_wconf 87' lang='lat' dir='ltr'><strong>quibua</strong></span> <span class='ocrx_word' id='word_1_88' title='bbox 1500 796 1536 851; x_wconf 89' lang='lat' dir='ltr'><strong>ad</strong></span> <span class='ocrx_word' id='word_1_89' title='bbox 1556 812 1613 864; x_wconf 84' lang='lat' dir='ltr'><strong>me,</strong></span> 
     </span>
     <span class='ocr_line' id='line_1_8' title="bbox 98 876 1617 953; baseline 0.006 -23"><span class='ocrx_word' id='word_1_90' title='bbox 98 876 145 943; x_wconf 88' lang='lat' dir='ltr'><strong>lis,</strong></span> <span class='ocrx_word' id='word_1_91' title='bbox 161 886 188 931; x_wconf 86' lang='lat' dir='ltr'><strong>et</strong></span> <span class='ocrx_word' id='word_1_92' title='bbox 202 877 322 932; x_wconf 89' lang='lat' dir='ltr'><strong>Bononia</strong></span> <span class='ocrx_word' id='word_1_93' title='bbox 338 893 371 932; x_wconf 86' lang='lat' dir='ltr'><strong>ex</strong></span> <span class='ocrx_word' id='word_1_94' title='bbox 385 878 464 947; x_wconf 91' lang='lat' dir='ltr'><strong>cujus</strong></span> <span class='ocrx_word' id='word_1_95' title='bbox 479 879 619 935; x_wconf 90' lang='lat' dir='ltr'><strong>territorio</strong></span> <span class='ocrx_word' id='word_1_96' title='bbox 634 896 664 935; x_wconf 92' lang='lat' dir='ltr'><strong>es</strong></span> <span class='ocrx_word' id='word_1_97' title='bbox 692 879 766 935; x_wconf 89' lang='lat' dir='ltr'><strong>nati·</strong></span> <span class='ocrx_word' id='word_1_98' title='bbox 814 877 857 934; x_wconf 94' lang='lat' dir='ltr'><strong>cui</strong></span> <span class='ocrx_word' id='word_1_99' title='bbox 871 894 923 948; x_wconf 88' lang='lat' dir='ltr'><strong>per</strong></span> <span class='ocrx_word' id='word_1_100' title='bbox 936 894 1028 936; x_wconf 86' lang='lat' dir='ltr'><strong>sacros</strong></span> <span class='ocrx_word' id='word_1_101' title='bbox 1041 896 1161 937; x_wconf 87' lang='lat' dir='ltr'><strong>canones</strong></span> <span class='ocrx_word' id='word_1_102' title='bbox 1175 882 1267 939; x_wconf 88' lang='lat' dir='ltr'><strong>divino</strong></span> <span class='ocrx_word' id='word_1_103' title='bbox 1287 884 1390 953; x_wconf 90' lang='lat' dir='ltr'><strong>judicio</strong></span> <span class='ocrx_word' id='word_1_104' title='bbox 1411 885 1558 942; x_wconf 87' lang='lat' dir='ltr'><strong>commissa</strong></span> <span class='ocrx_word' id='word_1_105' title='bbox 1574 892 1617 942; x_wconf 89' lang='lat' dir='ltr'><strong>est</strong></span> 
     </span>
     <span class='ocr_line' id='line_1_9' title="bbox 97 962 1615 1041; baseline 0.005 -22"><span class='ocrx_word' id='word_1_106' title='bbox 97 965 216 1037; x_wconf 87' lang='lat' dir='ltr'><strong>iquiores</strong></span> <span class='ocrx_word' id='word_1_107' title='bbox 242 966 322 1022; x_wconf 87' lang='lat' dir='ltr'><strong>sedes</strong></span> <span class='ocrx_word' id='word_1_108' title='bbox 344 982 406 1022; x_wconf 90' lang='lat' dir='ltr'><strong>cum</strong></span> <span class='ocrx_word' id='word_1_109' title='bbox 431 967 568 1039; x_wconf 87' lang='lat' dir='ltr'><strong>episcopis</strong></span> <span class='ocrx_word' id='word_1_110' title='bbox 593 968 711 1040; x_wconf 80' lang='lat' dir='ltr'><strong>propriis</strong></span> <span class='ocrx_word' id='word_1_111' title='bbox 737 968 765 1024; x_wconf 91' lang='lat' dir='ltr'><strong>in</strong></span> <span class='ocrx_word' id='word_1_112' title='bbox 815 962 964 1032; x_wconf 73' lang='lat' dir='ltr'><strong>provincias</strong></span> <span class='ocrx_word' id='word_1_113' title='bbox 979 964 1062 1020; x_wconf 89' lang='lat' dir='ltr'><strong>totius</strong></span> <span class='ocrx_word' id='word_1_114' title='bbox 1076 965 1104 1021; x_wconf 92' lang='lat' dir='ltr'><strong>in</strong></span> <span class='ocrx_word' id='word_1_115' title='bbox 1118 982 1211 1038; x_wconf 81' lang='lat' dir='ltr'><strong>quaes</strong></span> <span class='ocrx_word' id='word_1_116' title='bbox 1224 968 1364 1024; x_wconf 89' lang='lat' dir='ltr'><strong>ordinatus</strong></span> <span class='ocrx_word' id='word_1_117' title='bbox 1378 970 1534 1041; x_wconf 87' lang='lat' dir='ltr'><strong>episcopus,</strong></span> <span class='ocrx_word' id='word_1_118' title='bbox 1556 968 1615 1026; x_wconf 86' lang='lat' dir='ltr'><strong>sol·</strong></span> 
     </span>
     <span class='ocr_line' id='line_1_10' title="bbox 99 1050 1615 1128; baseline 0.009 -26"><span class='ocrx_word' id='word_1_119' title='bbox 99 1069 128 1109; x_wconf 89' lang='lat' dir='ltr'><strong>m</strong></span> <span class='ocrx_word' id='word_1_120' title='bbox 157 1054 297 1125; x_wconf 80' lang='lat' dir='ltr'><strong>provincia</strong></span> <span class='ocrx_word' id='word_1_121' title='bbox 318 1055 482 1111; x_wconf 78' lang='lat' dir='ltr'><strong>exstiterunt</strong></span> <span class='ocrx_word' id='word_1_122' title='bbox 523 1072 604 1128; x_wconf 85' lang='lat' dir='ltr'><strong>quam</strong></span> <span class='ocrx_word' id='word_1_123' title='bbox 645 1065 765 1113; x_wconf 72' lang='lat' dir='ltr'><strong>castrum</strong></span> <span class='ocrx_word' id='word_1_124' title='bbox 814 1050 935 1117; x_wconf 82' lang='lat' dir='ltr'><strong>licitudo‚</strong></span> <span class='ocrx_word' id='word_1_125' title='bbox 951 1052 998 1124; x_wconf 85' lang='lat' dir='ltr'><strong>qui</strong></span> <span class='ocrx_word' id='word_1_126' title='bbox 1021 1054 1131 1126; x_wconf 76' lang='lat' dir='ltr'><strong>negotia</strong></span> <span class='ocrx_word' id='word_1_127' title='bbox 1139 1054 1268 1111; x_wconf 88' lang='lat' dir='ltr'><strong>videntur</strong></span> <span class='ocrx_word' id='word_1_128' title='bbox 1281 1057 1563 1126; x_wconf 79' lang='lat' dir='ltr'><strong>hebereooncurrttttt,</strong></span> <span class='ocrx_word' id='word_1_129' title='bbox 1589 1067 1615 1115; x_wconf 76' lang='lat' dir='ltr'><strong>to</strong></span> 
     </span>
     <span class='ocr_line' id='line_1_11' title="bbox 98 1140 1614 1218; baseline 0.008 -20"><span class='ocrx_word' id='word_1_130' title='bbox 98 1142 198 1198; x_wconf 88' lang='lat' dir='ltr'><strong>auduni</strong></span> <span class='ocrx_word' id='word_1_131' title='bbox 213 1144 284 1199; x_wconf 91' lang='lat' dir='ltr'><strong>inter</strong></span> <span class='ocrx_word' id='word_1_132' title='bbox 299 1145 379 1200; x_wconf 88' lang='lat' dir='ltr'><strong>sedes</strong></span> <span class='ocrx_word' id='word_1_133' title='bbox 396 1153 599 1216; x_wconf 91' lang='lat' dir='ltr'><strong>computaretur</strong></span> <span class='ocrx_word' id='word_1_134' title='bbox 611 1146 639 1200; x_wconf 95' lang='lat' dir='ltr'><strong>in</strong></span> <span class='ocrx_word' id='word_1_135' title='bbox 653 1162 708 1218; x_wconf 92' lang='lat' dir='ltr'><strong>quo</strong></span> <span class='ocrx_word' id='word_1_136' title='bbox 734 1162 765 1201; x_wconf 90' lang='lat' dir='ltr'><strong>cs</strong></span> <span class='ocrx_word' id='word_1_137' title='bbox 814 1155 869 1196; x_wconf 73' lang='lat'><strong>110⁰</strong></span> <span class='ocrx_word' id='word_1_138' title='bbox 881 1140 997 1197; x_wconf 67' lang='lat' dir='ltr'><strong>audeam</strong></span> <span class='ocrx_word' id='word_1_139' title='bbox 1011 1156 1195 1210; x_wconf 71' lang='lat' dir='ltr'><strong>commonere,</strong></span> <span class='ocrx_word' id='word_1_140' title='bbox 1220 1159 1310 1217; x_wconf 76' lang='lat' dir='ltr'><strong>neque</strong></span> <span class='ocrx_word' id='word_1_141' title='bbox 1332 1162 1495 1218; x_wconf 66' lang='lat' dir='ltr'><strong>protument</strong></span> <span class='ocrx_word' id='word_1_142' title='bbox 1518 1148 1554 1204; x_wconf 79' lang='lat' dir='ltr'><strong>de</strong></span> <span class='ocrx_word' id='word_1_143' title='bbox 1569 1148 1614 1202; x_wconf 70' lang='lat' dir='ltr'><strong>his</strong></span> 
     </span>
     <span class='ocr_line' id='line_1_12' title="bbox 98 1231 1611 1306; baseline 0.012 -30"><span class='ocrx_word' id='word_1_144' title='bbox 98 1250 102 1283; x_wconf 54' lang='grc' dir='ltr'>ι</span> <span class='ocrx_word' id='word_1_145' title='bbox 116 1232 273 1303; x_wconf 62' lang='lat' dir='ltr'><strong>episeopus,</strong></span> <span class='ocrx_word' id='word_1_146' title='bbox 814 1244 875 1301; x_wconf 79' lang='lat' dir='ltr'><strong>quse</strong></span> <span class='ocrx_word' id='word_1_147' title='bbox 889 1245 922 1284; x_wconf 85' lang='lat' dir='ltr'><strong>ex</strong></span> <span class='ocrx_word' id='word_1_148' title='bbox 936 1237 963 1285; x_wconf 94' lang='lat' dir='ltr'><strong>te</strong></span> <span class='ocrx_word' id='word_1_149' title='bbox 977 1231 1209 1302; x_wconf 78' lang='lat' dir='ltr'><strong>reprehensibiles</strong></span> <span class='ocrx_word' id='word_1_150' title='bbox 1222 1233 1257 1288; x_wconf 89' lang='lat' dir='ltr'><strong>ad</strong></span> <span class='ocrx_word' id='word_1_151' title='bbox 1271 1250 1315 1289; x_wconf 89' lang='lat' dir='ltr'><strong>me</strong></span> <span class='ocrx_word' id='word_1_152' title='bbox 1336 1236 1497 1306; x_wconf 82' lang='lat' dir='ltr'><strong>perveniunt</strong></span> <span class='ocrx_word' id='word_1_153' title='bbox 1511 1236 1611 1294; x_wconf 83' lang='lat' dir='ltr'><strong>redar-</strong></span> 
     </span>
     <span class='ocr_line' id='line_1_13' title="bbox 98 1310 1616 1395; baseline 0.012 -20"><span class='ocrx_word' id='word_1_154' title='bbox 98 1320 196 1376; x_wconf 86' lang='lat' dir='ltr'><strong>toniam</strong></span> <span class='ocrx_word' id='word_1_155' title='bbox 211 1336 229 1375; x_wconf 93' lang='lat' dir='ltr'><strong>a</strong></span> <span class='ocrx_word' id='word_1_156' title='bbox 242 1322 326 1395; x_wconf 80' lang='lat' dir='ltr'><strong>longo</strong></span> <span class='ocrx_word' id='word_1_157' title='bbox 340 1330 463 1393; x_wconf 88' lang='lat' dir='ltr'><strong>tempore</strong></span> <span class='ocrx_word' id='word_1_158' title='bbox 478 1310 561 1379; x_wconf 83' lang='lat' dir='ltr'><strong>ce&#39;rtis</strong></span> <span class='ocrx_word' id='word_1_159' title='bbox 576 1332 721 1381; x_wconf 87' lang='lat' dir='ltr'><strong>eventuum</strong></span> <span class='ocrx_word' id='word_1_160' title='bbox 732 1338 766 1380; x_wconf 90' lang='lat' dir='ltr'><strong>ac</strong></span> <span class='ocrx_word' id='word_1_161' title='bbox 814 1333 910 1391; x_wconf 60' lang='lat' dir='ltr'><strong>gueli.</strong></span> <span class='ocrx_word' id='word_1_162' title='bbox 931 1319 996 1390; x_wconf 75' lang='lat' dir='ltr'><strong>quin</strong></span> <span class='ocrx_word' id='word_1_163' title='bbox 1016 1320 1097 1376; x_wconf 64' lang='lat' dir='ltr'><strong>etiam</strong></span> <span class='ocrx_word' id='word_1_164' title='bbox 1120 1336 1172 1377; x_wconf 71' lang='lat'><strong>¹1⁸0</strong></span> <span class='ocrx_word' id='word_1_165' title='bbox 1200 1322 1254 1377; x_wconf 89' lang='lat' dir='ltr'><strong>tuis</strong></span> <span class='ocrx_word' id='word_1_166' title='bbox 1268 1322 1385 1394; x_wconf 88' lang='lat' dir='ltr'><strong>scriptis,</strong></span> <span class='ocrx_word' id='word_1_167' title='bbox 1408 1324 1452 1381; x_wconf 71' lang='lat' dir='ltr'><strong>iil</strong></span> <span class='ocrx_word' id='word_1_168' title='bbox 1472 1326 1565 1382; x_wconf 66' lang='lat' dir='ltr'><strong>lesbii</strong></span> <span class='ocrx_word' id='word_1_169' title='bbox 1587 1326 1616 1382; x_wconf 93' lang='lat' dir='ltr'><strong>in</strong></span> 
     </span>
     <span class='ocr_line' id='line_1_14' title="bbox 98 1405 1615 1488; baseline 0.005 -24"><span class='ocrx_word' id='word_1_170' title='bbox 98 1416 158 1465; x_wconf 84' lang='lat' dir='ltr'><strong>rum</strong></span> <span class='ocrx_word' id='word_1_171' title='bbox 173 1409 264 1466; x_wconf 82' lang='lat' dir='ltr'><strong>censis</strong></span> <span class='ocrx_word' id='word_1_172' title='bbox 279 1411 466 1467; x_wconf 82' lang='lat' dir='ltr'><strong>accidentibus</strong></span> <span class='ocrx_word' id='word_1_173' title='bbox 481 1412 535 1469; x_wconf 74' lang='lat' dir='ltr'><strong>itte</strong></span> <span class='ocrx_word' id='word_1_174' title='bbox 554 1413 613 1468; x_wconf 77' lang='lat' dir='ltr'><strong>stris</strong></span> <span class='ocrx_word' id='word_1_175' title='bbox 634 1414 765 1483; x_wconf 78' lang='lat' dir='ltr'><strong>subjecto</strong></span> <span class='ocrx_word' id='word_1_176' title='bbox 815 1405 908 1478; x_wconf 82' lang='lat' dir='ltr'><strong>atiquo</strong></span> <span class='ocrx_word' id='word_1_177' title='bbox 936 1408 1115 1480; x_wconf 84' lang='lat' dir='ltr'><strong>respondere,</strong></span> <span class='ocrx_word' id='word_1_178' title='bbox 1144 1417 1172 1466; x_wconf 83' lang='lat' dir='ltr'><strong>et</strong></span> <span class='ocrx_word' id='word_1_179' title='bbox 1199 1418 1227 1465; x_wconf 90' lang='lat' dir='ltr'><strong>ut</strong></span> <span class='ocrx_word' id='word_1_180' title='bbox 1242 1418 1327 1467; x_wconf 83' lang='lat' dir='ltr'><strong>totum</strong></span> <span class='ocrx_word' id='word_1_181' title='bbox 1342 1412 1420 1469; x_wconf 85' lang='lat' dir='ltr'><strong>brevi</strong></span> <span class='ocrx_word' id='word_1_182' title='bbox 1432 1415 1615 1488; x_wconf 73' lang='lat' dir='ltr'><strong>perstringam</strong></span> 
     </span>
     <span class='ocr_line' id='line_1_15' title="bbox 100 1493 1617 1574; baseline 0.012 -31"><span class='ocrx_word' id='word_1_183' title='bbox 100 1514 209 1555; x_wconf 73' lang='lat' dir='ltr'><strong>ssuum</strong></span> <span class='ocrx_word' id='word_1_184' title='bbox 226 1499 399 1572; x_wconf 76' lang='lat' dir='ltr'><strong>privilegium</strong></span> <span class='ocrx_word' id='word_1_185' title='bbox 414 1500 593 1572; x_wconf 76' lang='lat' dir='ltr'><strong>perdiderunt</strong></span> <span class='ocrx_word' id='word_1_186' title='bbox 608 1502 681 1574; x_wconf 85' lang='lat' dir='ltr'><strong>quod</strong></span> <span class='ocrx_word' id='word_1_187' title='bbox 710 1517 766 1558; x_wconf 85' lang='lat' dir='ltr'><strong>non</strong></span> <span class='ocrx_word' id='word_1_188' title='bbox 815 1493 938 1568; x_wconf 75' lang='lat' dir='ltr'><strong>cingulo,</strong></span> <span class='ocrx_word' id='word_1_189' title='bbox 955 1496 1064 1553; x_wconf 67' lang='lat' dir='ltr'><strong>timeam</strong></span> <span class='ocrx_word' id='word_1_190' title='bbox 1080 1497 1154 1570; x_wconf 83' lang='lat' dir='ltr'><strong>quod</strong></span> <span class='ocrx_word' id='word_1_191' title='bbox 1176 1499 1319 1570; x_wconf 73' lang='lat' dir='ltr'><strong>displiceat</strong></span> <span class='ocrx_word' id='word_1_192' title='bbox 1347 1501 1396 1556; x_wconf 79' lang='lat' dir='ltr'><strong>tibi</strong></span> <span class='ocrx_word' id='word_1_193' title='bbox 1424 1503 1532 1560; x_wconf 80' lang='lat' dir='ltr'><strong>mutire.</strong></span> <span class='ocrx_word' id='word_1_194' title='bbox 1562 1504 1617 1561; x_wconf 77' lang='lat' dir='ltr'><strong>sod</strong></span> 
     </span>
     <span class='ocr_line' id='line_1_16' title="bbox 98 1584 1618 1666; baseline 0.012 -35"><span class='ocrx_word' id='word_1_195' title='bbox 98 1594 135 1655; x_wconf 67' lang='lat' dir='ltr'><strong>nr,</strong></span> <span class='ocrx_word' id='word_1_196' title='bbox 151 1596 178 1643; x_wconf 68' lang='lat' dir='ltr'><strong>er</strong></span> <span class='ocrx_word' id='word_1_197' title='bbox 198 1596 317 1643; x_wconf 69' lang='lat' dir='ltr'><strong>casinum</strong></span> <span class='ocrx_word' id='word_1_198' title='bbox 341 1590 441 1644; x_wconf 72' lang='lat' dir='ltr'><strong>moniis</strong></span> <span class='ocrx_word' id='word_1_199' title='bbox 466 1591 591 1646; x_wconf 74' lang='lat' dir='ltr'><strong>Lnndnni</strong></span> <span class='ocrx_word' id='word_1_200' title='bbox 615 1591 764 1659; x_wconf 63' lang='lat' dir='ltr'><strong>convaluit,</strong></span> <span class='ocrx_word' id='word_1_201' title='bbox 816 1584 949 1653; x_wconf 88' lang='lat' dir='ltr'><strong>ejusmodi</strong></span> <span class='ocrx_word' id='word_1_202' title='bbox 962 1601 1018 1643; x_wconf 89' lang='lat' dir='ltr'><strong>non</strong></span> <span class='ocrx_word' id='word_1_203' title='bbox 1033 1602 1064 1642; x_wconf 90' lang='lat' dir='ltr'><strong>es</strong></span> <span class='ocrx_word' id='word_1_204' title='bbox 1079 1586 1218 1659; x_wconf 82' lang='lat' dir='ltr'><strong>sapientire</strong></span> <span class='ocrx_word' id='word_1_205' title='bbox 1231 1597 1258 1645; x_wconf 90' lang='lat' dir='ltr'><strong>et</strong></span> <span class='ocrx_word' id='word_1_206' title='bbox 1272 1590 1394 1647; x_wconf 76' lang='lat' dir='ltr'><strong>scicntia</strong></span> <span class='ocrx_word' id='word_1_207' title='bbox 1407 1598 1489 1665; x_wconf 89' lang='lat' dir='ltr'><strong>atque</strong></span> <span class='ocrx_word' id='word_1_208' title='bbox 1503 1592 1618 1666; x_wconf 79' lang='lat' dir='ltr'><strong>religio·</strong></span> 
     </span>
     <span class='ocr_line' id='line_1_17' title="bbox 98 1673 1618 1771; baseline 0.012 -50"><span class='ocrx_word' id='word_1_209' title='bbox 98 1676 192 1731; x_wconf 72' lang='lat' dir='ltr'><strong>indum</strong></span> <span class='ocrx_word' id='word_1_210' title='bbox 207 1676 292 1748; x_wconf 68' lang='lat' dir='ltr'><strong>leges,</strong></span> <span class='ocrx_word' id='word_1_211' title='bbox 309 1693 342 1732; x_wconf 78' lang='lat' dir='ltr'><strong>ac</strong></span> <span class='ocrx_word' id='word_1_212' title='bbox 357 1694 451 1734; x_wconf 74' lang='lat' dir='ltr'><strong>sacros</strong></span> <span class='ocrx_word' id='word_1_213' title='bbox 473 1694 593 1735; x_wconf 76' lang='lat' dir='ltr'><strong>canones</strong></span> <span class='ocrx_word' id='word_1_214' title='bbox 614 1691 694 1753; x_wconf 79' lang='lat' dir='ltr'><strong>atque</strong></span> <span class='ocrx_word' id='word_1_215' title='bbox 717 1681 800 1771; x_wconf 68' lang='lat' dir='ltr'><strong>dii-B</strong></span> <span class='ocrx_word' id='word_1_216' title='bbox 816 1673 869 1741; x_wconf 76' lang='lat' dir='ltr'><strong>nis,</strong></span> <span class='ocrx_word' id='word_1_217' title='bbox 886 1691 934 1731; x_wconf 77' lang='lat' dir='ltr'><strong>seu</strong></span> <span class='ocrx_word' id='word_1_218' title='bbox 948 1674 1002 1731; x_wconf 83' lang='lat' dir='ltr'><strong>loct</strong></span> <span class='ocrx_word' id='word_1_219' title='bbox 1017 1675 1173 1748; x_wconf 71' lang='lat' dir='ltr'><strong>episcopus,</strong></span> <span class='ocrx_word' id='word_1_220' title='bbox 1191 1686 1220 1733; x_wconf 87' lang='lat' dir='ltr'><strong>ut</strong></span> <span class='ocrx_word' id='word_1_221' title='bbox 1234 1678 1292 1735; x_wconf 77' lang='lat' dir='ltr'><strong>ttaeo</strong></span> <span class='ocrx_word' id='word_1_222' title='bbox 1307 1679 1399 1736; x_wconf 82' lang='lat' dir='ltr'><strong>valeas</strong></span> <span class='ocrx_word' id='word_1_223' title='bbox 1414 1681 1546 1738; x_wconf 77' lang='lat' dir='ltr'><strong>obtinere.</strong></span> <span class='ocrx_word' id='word_1_224' title='bbox 1564 1681 1618 1751; x_wconf 86' lang='lat' dir='ltr'><strong>Qui</strong></span> 
     </span>
     <span class='ocr_line' id='line_1_18' title="bbox 98 1763 1617 1841; baseline 0.005 -20"><span class='ocrx_word' id='word_1_225' title='bbox 98 1764 127 1821; x_wconf 88' lang='lat' dir='ltr'><strong>is</strong></span> <span class='ocrx_word' id='word_1_226' title='bbox 142 1766 269 1822; x_wconf 78' lang='lat' dir='ltr'><strong>Romana</strong></span> <span class='ocrx_word' id='word_1_227' title='bbox 285 1766 444 1837; x_wconf 89' lang='lat' dir='ltr'><strong>pontilicum</strong></span> <span class='ocrx_word' id='word_1_228' title='bbox 458 1783 509 1839; x_wconf 90' lang='lat' dir='ltr'><strong>pro</strong></span> <span class='ocrx_word' id='word_1_229' title='bbox 523 1768 704 1841; x_wconf 77' lang='lat' dir='ltr'><strong>idappeiiane‚</strong></span> <span class='ocrx_word' id='word_1_230' title='bbox 720 1772 765 1827; x_wconf 72' lang='lat' dir='ltr'><strong>id.</strong></span> <span class='ocrx_word' id='word_1_231' title='bbox 816 1763 840 1817; x_wconf 88' lang='lat' dir='ltr'><strong>si</strong></span> <span class='ocrx_word' id='word_1_232' title='bbox 855 1764 990 1821; x_wconf 86' lang='lat' dir='ltr'><strong>veraciter</strong></span> <span class='ocrx_word' id='word_1_233' title='bbox 1000 1765 1108 1836; x_wconf 91' lang='lat' dir='ltr'><strong>sapiens</strong></span> <span class='ocrx_word' id='word_1_234' title='bbox 1123 1773 1150 1822; x_wconf 89' lang='lat' dir='ltr'><strong>et</strong></span> <span class='ocrx_word' id='word_1_235' title='bbox 1165 1766 1312 1841; x_wconf 81' lang='lat' dir='ltr'><strong>religiosus</strong></span> <span class='ocrx_word' id='word_1_236' title='bbox 1321 1768 1406 1838; x_wconf 86' lang='lat' dir='ltr'><strong>iores,</strong></span> <span class='ocrx_word' id='word_1_237' title='bbox 1417 1770 1482 1826; x_wconf 84' lang='lat' dir='ltr'><strong>talia</strong></span> <span class='ocrx_word' id='word_1_238' title='bbox 1492 1772 1617 1829; x_wconf 90' lang='lat' dir='ltr'><strong>obtinere</strong></span> 
     </span>
     <span class='ocr_line' id='line_1_19' title="bbox 98 1853 1618 1929; baseline 0.007 -20"><span class='ocrx_word' id='word_1_239' title='bbox 98 1854 166 1927; x_wconf 57' lang='lat' dir='ltr'><strong>mari</strong></span> <span class='ocrx_word' id='word_1_240' title='bbox 182 1853 307 1910; x_wconf 85' lang='lat' dir='ltr'><strong>nonlicet</strong></span> <span class='ocrx_word' id='word_1_241' title='bbox 324 1857 397 1927; x_wconf 92' lang='lat' dir='ltr'><strong>quod</strong></span> <span class='ocrx_word' id='word_1_242' title='bbox 413 1856 505 1928; x_wconf 80' lang='lat' dir='ltr'><strong>legum</strong></span> <span class='ocrx_word' id='word_1_243' title='bbox 520 1866 627 1929; x_wconf 89' lang='lat' dir='ltr'><strong>tempus</strong></span> <span class='ocrx_word' id='word_1_244' title='bbox 637 1860 765 1915; x_wconf 80' lang='lat' dir='ltr'><strong>excludit.</strong></span> <span class='ocrx_word' id='word_1_245' title='bbox 816 1868 870 1908; x_wconf 90' lang='lat' dir='ltr'><strong>non</strong></span> <span class='ocrx_word' id='word_1_246' title='bbox 884 1859 1031 1909; x_wconf 89' lang='lat' dir='ltr'><strong>attentares</strong></span> <span class='ocrx_word' id='word_1_247' title='bbox 1048 1861 1096 1909; x_wconf 90' lang='lat' dir='ltr'><strong>:et</strong></span> <span class='ocrx_word' id='word_1_248' title='bbox 1112 1854 1241 1926; x_wconf 90' lang='lat' dir='ltr'><strong>quoniam</strong></span> <span class='ocrx_word' id='word_1_249' title='bbox 1256 1856 1378 1926; x_wconf 89' lang='lat' dir='ltr'><strong>veritate,</strong></span> <span class='ocrx_word' id='word_1_250' title='bbox 1395 1859 1512 1927; x_wconf 89' lang='lat' dir='ltr'><strong>ratione,</strong></span> <span class='ocrx_word' id='word_1_251' title='bbox 1529 1868 1557 1917; x_wconf 86' lang='lat' dir='ltr'><strong>et</strong></span> <span class='ocrx_word' id='word_1_252' title='bbox 1571 1876 1618 1919; x_wconf 82' lang='lat' dir='ltr'><strong>aa·</strong></span> 
     </span>
     <span class='ocr_line' id='line_1_20' title="bbox 98 1941 1619 2018; baseline 0.007 -21"><span class='ocrx_word' id='word_1_253' title='bbox 98 1942 126 1997; x_wconf 83' lang='lat' dir='ltr'><strong>is</strong></span> <span class='ocrx_word' id='word_1_254' title='bbox 140 1943 276 2016; x_wconf 90' lang='lat' dir='ltr'><strong>siquidem</strong></span> <span class='ocrx_word' id='word_1_255' title='bbox 289 1944 412 2000; x_wconf 77' lang='lat' dir='ltr'><strong>ecelesia</strong></span> <span class='ocrx_word' id='word_1_256' title='bbox 422 1945 553 2016; x_wconf 90' lang='lat' dir='ltr'><strong>episcopii</strong></span> <span class='ocrx_word' id='word_1_257' title='bbox 567 1947 765 2016; x_wconf 87' lang='lat' dir='ltr'><strong>Lavrduncnsis,</strong></span> <span class='ocrx_word' id='word_1_258' title='bbox 816 1941 941 1997; x_wconf 90' lang='lat' dir='ltr'><strong>ctoritate</strong></span> <span class='ocrx_word' id='word_1_259' title='bbox 954 1957 1010 1998; x_wconf 91' lang='lat' dir='ltr'><strong>non</strong></span> <span class='ocrx_word' id='word_1_260' title='bbox 1024 1951 1112 2014; x_wconf 90' lang='lat' dir='ltr'><strong>potes,</strong></span> <span class='ocrx_word' id='word_1_261' title='bbox 1129 1943 1261 2011; x_wconf 84' lang='lat' dir='ltr'><strong>anxiaris,</strong></span> <span class='ocrx_word' id='word_1_262' title='bbox 1277 1954 1387 2013; x_wconf 82' lang='lat' dir='ltr'><strong>oestuas,</strong></span> <span class='ocrx_word' id='word_1_263' title='bbox 1404 1954 1432 2005; x_wconf 87' lang='lat' dir='ltr'><strong>et</strong></span> <span class='ocrx_word' id='word_1_264' title='bbox 1446 1948 1570 2018; x_wconf 89' lang='lat' dir='ltr'><strong>anhelas,</strong></span> <span class='ocrx_word' id='word_1_265' title='bbox 1587 1957 1619 2007; x_wconf 87' lang='lat' dir='ltr'><strong>ut</strong></span> 
     </span>
     <span class='ocr_line' id='line_1_21' title="bbox 98 2030 1609 2111; baseline 0.01 -33"><span class='ocrx_word' id='word_1_266' title='bbox 98 2048 181 2087; x_wconf 69' lang='lat' dir='ltr'><strong>¹vero</strong></span> <span class='ocrx_word' id='word_1_267' title='bbox 197 2049 265 2088; x_wconf 76' lang='lat' dir='ltr'><strong>meae</strong></span> <span class='ocrx_word' id='word_1_268' title='bbox 280 2033 307 2087; x_wconf 88' lang='lat' dir='ltr'><strong>in</strong></span> <span class='ocrx_word' id='word_1_269' title='bbox 335 2036 475 2091; x_wconf 71' lang='lat' dir='ltr'><strong>Antenaeo</strong></span> <span class='ocrx_word' id='word_1_270' title='bbox 504 2051 537 2090; x_wconf 80' lang='lat' dir='ltr'><strong>ex</strong></span> <span class='ocrx_word' id='word_1_271' title='bbox 564 2036 669 2092; x_wconf 82' lang='lat' dir='ltr'><strong>domini</strong></span> <span class='ocrx_word' id='word_1_272' title='bbox 691 2040 766 2111; x_wconf 76' lang='lat' dir='ltr'><strong>regis</strong></span> <span class='ocrx_word' id='word_1_273' title='bbox 815 2030 1009 2102; x_wconf 77' lang='lat' dir='ltr'><strong>quoquomodo</strong></span> <span class='ocrx_word' id='word_1_274' title='bbox 1023 2039 1049 2086; x_wconf 84' lang='lat' dir='ltr'><strong>ot</strong></span> <span class='ocrx_word' id='word_1_275' title='bbox 1063 2048 1114 2103; x_wconf 79' lang='lat' dir='ltr'><strong>per</strong></span> <span class='ocrx_word' id='word_1_276' title='bbox 1128 2033 1297 2100; x_wconf 66' lang='lat' dir='ltr'><strong>verisimilia,</strong></span> <span class='ocrx_word' id='word_1_277' title='bbox 1315 2035 1430 2108; x_wconf 69' lang='lat' dir='ltr'><strong>etquoot</strong></span> <span class='ocrx_word' id='word_1_278' title='bbox 1444 2037 1609 2106; x_wconf 65' lang='lat' dir='ltr'><strong>auctoritati,</strong></span> 
     </span>
     <span class='ocr_line' id='line_1_22' title="bbox 98 2118 1614 2200; baseline 0.015 -37"><span class='ocrx_word' id='word_1_279' title='bbox 98 2118 174 2177; x_wconf 59' lang='lat' dir='ltr'><strong>imin</strong></span> <span class='ocrx_word' id='word_1_280' title='bbox 187 2122 352 2178; x_wconf 64' lang='lat' dir='ltr'><strong>ordinatim}</strong></span> <span class='ocrx_word' id='word_1_281' title='bbox 366 2139 435 2179; x_wconf 73' lang='lat' dir='ltr'><strong>meae</strong></span> <span class='ocrx_word' id='word_1_282' title='bbox 451 2125 616 2193; x_wconf 75' lang='lat' dir='ltr'><strong>commtSSae,</strong></span> <span class='ocrx_word' id='word_1_283' title='bbox 641 2142 696 2182; x_wconf 77' lang='lat' dir='ltr'><strong>non</strong></span> <span class='ocrx_word' id='word_1_284' title='bbox 721 2143 766 2183; x_wconf 76' lang='lat'><strong>50.</strong></span> <span class='ocrx_word' id='word_1_285' title='bbox 815 2126 842 2173; x_wconf 75' lang='lat' dir='ltr'><strong>ot</strong></span> <span class='ocrx_word' id='word_1_286' title='bbox 856 2119 953 2175; x_wconf 68' lang='lat' dir='ltr'><strong>rationi</strong></span> <span class='ocrx_word' id='word_1_287' title='bbox 966 2120 1156 2177; x_wconf 60' lang='lat' dir='ltr'><strong>convenienti&amp;</strong></span> <span class='ocrx_word' id='word_1_288' title='bbox 1170 2122 1237 2177; x_wconf 81' lang='lat' dir='ltr'><strong>mtht</strong></span> <span class='ocrx_word' id='word_1_289' title='bbox 1251 2123 1343 2195; x_wconf 71' lang='lat' dir='ltr'><strong>posstss</strong></span> <span class='ocrx_word' id='word_1_290' title='bbox 1358 2124 1499 2193; x_wconf 67' lang='lat' dir='ltr'><strong>lootstore,</strong></span> <span class='ocrx_word' id='word_1_291' title='bbox 1515 2142 1614 2200; x_wconf 73' lang='lat' dir='ltr'><strong>meque</strong></span> 
     </span>
     <span class='ocr_line' id='line_1_23' title="bbox 111 2208 1615 2286; baseline 0.007 -23"><span class='ocrx_word' id='word_1_292' title='bbox 111 2217 141 2266; x_wconf 90' lang='lat' dir='ltr'><strong>et</strong></span> <span class='ocrx_word' id='word_1_293' title='bbox 155 2210 318 2282; x_wconf 81' lang='lat' dir='ltr'><strong>presbytero</strong></span> <span class='ocrx_word' id='word_1_294' title='bbox 342 2212 386 2267; x_wconf 92' lang='lat' dir='ltr'><strong>cui</strong></span> <span class='ocrx_word' id='word_1_295' title='bbox 410 2228 471 2267; x_wconf 87' lang='lat' dir='ltr'><strong>eam</strong></span> <span class='ocrx_word' id='word_1_296' title='bbox 490 2214 526 2268; x_wconf 89' lang='lat' dir='ltr'><strong>ad</strong></span> <span class='ocrx_word' id='word_1_297' title='bbox 549 2213 765 2286; x_wconf 86' lang='lat' dir='ltr'><strong>dispensandum</strong></span> <span class='ocrx_word' id='word_1_298' title='bbox 815 2208 905 2279; x_wconf 86' lang='lat' dir='ltr'><strong>possis</strong></span> <span class='ocrx_word' id='word_1_299' title='bbox 919 2209 1102 2280; x_wconf 87' lang='lat' dir='ltr'><strong>comprimere</strong></span> <span class='ocrx_word' id='word_1_300' title='bbox 1116 2220 1200 2282; x_wconf 89' lang='lat' dir='ltr'><strong>atque</strong></span> <span class='ocrx_word' id='word_1_301' title='bbox 1213 2211 1365 2269; x_wconf 79' lang='lat' dir='ltr'><strong>revincere.</strong></span> <span class='ocrx_word' id='word_1_302' title='bbox 1390 2214 1467 2270; x_wconf 89' lang='lat' dir='ltr'><strong>Unde</strong></span> <span class='ocrx_word' id='word_1_303' title='bbox 1489 2222 1515 2271; x_wconf 90' lang='lat' dir='ltr'><strong>et</strong></span> <span class='ocrx_word' id='word_1_304' title='bbox 1539 2224 1615 2274; x_wconf 90' lang='lat' dir='ltr'><strong>recte</strong></span> 
     </span>
     <span class='ocr_line' id='line_1_24' title="bbox 97 2295 1617 2377; baseline 0.01 -30"><span class='ocrx_word' id='word_1_305' title='bbox 97 2298 167 2367; x_wconf 74' lang='lat' dir='ltr'><strong>invi,</strong></span> <span class='ocrx_word' id='word_1_306' title='bbox 184 2316 280 2355; x_wconf 72' lang='lat' dir='ltr'><strong>rernm</strong></span> <span class='ocrx_word' id='word_1_307' title='bbox 295 2307 322 2355; x_wconf 76' lang='lat' dir='ltr'><strong>et</strong></span> <span class='ocrx_word' id='word_1_308' title='bbox 335 2300 435 2356; x_wconf 83' lang='lat' dir='ltr'><strong>domno</strong></span> <span class='ocrx_word' id='word_1_309' title='bbox 451 2302 509 2375; x_wconf 75' lang='lat' dir='ltr'><strong>regi</strong></span> <span class='ocrx_word' id='word_1_310' title='bbox 525 2312 621 2359; x_wconf 67' lang='lat' dir='ltr'><strong>eontra</strong></span> <span class='ocrx_word' id='word_1_311' title='bbox 633 2304 711 2377; x_wconf 72' lang='lat' dir='ltr'><strong>ingen</strong></span> <span class='ocrx_word' id='word_1_312' title='bbox 738 2311 766 2361; x_wconf 68' lang='lat' dir='ltr'><strong>et</strong></span> <span class='ocrx_word' id='word_1_313' title='bbox 815 2295 886 2352; x_wconf 88' lang='lat' dir='ltr'><strong>dicta</strong></span> <span class='ocrx_word' id='word_1_314' title='bbox 901 2297 996 2354; x_wconf 89' lang='lat' dir='ltr'><strong>studes</strong></span> <span class='ocrx_word' id='word_1_315' title='bbox 1009 2313 1094 2369; x_wconf 90' lang='lat' dir='ltr'><strong>prave</strong></span> <span class='ocrx_word' id='word_1_316' title='bbox 1106 2299 1143 2354; x_wconf 89' lang='lat' dir='ltr'><strong>ad</strong></span> <span class='ocrx_word' id='word_1_317' title='bbox 1157 2315 1268 2356; x_wconf 88' lang='lat' dir='ltr'><strong>sensum</strong></span> <span class='ocrx_word' id='word_1_318' title='bbox 1283 2310 1358 2359; x_wconf 90' lang='lat' dir='ltr'><strong>tuum</strong></span> <span class='ocrx_word' id='word_1_319' title='bbox 1371 2302 1520 2372; x_wconf 90' lang='lat' dir='ltr'><strong>intlectere,</strong></span> <span class='ocrx_word' id='word_1_320' title='bbox 1537 2314 1564 2361; x_wconf 91' lang='lat' dir='ltr'><strong>et</strong></span> <span class='ocrx_word' id='word_1_321' title='bbox 1581 2320 1617 2363; x_wconf 88' lang='lat' dir='ltr'><strong>ea</strong></span> 
     </span>
     <span class='ocr_line' id='line_1_25' title="bbox 98 2390 1615 2466; baseline 0.005 -24"><span class='ocrx_word' id='word_1_322' title='bbox 98 2394 147 2443; x_wconf 89' lang='lat' dir='ltr'><strong>tuo</strong></span> <span class='ocrx_word' id='word_1_323' title='bbox 160 2394 295 2459; x_wconf 88' lang='lat' dir='ltr'><strong>ternpore,</strong></span> <span class='ocrx_word' id='word_1_324' title='bbox 316 2390 389 2461; x_wconf 90' lang='lat' dir='ltr'><strong>quod</strong></span> <span class='ocrx_word' id='word_1_325' title='bbox 404 2399 467 2445; x_wconf 90' lang='lat' dir='ltr'><strong>ante</strong></span> <span class='ocrx_word' id='word_1_326' title='bbox 486 2400 574 2446; x_wconf 86' lang='lat' dir='ltr'><strong>aetum</strong></span> <span class='ocrx_word' id='word_1_327' title='bbox 598 2408 652 2447; x_wconf 89' lang='lat' dir='ltr'><strong>non</strong></span> <span class='ocrx_word' id='word_1_328' title='bbox 675 2393 766 2448; x_wconf 77' lang='lat' dir='ltr'><strong>fuerat</strong></span> <span class='ocrx_word' id='word_1_329' title='bbox 814 2400 894 2441; x_wconf 83' lang='lat' dir='ltr'><strong>asuo</strong></span> <span class='ocrx_word' id='word_1_330' title='bbox 910 2401 993 2441; x_wconf 88' lang='lat' dir='ltr'><strong>sensu</strong></span> <span class='ocrx_word' id='word_1_331' title='bbox 1008 2395 1139 2458; x_wconf 88' lang='lat' dir='ltr'><strong>quantum</strong></span> <span class='ocrx_word' id='word_1_332' title='bbox 1154 2404 1188 2444; x_wconf 84' lang='lat' dir='ltr'><strong>ex</strong></span> <span class='ocrx_word' id='word_1_333' title='bbox 1202 2396 1229 2445; x_wconf 94' lang='lat' dir='ltr'><strong>te</strong></span> <span class='ocrx_word' id='word_1_334' title='bbox 1243 2398 1284 2446; x_wconf 86' lang='lat' dir='ltr'><strong>est</strong></span> <span class='ocrx_word' id='word_1_335' title='bbox 1298 2391 1376 2465; x_wconf 78' lang='lat' dir='ltr'><strong>cogis</strong></span> <span class='ocrx_word' id='word_1_336' title='bbox 1389 2392 1570 2466; x_wconf 75' lang='lat' dir='ltr'><strong>peregrinari.</strong></span> <span class='ocrx_word' id='word_1_337' title='bbox 1581 2394 1615 2451; x_wconf 83' lang='lat' dir='ltr'><strong>Et</strong></span> 
     </span>
     <span class='ocr_line' id='line_1_26' title="bbox 103 2474 1616 2550; baseline 0.01 -25"><span class='ocrx_word' id='word_1_338' title='bbox 103 2477 293 2548; x_wconf 64' lang='lat' dir='ltr'><strong>praejudicium</strong></span> <span class='ocrx_word' id='word_1_339' title='bbox 316 2485 357 2533; x_wconf 82' lang='lat' dir='ltr'><strong>est</strong></span> <span class='ocrx_word' id='word_1_340' title='bbox 378 2495 393 2532; x_wconf 85' lang='lat' dir='ltr'><strong>n</strong></span> <span class='ocrx_word' id='word_1_341' title='bbox 416 2479 547 2535; x_wconf 73' lang='lat' dir='ltr'><strong>ministris</strong></span> <span class='ocrx_word' id='word_1_342' title='bbox 575 2480 629 2535; x_wconf 80' lang='lat' dir='ltr'><strong>inis</strong></span> <span class='ocrx_word' id='word_1_343' title='bbox 647 2480 763 2550; x_wconf 77' lang='lat' dir='ltr'><strong>iunium,</strong></span> <span class='ocrx_word' id='word_1_344' title='bbox 814 2474 867 2530; x_wconf 92' lang='lat' dir='ltr'><strong>boc</strong></span> <span class='ocrx_word' id='word_1_345' title='bbox 881 2475 1066 2546; x_wconf 88' lang='lat' dir='ltr'><strong>perniciosum</strong></span> <span class='ocrx_word' id='word_1_346' title='bbox 1079 2486 1217 2535; x_wconf 89' lang='lat' dir='ltr'><strong>certamen</strong></span> <span class='ocrx_word' id='word_1_347' title='bbox 1231 2479 1290 2536; x_wconf 88' lang='lat' dir='ltr'><strong>sine</strong></span> <span class='ocrx_word' id='word_1_348' title='bbox 1304 2480 1361 2537; x_wconf 86' lang='lat' dir='ltr'><strong>nlla</strong></span> <span class='ocrx_word' id='word_1_349' title='bbox 1374 2482 1537 2539; x_wconf 81' lang='lat' dir='ltr'><strong>necessitate</strong></span> <span class='ocrx_word' id='word_1_350' title='bbox 1553 2498 1616 2540; x_wconf 87' lang='lat' dir='ltr'><strong>con·</strong></span> 
     </span>
     <span class='ocr_line' id='line_1_27' title="bbox 97 2565 1615 2644; baseline 0.006 -25"><span class='ocrx_word' id='word_1_351' title='bbox 97 2573 166 2637; x_wconf 72' lang='lat' dir='ltr'><strong>apter</strong></span> <span class='ocrx_word' id='word_1_352' title='bbox 179 2565 255 2637; x_wconf 89' lang='lat' dir='ltr'><strong>pacis</strong></span> <span class='ocrx_word' id='word_1_353' title='bbox 270 2566 466 2639; x_wconf 85' lang='lat' dir='ltr'><strong>charitatisque</strong></span> <span class='ocrx_word' id='word_1_354' title='bbox 489 2569 641 2624; x_wconf 91' lang='lat' dir='ltr'><strong>custodiam</strong></span> <span class='ocrx_word' id='word_1_355' title='bbox 672 2571 765 2627; x_wconf 87' lang='lat' dir='ltr'><strong>lracte-</strong></span> <span class='ocrx_word' id='word_1_356' title='bbox 814 2571 856 2619; x_wconf 71' lang='lat' dir='ltr'><strong>tre</strong></span> <span class='ocrx_word' id='word_1_357' title='bbox 869 2579 913 2619; x_wconf 87' lang='lat' dir='ltr'><strong>mc</strong></span> <span class='ocrx_word' id='word_1_358' title='bbox 927 2565 1109 2638; x_wconf 86' lang='lat' dir='ltr'><strong>assumpsisti,</strong></span> <span class='ocrx_word' id='word_1_359' title='bbox 1126 2575 1153 2623; x_wconf 92' lang='lat' dir='ltr'><strong>et</strong></span> <span class='ocrx_word' id='word_1_360' title='bbox 1167 2567 1413 2625; x_wconf 89' lang='lat' dir='ltr'><strong>sineullautilitate</strong></span> <span class='ocrx_word' id='word_1_361' title='bbox 1427 2570 1615 2644; x_wconf 75' lang='lat' dir='ltr'><strong>ineosatagis</strong></span> 
     </span>
     <span class='ocr_line' id='line_1_28' title="bbox 99 2650 1614 2732; baseline 0.005 -23"><span class='ocrx_word' id='word_1_362' title='bbox 99 2662 163 2710; x_wconf 85' lang='lat' dir='ltr'><strong>nter</strong></span> <span class='ocrx_word' id='word_1_363' title='bbox 178 2655 293 2710; x_wconf 90' lang='lat' dir='ltr'><strong>sustinui</strong></span> <span class='ocrx_word' id='word_1_364' title='bbox 311 2673 317 2709; x_wconf 91' lang='lat'>:</span> <span class='ocrx_word' id='word_1_365' title='bbox 334 2656 406 2711; x_wconf 93' lang='lat' dir='ltr'><strong>unde</strong></span> <span class='ocrx_word' id='word_1_366' title='bbox 421 2665 500 2727; x_wconf 89' lang='lat' dir='ltr'><strong>potes</strong></span> <span class='ocrx_word' id='word_1_367' title='bbox 524 2657 668 2714; x_wconf 89' lang='lat' dir='ltr'><strong>advertere</strong></span> <span class='ocrx_word' id='word_1_368' title='bbox 701 2658 764 2732; x_wconf 89' lang='lat' dir='ltr'><strong>quia</strong></span> <span class='ocrx_word' id='word_1_369' title='bbox 813 2650 952 2723; x_wconf 90' lang='lat' dir='ltr'><strong>laborare,</strong></span> <span class='ocrx_word' id='word_1_370' title='bbox 973 2669 1036 2710; x_wconf 90' lang='lat' dir='ltr'><strong>cum</strong></span> <span class='ocrx_word' id='word_1_371' title='bbox 1049 2654 1117 2709; x_wconf 91' lang='lat' dir='ltr'><strong>nihil</strong></span> <span class='ocrx_word' id='word_1_372' title='bbox 1131 2656 1204 2711; x_wconf 90' lang='lat' dir='ltr'><strong>aliud</strong></span> <span class='ocrx_word' id='word_1_373' title='bbox 1230 2673 1246 2711; x_wconf 90' lang='lat' dir='ltr'><strong>a</strong></span> <span class='ocrx_word' id='word_1_374' title='bbox 1271 2666 1297 2713; x_wconf 86' lang='lat' dir='ltr'><strong>te</strong></span> <span class='ocrx_word' id='word_1_375' title='bbox 1325 2658 1475 2731; x_wconf 86' lang='lat' dir='ltr'><strong>requiram,</strong></span> <span class='ocrx_word' id='word_1_376' title='bbox 1503 2660 1556 2717; x_wconf 90' lang='lat' dir='ltr'><strong>nisi</strong></span> <span class='ocrx_word' id='word_1_377' title='bbox 1585 2668 1614 2717; x_wconf 91' lang='lat' dir='ltr'><strong>ut</strong></span> 
     </span>
     <span class='ocr_line' id='line_1_29' title="bbox 97 2741 1614 2819; baseline 0.005 -19"><span class='ocrx_word' id='word_1_378' title='bbox 97 2742 241 2815; x_wconf 85' lang='lat' dir='ltr'><strong>lacapella</strong></span> <span class='ocrx_word' id='word_1_379' title='bbox 258 2744 393 2813; x_wconf 88' lang='lat' dir='ltr'><strong>justitiam</strong></span> <span class='ocrx_word' id='word_1_380' title='bbox 417 2761 472 2801; x_wconf 91' lang='lat' dir='ltr'><strong>non</strong></span> <span class='ocrx_word' id='word_1_381' title='bbox 492 2762 634 2819; x_wconf 78' lang='lat' dir='ltr'><strong>negarem,</strong></span> <span class='ocrx_word' id='word_1_382' title='bbox 658 2747 682 2802; x_wconf 89' lang='lat' dir='ltr'><strong>si</strong></span> <span class='ocrx_word' id='word_1_383' title='bbox 705 2748 764 2819; x_wconf 87' lang='lat' dir='ltr'><strong>ipsa</strong></span> <span class='ocrx_word' id='word_1_384' title='bbox 814 2741 946 2813; x_wconf 87' lang='lat' dir='ltr'><strong>scriptum</strong></span> <span class='ocrx_word' id='word_1_385' title='bbox 960 2750 1003 2797; x_wconf 87' lang='lat' dir='ltr'><strong>est</strong></span> <span class='ocrx_word' id='word_1_386' title='bbox 1015 2744 1109 2815; x_wconf 80' lang='lat' dir='ltr'><strong>(beet.</strong></span> <span class='ocrx_word' id='word_1_387' title='bbox 1126 2746 1209 2815; x_wconf 83' lang='lat' dir='ltr'><strong>xxvi)</strong></span> <span class='ocrx_word' id='word_1_388' title='bbox 1226 2747 1352 2803; x_wconf 73' lang='lat' dir='ltr'><strong>:timeor</strong></span> <span class='ocrx_word' id='word_1_389' title='bbox 1363 2750 1614 2808; x_wconf 77' lang='lat' dir='ltr'><strong>omnicreatorem</strong></span> 
     </span>
     <span class='ocr_line' id='line_1_30' title="bbox 97 2832 1615 2911; baseline 0.005 -24"><span class='ocrx_word' id='word_1_390' title='bbox 97 2832 149 2887; x_wconf 86' lang='lat' dir='ltr'><strong>tuis</strong></span> <span class='ocrx_word' id='word_1_391' title='bbox 174 2833 245 2888; x_wconf 88' lang='lat' dir='ltr'><strong>votis</strong></span> <span class='ocrx_word' id='word_1_392' title='bbox 273 2843 459 2890; x_wconf 88' lang='lat' dir='ltr'><strong>concurrerat.</strong></span> <span class='ocrx_word' id='word_1_393' title='bbox 485 2836 640 2907; x_wconf 87' lang='lat' dir='ltr'><strong>Propterea,</strong></span> <span class='ocrx_word' id='word_1_394' title='bbox 666 2835 762 2904; x_wconf 85' lang='lat' dir='ltr'><strong>irater,</strong></span> <span class='ocrx_word' id='word_1_395' title='bbox 814 2832 896 2886; x_wconf 67' lang='lat' dir='ltr'><strong>titum</strong></span> <span class='ocrx_word' id='word_1_396' title='bbox 911 2846 948 2887; x_wconf 65' lang='lat' dir='ltr'><strong>dx</strong></span> <span class='ocrx_word' id='word_1_397' title='bbox 965 2835 1021 2888; x_wconf 65' lang='lat'><strong>²0²0</strong></span> <span class='ocrx_word' id='word_1_398' title='bbox 1035 2833 1118 2889; x_wconf 67' lang='lat' dir='ltr'><strong>Cordi</strong></span> <span class='ocrx_word' id='word_1_399' title='bbox 1134 2836 1192 2904; x_wconf 67' lang='lat' dir='ltr'><strong>tiit),</strong></span> <span class='ocrx_word' id='word_1_400' title='bbox 1209 2838 1237 2891; x_wconf 65' lang='lat' dir='ltr'><strong>et</strong></span> <span class='ocrx_word' id='word_1_401' title='bbox 1252 2836 1362 2892; x_wconf 68' lang='lat' dir='ltr'><strong>obediat</strong></span> <span class='ocrx_word' id='word_1_402' title='bbox 1376 2840 1615 2911; x_wconf 79' lang='lat' dir='ltr'><strong>ejsstmperto:et</strong></span> 
     </span>
     <span class='ocr_line' id='line_1_31' title="bbox 97 2918 1613 2994; baseline 0.007 -18"><span class='ocrx_word' id='word_1_403' title='bbox 97 2920 152 2977; x_wconf 88' lang='lat' dir='ltr'><strong>mei</strong></span> <span class='ocrx_word' id='word_1_404' title='bbox 166 2920 256 2977; x_wconf 89' lang='lat' dir='ltr'><strong>officio</strong></span> <span class='ocrx_word' id='word_1_405' title='bbox 271 2922 305 2976; x_wconf 91' lang='lat' dir='ltr'><strong>de</strong></span> <span class='ocrx_word' id='word_1_406' title='bbox 318 2922 430 2993; x_wconf 71' lang='lat' dir='ltr'><strong>praelata</strong></span> <span class='ocrx_word' id='word_1_407' title='bbox 450 2924 567 2981; x_wconf 88' lang='lat' dir='ltr'><strong>ecclesia</strong></span> <span class='ocrx_word' id='word_1_408' title='bbox 589 2925 665 2994; x_wconf 84' lang='lat' dir='ltr'><strong>juxta</strong></span> <span class='ocrx_word' id='word_1_409' title='bbox 693 2925 763 2981; x_wconf 87' lang='lat' dir='ltr'><strong>anti·</strong></span> <span class='ocrx_word' id='word_1_410' title='bbox 813 2918 883 2975; x_wconf 90' lang='lat' dir='ltr'><strong>sicut</strong></span> <span class='ocrx_word' id='word_1_411' title='bbox 908 2919 1063 2992; x_wconf 88' lang='lat' dir='ltr'><strong>episeopus,</strong></span> <span class='ocrx_word' id='word_1_412' title='bbox 1094 2922 1168 2994; x_wconf 90' lang='lat' dir='ltr'><strong>quod</strong></span> <span class='ocrx_word' id='word_1_413' title='bbox 1192 2924 1267 2979; x_wconf 91' lang='lat' dir='ltr'><strong>omni</strong></span> <span class='ocrx_word' id='word_1_414' title='bbox 1284 2926 1412 2983; x_wconf 88' lang='lat' dir='ltr'><strong>convenit</strong></span> <span class='ocrx_word' id='word_1_415' title='bbox 1433 2926 1613 2986; x_wconf 81' lang='lat' dir='ltr'><strong>Christiano:</strong></span> 
     </span>
     <span class='ocr_line' id='line_1_32' title="bbox 97 3009 1616 3089; baseline 0.006 -24"><span class='ocrx_word' id='word_1_416' title='bbox 97 3010 291 3078; x_wconf 87' lang='lat' dir='ltr'><strong>nsuetudinam,</strong></span> <span class='ocrx_word' id='word_1_417' title='bbox 307 3014 421 3078; x_wconf 89' lang='lat' dir='ltr'><strong>ratione,</strong></span> <span class='ocrx_word' id='word_1_418' title='bbox 436 3014 547 3069; x_wconf 88' lang='lat' dir='ltr'><strong>veritate</strong></span> <span class='ocrx_word' id='word_1_419' title='bbox 569 3022 647 3087; x_wconf 87' lang='lat' dir='ltr'><strong>atque</strong></span> <span class='ocrx_word' id='word_1_420' title='bbox 667 3024 763 3071; x_wconf 84' lang='lat' dir='ltr'><strong>aucto-</strong></span> <span class='ocrx_word' id='word_1_421' title='bbox 813 3009 916 3065; x_wconf 75' lang='lat' dir='ltr'><strong>Pacem</strong></span> <span class='ocrx_word' id='word_1_422' title='bbox 930 3012 1057 3083; x_wconf 68' lang='lat' dir='ltr'><strong>sequaris</strong></span> <span class='ocrx_word' id='word_1_423' title='bbox 1072 3013 1332 3071; x_wconf 77' lang='lat' dir='ltr'><strong>ettenclimonlem</strong></span> <span class='ocrx_word' id='word_1_424' title='bbox 1345 3015 1409 3072; x_wconf 79' lang='lat' dir='ltr'><strong>sinc</strong></span> <span class='ocrx_word' id='word_1_425' title='bbox 1421 3032 1477 3089; x_wconf 83' lang='lat' dir='ltr'><strong>qao</strong></span> <span class='ocrx_word' id='word_1_426' title='bbox 1485 3019 1616 3076; x_wconf 74' lang='lat' dir='ltr'><strong>maroci-</strong></span> 
     </span>
     <span class='ocr_line' id='line_1_33' title="bbox 97 3070 1617 3176; baseline 0.007 -22"><span class='ocrx_word' id='word_1_427' title='bbox 97 3099 207 3170; x_wconf 82' lang='lat' dir='ltr'><strong>tniram,</strong></span> <span class='ocrx_word' id='word_1_428' title='bbox 224 3108 251 3155; x_wconf 93' lang='lat' dir='ltr'><strong>ut</strong></span> <span class='ocrx_word' id='word_1_429' title='bbox 267 3102 395 3171; x_wconf 79' lang='lat' dir='ltr'><strong>praemisi,</strong></span> <span class='ocrx_word' id='word_1_430' title='bbox 412 3103 525 3174; x_wconf 84' lang='lat' dir='ltr'><strong>exsequi</strong></span> <span class='ocrx_word' id='word_1_431' title='bbox 549 3110 575 3159; x_wconf 91' lang='lat' dir='ltr'><strong>te</strong></span> <span class='ocrx_word' id='word_1_432' title='bbox 599 3104 763 3176; x_wconf 87' lang='lat' dir='ltr'><strong>regulariter</strong></span> <span class='ocrx_word' id='word_1_433' title='bbox 777 3070 1153 3173; x_wconf 67' lang='lat' dir='ltr'><strong>Gdetttoeumfflctrnn),</strong></span> <span class='ocrx_word' id='word_1_434' title='bbox 1169 3109 1196 3158; x_wconf 87' lang='lat' dir='ltr'><strong>et</strong></span> <span class='ocrx_word' id='word_1_435' title='bbox 1211 3102 1264 3159; x_wconf 90' lang='lat' dir='ltr'><strong>loci</strong></span> <span class='ocrx_word' id='word_1_436' title='bbox 1276 3103 1462 3161; x_wconf 89' lang='lat' dir='ltr'><strong>tuicontentus</strong></span> <span class='ocrx_word' id='word_1_437' title='bbox 1480 3107 1617 3164; x_wconf 83' lang='lat' dir='ltr'><strong>modestia</strong></span> 
     </span>
     <span class='ocr_line' id='line_1_34' title="bbox 97 3186 1613 3265; baseline 0.005 -22"><span class='ocrx_word' id='word_1_438' title='bbox 97 3204 143 3261; x_wconf 77' lang='lat' dir='ltr'><strong>qno</strong></span> <span class='ocrx_word' id='word_1_439' title='bbox 158 3189 281 3262; x_wconf 82' lang='lat' dir='ltr'><strong>benigno</strong></span> <span class='ocrx_word' id='word_1_440' title='bbox 295 3191 385 3245; x_wconf 88' lang='lat' dir='ltr'><strong>animo</strong></span> <span class='ocrx_word' id='word_1_441' title='bbox 400 3198 426 3246; x_wconf 93' lang='lat' dir='ltr'><strong>te</strong></span> <span class='ocrx_word' id='word_1_442' title='bbox 440 3192 580 3263; x_wconf 89' lang='lat' dir='ltr'><strong>suscipere</strong></span> <span class='ocrx_word' id='word_1_443' title='bbox 594 3200 621 3248; x_wconf 91' lang='lat' dir='ltr'><strong>et</strong></span> <span class='ocrx_word' id='word_1_444' title='bbox 647 3193 761 3265; x_wconf 81' lang='lat' dir='ltr'><strong>implere</strong></span> <span class='ocrx_word' id='word_1_445' title='bbox 812 3193 838 3241; x_wconf 89' lang='lat' dir='ltr'><strong>tc</strong></span> <span class='ocrx_word' id='word_1_446' title='bbox 852 3186 958 3243; x_wconf 80' lang='lat' dir='ltr'><strong>altioris</strong></span> <span class='ocrx_word' id='word_1_447' title='bbox 970 3204 1006 3244; x_wconf 91' lang='lat' dir='ltr'><strong>ne</strong></span> <span class='ocrx_word' id='word_1_448' title='bbox 1021 3204 1139 3261; x_wconf 76' lang='lat' dir='ltr'><strong>quaeras,</strong></span> <span class='ocrx_word' id='word_1_449' title='bbox 1157 3198 1183 3247; x_wconf 91' lang='lat' dir='ltr'><strong>et</strong></span> <span class='ocrx_word' id='word_1_450' title='bbox 1197 3199 1226 3247; x_wconf 89' lang='lat' dir='ltr'><strong>ut</strong></span> <span class='ocrx_word' id='word_1_451' title='bbox 1240 3192 1325 3249; x_wconf 85' lang='lat' dir='ltr'><strong>irater</strong></span> <span class='ocrx_word' id='word_1_452' title='bbox 1337 3208 1370 3249; x_wconf 90' lang='lat' dir='ltr'><strong>ac</strong></span> <span class='ocrx_word' id='word_1_453' title='bbox 1385 3191 1457 3248; x_wconf 83' lang='lat' dir='ltr'><strong>silius</strong></span> <span class='ocrx_word' id='word_1_454' title='bbox 1479 3194 1613 3251; x_wconf 87' lang='lat' dir='ltr'><strong>cbarissi-</strong></span> 
     </span>
     <span class='ocr_line' id='line_1_35' title="bbox 97 3275 1612 3356; baseline 0.013 -34"><span class='ocrx_word' id='word_1_455' title='bbox 97 3275 158 3347; x_wconf 53' lang='lat' dir='ltr'><strong>{uid</strong></span> <span class='ocrx_word' id='word_1_456' title='bbox 172 3277 256 3334; x_wconf 75' lang='lat' dir='ltr'><strong>facies</strong></span> <span class='ocrx_word' id='word_1_457' title='bbox 278 3280 300 3333; x_wconf 81' lang='lat' dir='ltr'><strong>si</strong></span> <span class='ocrx_word' id='word_1_458' title='bbox 325 3280 397 3335; x_wconf 75' lang='lat' dir='ltr'><strong>beati</strong></span> <span class='ocrx_word' id='word_1_459' title='bbox 425 3280 523 3337; x_wconf 80' lang='lat' dir='ltr'><strong>Leonis</strong></span> <span class='ocrx_word' id='word_1_460' title='bbox 551 3283 762 3353; x_wconf 66' lang='lat' dir='ltr'><strong>pmcepiionem</strong></span> <span class='ocrx_word' id='word_1_461' title='bbox 811 3291 962 3349; x_wconf 71' lang='lat' dir='ltr'><strong>mosagao,</strong></span> <span class='ocrx_word' id='word_1_462' title='bbox 978 3285 1110 3349; x_wconf 74' lang='lat' dir='ltr'><strong>quotenos</strong></span> <span class='ocrx_word' id='word_1_463' title='bbox 1124 3294 1174 3334; x_wconf 75' lang='lat' dir='ltr'><strong>nos</strong></span> <span class='ocrx_word' id='word_1_464' title='bbox 1188 3279 1304 3336; x_wconf 74' lang='lat' dir='ltr'><strong>invicem</strong></span> <span class='ocrx_word' id='word_1_465' title='bbox 1319 3296 1561 3356; x_wconf 68' lang='lat' dir='ltr'><strong>rocognosoollltls,</strong></span> <span class='ocrx_word' id='word_1_466' title='bbox 1576 3300 1612 3342; x_wconf 72' lang='lat' dir='ltr'><strong>llo</strong></span> 
     </span>
     <span class='ocr_line' id='line_1_36' title="bbox 98 3363 1613 3444; baseline 0.014 -22"><span class='ocrx_word' id='word_1_467' title='bbox 98 3368 275 3423; x_wconf 89' lang='lat' dir='ltr'><strong>reobaudire</strong></span> <span class='ocrx_word' id='word_1_468' title='bbox 290 3369 448 3436; x_wconf 78' lang='lat' dir='ltr'><strong>curaveris3</strong></span> <span class='ocrx_word' id='word_1_469' title='bbox 466 3370 512 3441; x_wconf 88' lang='lat' dir='ltr'><strong>qui</strong></span> <span class='ocrx_word' id='word_1_470' title='bbox 527 3372 589 3440; x_wconf 92' lang='lat' dir='ltr'><strong>scit,</strong></span> <span class='ocrx_word' id='word_1_471' title='bbox 607 3372 701 3444; x_wconf 89' lang='lat' dir='ltr'><strong>inquit,</strong></span> <span class='ocrx_word' id='word_1_472' title='bbox 731 3389 761 3428; x_wconf 90' lang='lat' dir='ltr'><strong>se</strong></span> <span class='ocrx_word' id='word_1_473' title='bbox 812 3363 937 3436; x_wconf 71' lang='lat' dir='ltr'><strong>antiquus</strong></span> <span class='ocrx_word' id='word_1_474' title='bbox 951 3364 1037 3421; x_wconf 63' lang='lat' dir='ltr'><strong>hostii</strong></span> <span class='ocrx_word' id='word_1_475' title='bbox 1050 3382 1102 3437; x_wconf 62' lang='lat' dir='ltr'><strong>Pir</strong></span> <span class='ocrx_word' id='word_1_476' title='bbox 1126 3367 1286 3423; x_wconf 60' lang='lat' dir='ltr'><strong>iiindil&#39;ffl</strong></span> <span class='ocrx_word' id='word_1_477' title='bbox 1312 3369 1381 3426; x_wconf 74' lang='lat' dir='ltr'>du⁰⁸</span> <span class='ocrx_word' id='word_1_478' title='bbox 1409 3386 1533 3440; x_wconf 70' lang='lat' dir='ltr'><strong>ffl⁰i0⁰⁸r</strong></span> <span class='ocrx_word' id='word_1_479' title='bbox 1562 3388 1613 3444; x_wconf 65' lang='lat' dir='ltr'><strong>Pii</strong></span> 
     </span>
     <span class='ocr_line' id='line_1_37' title="bbox 97 3452 1612 3533; baseline 0.005 -23"><span class='ocrx_word' id='word_1_480' title='bbox 97 3472 124 3511; x_wconf 88' lang='lat' dir='ltr'><strong>m</strong></span> <span class='ocrx_word' id='word_1_481' title='bbox 137 3457 323 3529; x_wconf 76' lang='lat' dir='ltr'><strong>praepositum,</strong></span> <span class='ocrx_word' id='word_1_482' title='bbox 340 3475 395 3515; x_wconf 85' lang='lat' dir='ltr'><strong>rton</strong></span> <span class='ocrx_word' id='word_1_483' title='bbox 409 3458 524 3515; x_wconf 89' lang='lat' dir='ltr'><strong>moleste</strong></span> <span class='ocrx_word' id='word_1_484' title='bbox 547 3460 615 3516; x_wconf 89' lang='lat' dir='ltr'><strong>serat</strong></span> <span class='ocrx_word' id='word_1_485' title='bbox 644 3461 761 3533; x_wconf 85' lang='lat' dir='ltr'><strong>aliquem</strong></span> <span class='ocrx_word' id='word_1_486' title='bbox 811 3452 1005 3524; x_wconf 89' lang='lat' dir='ltr'><strong>nequissimam</strong></span> <span class='ocrx_word' id='word_1_487' title='bbox 1019 3454 1159 3510; x_wconf 88' lang='lat' dir='ltr'><strong>victoriam</strong></span> <span class='ocrx_word' id='word_1_488' title='bbox 1172 3456 1273 3513; x_wconf 90' lang='lat' dir='ltr'><strong>multos</strong></span> <span class='ocrx_word' id='word_1_489' title='bbox 1287 3474 1348 3531; x_wconf 84' lang='lat' dir='ltr'><strong>quae</strong></span> <span class='ocrx_word' id='word_1_490' title='bbox 1362 3470 1612 3519; x_wconf 85' lang='lat' dir='ltr'><strong>conconvenerant</strong></span> 
     </span>
     <span class='ocr_line' id='line_1_38' title="bbox 97 3540 1612 3623; baseline 0.005 -23"><span class='ocrx_word' id='word_1_491' title='bbox 97 3546 270 3618; x_wconf 71' lang='lat' dir='ltr'><strong>rpraelatum,</strong></span> <span class='ocrx_word' id='word_1_492' title='bbox 295 3547 345 3601; x_wconf 91' lang='lat' dir='ltr'><strong>sed</strong></span> <span class='ocrx_word' id='word_1_493' title='bbox 368 3547 553 3604; x_wconf 88' lang='lat' dir='ltr'><strong>obedientiam</strong></span> <span class='ocrx_word' id='word_1_494' title='bbox 578 3566 659 3621; x_wconf 89' lang='lat' dir='ltr'><strong>quarn</strong></span> <span class='ocrx_word' id='word_1_495' title='bbox 677 3550 762 3623; x_wconf 78' lang='lat' dir='ltr'><strong>exigit</strong></span> <span class='ocrx_word' id='word_1_496' title='bbox 811 3540 886 3612; x_wconf 85' lang='lat' dir='ltr'><strong>loqui</strong></span> <span class='ocrx_word' id='word_1_497' title='bbox 900 3541 983 3598; x_wconf 85' lang='lat' dir='ltr'><strong>saciat</strong></span> <span class='ocrx_word' id='word_1_498' title='bbox 999 3561 1007 3598; x_wconf 75' lang='grc' dir='ltr'>ε</span> <span class='ocrx_word' id='word_1_499' title='bbox 1024 3545 1164 3617; x_wconf 83' lang='lat' dir='ltr'><strong>egoenim</strong></span> <span class='ocrx_word' id='word_1_500' title='bbox 1178 3553 1314 3618; x_wconf 90' lang='lat' dir='ltr'><strong>utaperte</strong></span> <span class='ocrx_word' id='word_1_501' title='bbox 1342 3548 1461 3606; x_wconf 89' lang='lat' dir='ltr'><strong>indicem</strong></span> <span class='ocrx_word' id='word_1_502' title='bbox 1489 3550 1535 3621; x_wconf 87' lang='lat' dir='ltr'><strong>qui</strong></span> <span class='ocrx_word' id='word_1_503' title='bbox 1562 3566 1612 3623; x_wconf 88' lang='lat' dir='ltr'><strong>per</strong></span> 
     </span>
     <span class='ocr_line' id='line_1_39' title="bbox 96 3629 1609 3711; baseline 0.014 -37"><span class='ocrx_word' id='word_1_504' title='bbox 96 3648 117 3691; x_wconf 56' lang='lat' dir='ltr'><strong>qe</strong></span> <span class='ocrx_word' id='word_1_505' title='bbox 130 3634 277 3706; x_wconf 51' lang='lat' dir='ltr'><strong>dependat,</strong></span> <span class='ocrx_word' id='word_1_506' title='bbox 287 3638 320 3691; x_wconf 68' lang='lat' dir='ltr'><strong>Et</strong></span> <span class='ocrx_word' id='word_1_507' title='bbox 336 3637 400 3709; x_wconf 69' lang='lat' dir='ltr'><strong>quia</strong></span> <span class='ocrx_word' id='word_1_508' title='bbox 413 3653 468 3693; x_wconf 77' lang='lat' dir='ltr'><strong>non</strong></span> <span class='ocrx_word' id='word_1_509' title='bbox 483 3638 593 3710; x_wconf 71' lang='lat' dir='ltr'><strong>impune</strong></span> <span class='ocrx_word' id='word_1_510' title='bbox 608 3639 698 3711; x_wconf 63' lang='lat' dir='ltr'><strong>qut-W</strong></span> <span class='ocrx_word' id='word_1_511' title='bbox 713 3655 760 3694; x_wconf 64' lang='lat' dir='ltr'><strong>sp.</strong></span> <span class='ocrx_word' id='word_1_512' title='bbox 812 3629 957 3686; x_wconf 74' lang='lat' dir='ltr'><strong>clationem</strong></span> <span class='ocrx_word' id='word_1_513' title='bbox 972 3646 989 3689; x_wconf 66' lang='lat'><strong>8</strong></span> <span class='ocrx_word' id='word_1_514' title='bbox 1002 3640 1028 3687; x_wconf 74' lang='lat' dir='ltr'><strong>te</strong></span> <span class='ocrx_word' id='word_1_515' title='bbox 1043 3632 1112 3688; x_wconf 76' lang='lat' dir='ltr'><strong>nihtt</strong></span> <span class='ocrx_word' id='word_1_516' title='bbox 1126 3634 1236 3706; x_wconf 78' lang='lat' dir='ltr'><strong>requiro</strong></span> <span class='ocrx_word' id='word_1_517' title='bbox 1251 3652 1312 3707; x_wconf 80' lang='lat' dir='ltr'><strong>quae</strong></span> <span class='ocrx_word' id='word_1_518' title='bbox 1325 3636 1391 3694; x_wconf 88' lang='lat' dir='ltr'><strong>mihi</strong></span> <span class='ocrx_word' id='word_1_519' title='bbox 1407 3638 1441 3693; x_wconf 89' lang='lat' dir='ltr'><strong>de</strong></span> <span class='ocrx_word' id='word_1_520' title='bbox 1457 3638 1609 3695; x_wconf 80' lang='lat' dir='ltr'><strong>canonibus</strong></span> 
     </span>
     <span class='ocr_line' id='line_1_40' title="bbox 96 3721 1612 3797; baseline 0.004 -19"><span class='ocrx_word' id='word_1_521' title='bbox 96 3722 135 3779; x_wconf 90' lang='lat' dir='ltr'><strong>dis</strong></span> <span class='ocrx_word' id='word_1_522' title='bbox 147 3724 267 3792; x_wconf 87' lang='lat' dir='ltr'><strong>deviare,</strong></span> <span class='ocrx_word' id='word_1_523' title='bbox 284 3733 310 3780; x_wconf 88' lang='lat' dir='ltr'><strong>et</strong></span> <span class='ocrx_word' id='word_1_524' title='bbox 324 3726 422 3782; x_wconf 65' lang='lat' dir='ltr'><strong>debitae</strong></span> <span class='ocrx_word' id='word_1_525' title='bbox 437 3727 599 3784; x_wconf 77' lang='lat' dir='ltr'><strong>obedientiae</strong></span> <span class='ocrx_word' id='word_1_526' title='bbox 613 3727 703 3784; x_wconf 88' lang='lat' dir='ltr'><strong>valcat</strong></span> <span class='ocrx_word' id='word_1_527' title='bbox 712 3729 762 3785; x_wconf 91' lang='lat' dir='ltr'><strong>ob·</strong></span> <span class='ocrx_word' id='word_1_528' title='bbox 813 3726 969 3792; x_wconf 74' lang='lat' dir='ltr'><strong>suppetunt,</strong></span> <span class='ocrx_word' id='word_1_529' title='bbox 985 3721 1129 3794; x_wconf 82' lang='lat' dir='ltr'><strong>dequibus</strong></span> <span class='ocrx_word' id='word_1_530' title='bbox 1143 3722 1192 3779; x_wconf 88' lang='lat' dir='ltr'><strong>tibi</strong></span> <span class='ocrx_word' id='word_1_531' title='bbox 1206 3724 1241 3780; x_wconf 84' lang='lat' dir='ltr'><strong>ad</strong></span> <span class='ocrx_word' id='word_1_532' title='bbox 1251 3726 1513 3797; x_wconf 76' lang='lat' dir='ltr'><strong>recognoscentiam,</strong></span> <span class='ocrx_word' id='word_1_533' title='bbox 1529 3735 1557 3782; x_wconf 91' lang='lat' dir='ltr'><strong>et</strong></span> <span class='ocrx_word' id='word_1_534' title='bbox 1566 3744 1612 3784; x_wconf 91' lang='lat' dir='ltr'><strong>re·</strong></span> 
     </span>
     <span class='ocr_line' id='line_1_41' title="bbox 97 3808 1611 3891; baseline 0.015 -24"><span class='ocrx_word' id='word_1_535' title='bbox 97 3810 188 3869; x_wconf 82' lang='lat' dir='ltr'><strong>ientiae</strong></span> <span class='ocrx_word' id='word_1_536' title='bbox 207 3821 258 3869; x_wconf 85' lang='lat' dir='ltr'><strong>tuae</strong></span> <span class='ocrx_word' id='word_1_537' title='bbox 284 3830 391 3887; x_wconf 90' lang='lat' dir='ltr'><strong>appone</strong></span> <span class='ocrx_word' id='word_1_538' title='bbox 419 3817 502 3872; x_wconf 89' lang='lat' dir='ltr'><strong>verba</strong></span> <span class='ocrx_word' id='word_1_539' title='bbox 530 3817 602 3872; x_wconf 90' lang='lat' dir='ltr'><strong>beati</strong></span> <span class='ocrx_word' id='word_1_540' title='bbox 621 3817 759 3891; x_wconf 83' lang='lat' dir='ltr'><strong>Gregorii,</strong></span> <span class='ocrx_word' id='word_1_541' title='bbox 812 3808 999 3879; x_wconf 64' lang='lat' dir='ltr'><strong>iipiiiissttffl</strong></span> <span class='ocrx_word' id='word_1_542' title='bbox 1014 3817 1088 3866; x_wconf 91' lang='lat' dir='ltr'><strong>tuam</strong></span> <span class='ocrx_word' id='word_1_543' title='bbox 1100 3811 1157 3881; x_wconf 65' lang='lat' dir='ltr'><strong>tim</strong></span> <span class='ocrx_word' id='word_1_544' title='bbox 1170 3812 1271 3884; x_wconf 56' lang='lat' dir='ltr'><strong>mliii</strong></span> <span class='ocrx_word' id='word_1_545' title='bbox 1285 3813 1393 3885; x_wconf 87' lang='lat' dir='ltr'><strong>scripsi,</strong></span> <span class='ocrx_word' id='word_1_546' title='bbox 1403 3822 1495 3871; x_wconf 64' lang='lat' dir='ltr'><strong>iiiiii</strong></span> <span class='ocrx_word' id='word_1_547' title='bbox 1504 3815 1611 3888; x_wconf 88' lang='lat' dir='ltr'><strong>potius·</strong></span> 
     </span>
     <span class='ocr_line' id='line_1_42' title="bbox 96 3897 1611 3972; baseline 0.01 -15"><span class='ocrx_word' id='word_1_548' title='bbox 96 3900 232 3957; x_wconf 79' lang='lat' dir='ltr'><strong>restrum</strong></span> <span class='ocrx_word' id='word_1_549' title='bbox 247 3904 375 3959; x_wconf 76' lang='lat' dir='ltr'><strong>Romanas</strong></span> <span class='ocrx_word' id='word_1_550' title='bbox 389 3905 513 3961; x_wconf 75' lang='lat' dir='ltr'><strong>ecclesio</strong></span> <span class='ocrx_word' id='word_1_551' title='bbox 537 3906 763 3963; x_wconf 71' lang='lat' dir='ltr'><strong>subdiaconatus</strong></span> <span class='ocrx_word' id='word_1_552' title='bbox 812 3913 881 3964; x_wconf 82' lang='lat' dir='ltr'><strong>sem,</strong></span> <span class='ocrx_word' id='word_1_553' title='bbox 913 3897 937 3954; x_wconf 88' lang='lat' dir='ltr'><strong>si</strong></span> <span class='ocrx_word' id='word_1_554' title='bbox 963 3915 996 3957; x_wconf 78' lang='lat' dir='ltr'><strong>ea</strong></span> <span class='ocrx_word' id='word_1_555' title='bbox 1023 3917 1084 3972; x_wconf 77' lang='lat' dir='ltr'><strong>qus</strong></span> <span class='ocrx_word' id='word_1_556' title='bbox 1110 3900 1238 3958; x_wconf 72' lang='lat' dir='ltr'><strong>familiari</strong></span> <span class='ocrx_word' id='word_1_557' title='bbox 1251 3918 1379 3959; x_wconf 79' lang='lat' dir='ltr'><strong>sermone</strong></span> <span class='ocrx_word' id='word_1_558' title='bbox 1394 3918 1533 3961; x_wconf 77' lang='lat' dir='ltr'><strong>monerem</strong></span> <span class='ocrx_word' id='word_1_559' title='bbox 1547 3920 1611 3962; x_wconf 82' lang='lat' dir='ltr'><strong>curn</strong></span> 
     </span>
     <span class='ocr_line' id='line_1_43' title="bbox 96 3985 1610 4063; baseline 0.012 -30"><span class='ocrx_word' id='word_1_560' title='bbox 96 3990 226 4063; x_wconf 65' lang='lat' dir='ltr'><strong>fimngni</strong></span> <span class='ocrx_word' id='word_1_561' title='bbox 245 3992 318 4047; x_wconf 55' lang='lat' dir='ltr'><strong>pieri</strong></span> <span class='ocrx_word' id='word_1_562' title='bbox 332 3992 360 4047; x_wconf 70' lang='lat' dir='ltr'><strong>jn</strong></span> <span class='ocrx_word' id='word_1_563' title='bbox 380 3993 473 4049; x_wconf 63' lang='lat' dir='ltr'><strong>Sicilia</strong></span> <span class='ocrx_word' id='word_1_564' title='bbox 499 4003 656 4051; x_wconf 87' lang='lat' dir='ltr'><strong>servantem</strong></span> <span class='ocrx_word' id='word_1_565' title='bbox 684 3996 758 4052; x_wconf 88' lang='lat' dir='ltr'><strong>dicit.</strong></span> <span class='ocrx_word' id='word_1_566' title='bbox 812 3985 942 4043; x_wconf 88' lang='lat' dir='ltr'><strong>charitate</strong></span> <span class='ocrx_word' id='word_1_567' title='bbox 957 3995 985 4044; x_wconf 91' lang='lat' dir='ltr'><strong>et</strong></span> <span class='ocrx_word' id='word_1_568' title='bbox 998 3989 1150 4046; x_wconf 84' lang='lat' dir='ltr'><strong>humilitate</strong></span> <span class='ocrx_word' id='word_1_569' title='bbox 1164 3990 1329 4063; x_wconf 89' lang='lat' dir='ltr'><strong>susciperes.</strong></span> <span class='ocrx_word' id='word_1_570' title='bbox 1345 3992 1490 4061; x_wconf 75' lang='lat' dir='ltr'><strong>Ceterum,</strong></span> <span class='ocrx_word' id='word_1_571' title='bbox 1505 3994 1610 4051; x_wconf 89' lang='lat' dir='ltr'><strong>utbea-</strong></span> 
     </span>
     <span class='ocr_line' id='line_1_44' title="bbox 96 4075 1610 4154; baseline 0.004 -20"><span class='ocrx_word' id='word_1_572' title='bbox 96 4080 229 4153; x_wconf 85' lang='lat' dir='ltr'><strong>inquiens,</strong></span> <span class='ocrx_word' id='word_1_573' title='bbox 259 4098 318 4153; x_wconf 84' lang='lat' dir='ltr'><strong>quae</strong></span> <span class='ocrx_word' id='word_1_574' title='bbox 343 4081 391 4136; x_wconf 93' lang='lat' dir='ltr'><strong>tibi</strong></span> <span class='ocrx_word' id='word_1_575' title='bbox 419 4099 469 4153; x_wconf 91' lang='lat' dir='ltr'><strong>pro</strong></span> <span class='ocrx_word' id='word_1_576' title='bbox 498 4084 635 4140; x_wconf 88' lang='lat' dir='ltr'><strong>servanda</strong></span> <span class='ocrx_word' id='word_1_577' title='bbox 659 4084 761 4153; x_wconf 75' lang='lat' dir='ltr'><strong>justitia</strong></span> <span class='ocrx_word' id='word_1_578' title='bbox 812 4080 854 4129; x_wconf 84' lang='lat' dir='ltr'><strong>ius</strong></span> <span class='ocrx_word' id='word_1_579' title='bbox 883 4075 1033 4148; x_wconf 75' lang='lat' dir='ltr'><strong>Gregorius</strong></span> <span class='ocrx_word' id='word_1_580' title='bbox 1061 4079 1097 4134; x_wconf 90' lang='lat' dir='ltr'><strong>ad</strong></span> <span class='ocrx_word' id='word_1_581' title='bbox 1123 4080 1256 4136; x_wconf 88' lang='lat' dir='ltr'><strong>loannem</strong></span> <span class='ocrx_word' id='word_1_582' title='bbox 1283 4080 1610 4154; x_wconf 82' lang='lat' dir='ltr'><strong>constantinopolitanum</strong></span> 
     </span>
     <span class='ocr_line' id='line_1_45' title="bbox 96 4163 1612 4245; baseline 0.012 -34"><span class='ocrx_word' id='word_1_583' title='bbox 96 4184 131 4241; x_wconf 69' lang='lat'><strong>30</strong></span> <span class='ocrx_word' id='word_1_584' title='bbox 144 4169 283 4225; x_wconf 61' lang='lat' dir='ltr'><strong>absolvor,</strong></span> <span class='ocrx_word' id='word_1_585' title='bbox 299 4172 334 4226; x_wconf 70' lang='lat' dir='ltr'><strong>Er</strong></span> <span class='ocrx_word' id='word_1_586' title='bbox 349 4178 376 4225; x_wconf 73' lang='lat' dir='ltr'><strong>in</strong></span> <span class='ocrx_word' id='word_1_587' title='bbox 405 4172 428 4225; x_wconf 74' lang='lat' dir='ltr'><strong>si</strong></span> <span class='ocrx_word' id='word_1_588' title='bbox 454 4173 583 4245; x_wconf 66' lang='lat' dir='ltr'><strong>negligis,</strong></span> <span class='ocrx_word' id='word_1_589' title='bbox 604 4173 759 4245; x_wconf 65' lang='lat' dir='ltr'><strong>obligaris:</strong></span> <span class='ocrx_word' id='word_1_590' title='bbox 812 4163 971 4237; x_wconf 89' lang='lat' dir='ltr'><strong>episcopum</strong></span> <span class='ocrx_word' id='word_1_591' title='bbox 985 4166 1059 4235; x_wconf 93' lang='lat' dir='ltr'><strong>dicit,</strong></span> <span class='ocrx_word' id='word_1_592' title='bbox 1076 4166 1162 4223; x_wconf 84' lang='lat' dir='ltr'><strong>rixam</strong></span> <span class='ocrx_word' id='word_1_593' title='bbox 1177 4168 1276 4225; x_wconf 88' lang='lat' dir='ltr'><strong>inierre</strong></span> <span class='ocrx_word' id='word_1_594' title='bbox 1291 4185 1345 4226; x_wconf 92' lang='lat' dir='ltr'><strong>non</strong></span> <span class='ocrx_word' id='word_1_595' title='bbox 1359 4170 1432 4238; x_wconf 86' lang='lat' dir='ltr'><strong>volo,</strong></span> <span class='ocrx_word' id='word_1_596' title='bbox 1449 4172 1498 4227; x_wconf 88' lang='lat' dir='ltr'><strong>sed</strong></span> <span class='ocrx_word' id='word_1_597' title='bbox 1521 4180 1612 4229; x_wconf 91' lang='lat' dir='ltr'><strong>tamen</strong></span> 
     </span>
     <span class='ocr_line' id='line_1_46' title="bbox 96 4254 1611 4329; baseline 0.012 -29"><span class='ocrx_word' id='word_1_598' title='bbox 96 4272 108 4312; x_wconf 69' lang='lat'>2</span> <span class='ocrx_word' id='word_1_599' title='bbox 119 4256 241 4327; x_wconf 62' lang='lat' dir='ltr'><strong>jndicem</strong></span> <span class='ocrx_word' id='word_1_600' title='bbox 255 4259 408 4315; x_wconf 61' lang='lat' dir='ltr'><strong>veninninm</strong></span> <span class='ocrx_word' id='word_1_601' title='bbox 424 4261 577 4327; x_wconf 63' lang='lat' dir='ltr'><strong>nominem,</strong></span> <span class='ocrx_word' id='word_1_602' title='bbox 599 4269 625 4317; x_wconf 68' lang='lat' dir='ltr'><strong>ne</strong></span> <span class='ocrx_word' id='word_1_603' title='bbox 647 4263 683 4317; x_wconf 61' lang='grc' dir='ltr'><strong>(ιθ</strong></span> <span class='ocrx_word' id='word_1_604' title='bbox 710 4262 760 4317; x_wconf 75' lang='lat' dir='ltr'><strong>nd.</strong></span> <span class='ocrx_word' id='word_1_605' title='bbox 811 4266 828 4306; x_wconf 87' lang='lat' dir='ltr'><strong>e</strong></span> <span class='ocrx_word' id='word_1_606' title='bbox 843 4260 869 4308; x_wconf 88' lang='lat' dir='ltr'><strong>tc</strong></span> <span class='ocrx_word' id='word_1_607' title='bbox 883 4254 1038 4311; x_wconf 89' lang='lat' dir='ltr'><strong>venientem</strong></span> <span class='ocrx_word' id='word_1_608' title='bbox 1052 4271 1108 4311; x_wconf 93' lang='lat' dir='ltr'><strong>non</strong></span> <span class='ocrx_word' id='word_1_609' title='bbox 1122 4256 1222 4327; x_wconf 81' lang='lat' dir='ltr'><strong>devito,</strong></span> <span class='ocrx_word' id='word_1_610' title='bbox 1232 4258 1358 4329; x_wconf 89' lang='lat' dir='ltr'><strong>quianon</strong></span> <span class='ocrx_word' id='word_1_611' title='bbox 1369 4260 1457 4326; x_wconf 88' lang='lat' dir='ltr'><strong>valeo,</strong></span> <span class='ocrx_word' id='word_1_612' title='bbox 1469 4275 1521 4317; x_wconf 83' lang='lat' dir='ltr'><strong>nec</strong></span> <span class='ocrx_word' id='word_1_613' title='bbox 1531 4260 1611 4318; x_wconf 86' lang='lat' dir='ltr'><strong>etiam</strong></span> 
     </span>
     <span class='ocr_line' id='line_1_47' title="bbox 96 4341 1609 4419; baseline 0.007 -16"><span class='ocrx_word' id='word_1_614' title='bbox 96 4362 128 4403; x_wconf 87' lang='lat' dir='ltr'><strong>ns</strong></span> <span class='ocrx_word' id='word_1_615' title='bbox 141 4362 214 4404; x_wconf 83' lang='lat' dir='ltr'><strong>nunc</strong></span> <span class='ocrx_word' id='word_1_616' title='bbox 228 4356 273 4403; x_wconf 83' lang='lat' dir='ltr'><strong>tus</strong></span> <span class='ocrx_word' id='word_1_617' title='bbox 294 4349 474 4405; x_wconf 78' lang='lat' dir='ltr'><strong>consideratio</strong></span> <span class='ocrx_word' id='word_1_618' title='bbox 500 4350 701 4418; x_wconf 74' lang='lat' dir='ltr'><strong>contremiscat,</strong></span> <span class='ocrx_word' id='word_1_619' title='bbox 726 4366 761 4407; x_wconf 84' lang='lat' dir='ltr'><strong>ns</strong></span> <span class='ocrx_word' id='word_1_620' title='bbox 812 4341 899 4398; x_wconf 79' lang='lat' dir='ltr'><strong>audeo</strong></span> <span class='ocrx_word' id='word_1_621' title='bbox 914 4358 965 4414; x_wconf 82' lang='lat' dir='ltr'><strong>pro</strong></span> <span class='ocrx_word' id='word_1_622' title='bbox 979 4344 1033 4401; x_wconf 84' lang='lat' dir='ltr'><strong>loci</strong></span> <span class='ocrx_word' id='word_1_623' title='bbox 1046 4344 1100 4400; x_wconf 80' lang='lat' dir='ltr'><strong>mci</strong></span> <span class='ocrx_word' id='word_1_624' title='bbox 1115 4344 1203 4403; x_wconf 82' lang='lat' dir='ltr'><strong>officio</strong></span> <span class='ocrx_word' id='word_1_625' title='bbox 1220 4363 1227 4401; x_wconf 77' lang='grc' dir='ltr'><em>τ</em></span> <span class='ocrx_word' id='word_1_626' title='bbox 1243 4360 1305 4402; x_wconf 81' lang='lat' dir='ltr'><strong>eum</strong></span> <span class='ocrx_word' id='word_1_627' title='bbox 1321 4347 1399 4419; x_wconf 87' lang='lat' dir='ltr'><strong>qussi</strong></span> <span class='ocrx_word' id='word_1_628' title='bbox 1414 4348 1609 4419; x_wconf 72' lang='lat' dir='ltr'><strong>menatenses,</strong></span> 
     </span>
     <span class='ocr_line' id='line_1_48' title="bbox 109 4430 1611 4510; baseline 0.008 -17"><span class='ocrx_word' id='word_1_629' title='bbox 109 4450 192 4493; x_wconf 82' lang='lat' dir='ltr'><strong>causa</strong></span> <span class='ocrx_word' id='word_1_630' title='bbox 204 4438 261 4507; x_wconf 90' lang='lat' dir='ltr'><strong>jam</strong></span> <span class='ocrx_word' id='word_1_631' title='bbox 276 4437 377 4505; x_wconf 88' lang='lat' dir='ltr'><strong>timent,</strong></span> <span class='ocrx_word' id='word_1_632' title='bbox 394 4455 455 4494; x_wconf 90' lang='lat' dir='ltr'><strong>curn</strong></span> <span class='ocrx_word' id='word_1_633' title='bbox 480 4454 573 4495; x_wconf 91' lang='lat' dir='ltr'><strong>coram</strong></span> <span class='ocrx_word' id='word_1_634' title='bbox 596 4439 642 4495; x_wconf 92' lang='lat' dir='ltr'><strong>illo</strong></span> <span class='ocrx_word' id='word_1_635' title='bbox 663 4432 797 4497; x_wconf 86' lang='lat' dir='ltr'><strong>coelumD</strong></span> <span class='ocrx_word' id='word_1_636' title='bbox 812 4430 942 4504; x_wconf 67' lang='lat' dir='ltr'><strong>egrogios</strong></span> <span class='ocrx_word' id='word_1_637' title='bbox 955 4431 1117 4504; x_wconf 64' lang='lat' dir='ltr'><strong>prilidiootm‘</strong></span> <span class='ocrx_word' id='word_1_638' title='bbox 1131 4433 1204 4489; x_wconf 90' lang='lat' dir='ltr'><strong>dicat</strong></span> <span class='ocrx_word' id='word_1_639' title='bbox 1220 4451 1227 4487; x_wconf 77' lang='lat'>²</span> <span class='ocrx_word' id='word_1_640' title='bbox 1245 4436 1344 4506; x_wconf 67' lang='lat' dir='ltr'><strong>Areae,</strong></span> <span class='ocrx_word' id='word_1_641' title='bbox 1356 4436 1477 4503; x_wconf 63' lang='lat' dir='ltr'><strong>Obiecta,</strong></span> <span class='ocrx_word' id='word_1_642' title='bbox 1492 4438 1611 4510; x_wconf 64' lang='lat' dir='ltr'><strong>itiorssiiss</strong></span> 
     </span>
     <span class='ocr_line' id='line_1_49' title="bbox 96 4521 1606 4602; baseline 0.008 -34"><span class='ocrx_word' id='word_1_643' title='bbox 96 4526 233 4581; x_wconf 64' lang='lat' dir='ltr'><strong>nemnem,</strong></span> <span class='ocrx_word' id='word_1_644' title='bbox 243 4526 347 4581; x_wconf 69' lang='lat' dir='ltr'><strong>Andisii</strong></span> <span class='ocrx_word' id='word_1_645' title='bbox 359 4528 513 4599; x_wconf 21' lang='lat' dir='ltr'><strong>qundlvoio,</strong></span> <span class='ocrx_word' id='word_1_646' title='bbox 526 4529 594 4585; x_wconf 65' lang='lat' dir='ltr'><strong>vine</strong></span> <span class='ocrx_word' id='word_1_647' title='bbox 605 4528 670 4601; x_wconf 75' lang='lat' dir='ltr'><strong>qnid</strong></span> <span class='ocrx_word' id='word_1_648' title='bbox 681 4544 759 4602; x_wconf 69' lang='lat' dir='ltr'><strong>ngas,</strong></span> <span class='ocrx_word' id='word_1_649' title='bbox 811 4521 843 4575; x_wconf 83' lang='lat' dir='ltr'><strong>in</strong></span> <span class='ocrx_word' id='word_1_650' title='bbox 857 4522 936 4576; x_wconf 77' lang='lat' dir='ltr'><strong>omrai</strong></span> <span class='ocrx_word' id='word_1_651' title='bbox 946 4522 1089 4593; x_wconf 80' lang='lat' dir='ltr'><strong>patientie</strong></span> <span class='ocrx_word' id='word_1_652' title='bbox 1104 4526 1132 4577; x_wconf 83' lang='lat' dir='ltr'><strong>et</strong></span> <span class='ocrx_word' id='word_1_653' title='bbox 1149 4521 1280 4579; x_wconf 78' lang='lat' dir='ltr'><strong>doctrino</strong></span> <span class='ocrx_word' id='word_1_654' title='bbox 1294 4524 1331 4595; x_wconf 84' lang='lat' dir='ltr'><strong>(ll</strong></span> <span class='ocrx_word' id='word_1_655' title='bbox 1347 4525 1415 4580; x_wconf 82' lang='lat' dir='ltr'><strong>Tim.</strong></span> <span class='ocrx_word' id='word_1_656' title='bbox 1427 4524 1512 4593; x_wconf 87' lang='lat' dir='ltr'><strong>rrr).Si</strong></span> <span class='ocrx_word' id='word_1_657' title='bbox 1522 4525 1606 4593; x_wconf 85' lang='lat' dir='ltr'><strong>enim,</strong></span> 
     </span>
     <span class='ocr_line' id='line_1_50' title="bbox 107 4609 1609 4686; baseline 0.009 -30"><span class='ocrx_word' id='word_1_658' title='bbox 107 4614 240 4673; x_wconf 56' lang='lat' dir='ltr'><strong>minian</strong></span> <span class='ocrx_word' id='word_1_659' title='bbox 255 4616 396 4686; x_wconf 57' lang='lat' dir='ltr'><strong>praesentis</strong></span> <span class='ocrx_word' id='word_1_660' title='bbox 412 4617 498 4673; x_wconf 59' lang='lat' dir='ltr'><strong>renim</strong></span> <span class='ocrx_word' id='word_1_661' title='bbox 522 4617 688 4675; x_wconf 68' lang='lat' dir='ltr'><strong>indiciionis,</strong></span> <span class='ocrx_word' id='word_1_662' title='bbox 812 4616 840 4663; x_wconf 86' lang='lat' dir='ltr'><strong>ut</strong></span> <span class='ocrx_word' id='word_1_663' title='bbox 856 4609 986 4668; x_wconf 88' lang='lat' dir='ltr'><strong>voraciter</strong></span> <span class='ocrx_word' id='word_1_664' title='bbox 999 4609 1094 4679; x_wconf 78' lang='lat' dir='ltr'><strong>fatear,</strong></span> <span class='ocrx_word' id='word_1_665' title='bbox 1108 4611 1214 4669; x_wconf 89' lang='lat' dir='ltr'><strong>utinam</strong></span> <span class='ocrx_word' id='word_1_666' title='bbox 1226 4628 1281 4670; x_wconf 94' lang='lat' dir='ltr'><strong>non</strong></span> <span class='ocrx_word' id='word_1_667' title='bbox 1297 4612 1331 4667; x_wconf 91' lang='lat' dir='ltr'><strong>ad</strong></span> <span class='ocrx_word' id='word_1_668' title='bbox 1355 4612 1609 4671; x_wconf 89' lang='lat' dir='ltr'><strong>condemnationem</strong></span> 
     </span>
    </p>

    <p class='ocr_par' dir='ltr' id='par_1_3' title="bbox 160 4699 1696 4789">
     <span class='ocr_line' id='line_1_51' title="bbox 160 4699 1696 4789; baseline 0.009 -43"><span class='ocrx_word' id='word_1_669' title='bbox 160 4721 331 4779; x_wconf 37' lang='lat' dir='ltr'>HINC-MR!</span> <span class='ocrx_word' id='word_1_670' title='bbox 351 4724 553 4781; x_wconf 65' lang='lat' dir='ltr'>RHEMENSIS</span> <span class='ocrx_word' id='word_1_671' title='bbox 811 4714 911 4766; x_wconf 69' lang='lat' dir='ltr'><strong>mettin,</strong></span> <span class='ocrx_word' id='word_1_672' title='bbox 928 4699 1151 4773; x_wconf 79' lang='lat' dir='ltr'><strong>metropolitanus</strong></span> <span class='ocrx_word' id='word_1_673' title='bbox 1165 4709 1227 4757; x_wconf 82' lang='lat' dir='ltr'><strong>tuus</strong></span> <span class='ocrx_word' id='word_1_674' title='bbox 1238 4701 1340 4772; x_wconf 74' lang='lat' dir='ltr'><strong>jssdthO</strong></span> <span class='ocrx_word' id='word_1_675' title='bbox 1354 4701 1405 4758; x_wconf 69' lang='lat' dir='ltr'><strong>Det</strong></span> <span class='ocrx_word' id='word_1_676' title='bbox 1428 4718 1482 4758; x_wconf 77' lang='lat' dir='ltr'><strong>tlon</strong></span> <span class='ocrx_word' id='word_1_677' title='bbox 1512 4701 1608 4773; x_wconf 67' lang='lat' dir='ltr'><strong>forem,</strong></span> <span class='ocrx_word' id='word_1_678' title='bbox 1689 4776 1696 4789; x_wconf 43' lang='grc' dir='ltr'><strong><em>ο</em></strong></span> 
     </span>
    </p>

    <p class='ocr_par' dir='ltr' id='par_1_4' title="bbox 271 4788 1609 4864">
     <span class='ocr_line' id='line_1_52' title="bbox 271 4788 1609 4864; baseline 0.008 -26"><span class='ocrx_word' id='word_1_679' title='bbox 271 4808 309 4847; x_wconf 71' lang='lat' dir='ltr'><strong>nn</strong></span> <span class='ocrx_word' id='word_1_680' title='bbox 323 4809 449 4853; x_wconf 72' lang='lat' dir='ltr'><strong>nnnnnn,</strong></span> <span class='ocrx_word' id='word_1_681' title='bbox 810 4796 837 4844; x_wconf 90' lang='lat' dir='ltr'><strong>et</strong></span> <span class='ocrx_word' id='word_1_682' title='bbox 850 4796 880 4843; x_wconf 91' lang='lat' dir='ltr'><strong>tu</strong></span> <span class='ocrx_word' id='word_1_683' title='bbox 894 4788 1068 4861; x_wconf 88' lang='lat' dir='ltr'><strong>provincialis</strong></span> <span class='ocrx_word' id='word_1_684' title='bbox 1078 4791 1223 4863; x_wconf 87' lang='lat' dir='ltr'><strong>episeopus</strong></span> <span class='ocrx_word' id='word_1_685' title='bbox 1233 4789 1438 4863; x_wconf 86' lang='lat' dir='ltr'><strong>metropoli,cui</strong></span> <span class='ocrx_word' id='word_1_686' title='bbox 1448 4791 1609 4864; x_wconf 92' lang='lat' dir='ltr'><strong>disponente</strong></span> 
     </span>
    </p>

    <p class='ocr_par' dir='ltr' id='par_1_5' title="bbox 95 4878 1610 5489">
     <span class='ocr_line' id='line_1_53' title="bbox 96 4878 1605 4956; baseline 0.013 -35"><span class='ocrx_word' id='word_1_687' title='bbox 96 4880 334 4939; x_wconf 57' lang='lat' dir='ltr'><strong>nusphemomm</strong></span> <span class='ocrx_word' id='word_1_688' title='bbox 344 4884 490 4956; x_wconf 62' lang='lat' dir='ltr'><strong>episcopus</strong></span> <span class='ocrx_word' id='word_1_689' title='bbox 500 4885 761 4944; x_wconf 59' lang='lat' dir='ltr'><strong>qucqqqopaudq.</strong></span> <span class='ocrx_word' id='word_1_690' title='bbox 809 4879 868 4934; x_wconf 88' lang='lat' dir='ltr'><strong>Deo</strong></span> <span class='ocrx_word' id='word_1_691' title='bbox 883 4878 1020 4947; x_wconf 86' lang='lat' dir='ltr'><strong>deservio,</strong></span> <span class='ocrx_word' id='word_1_692' title='bbox 1035 4881 1173 4950; x_wconf 85' lang='lat' dir='ltr'><strong>subjectus</strong></span> <span class='ocrx_word' id='word_1_693' title='bbox 1187 4890 1240 4937; x_wconf 90' lang='lat' dir='ltr'><strong>eta</strong></span> <span class='ocrx_word' id='word_1_694' title='bbox 1255 4897 1298 4936; x_wconf 89' lang='lat' dir='ltr'><strong>me</strong></span> <span class='ocrx_word' id='word_1_695' title='bbox 1313 4880 1455 4937; x_wconf 89' lang='lat' dir='ltr'><strong>ordinatus</strong></span> <span class='ocrx_word' id='word_1_696' title='bbox 1479 4897 1535 4939; x_wconf 94' lang='lat' dir='ltr'><strong>non</strong></span> <span class='ocrx_word' id='word_1_697' title='bbox 1558 4898 1605 4940; x_wconf 87' lang='lat' dir='ltr'><strong>es-</strong></span> 
     </span>
     <span class='ocr_line' id='line_1_54' title="bbox 96 4968 1603 5045; baseline 0.011 -34"><span class='ocrx_word' id='word_1_698' title='bbox 96 4986 182 5043; x_wconf 68' lang='lat' dir='ltr'><strong>500p0</strong></span> <span class='ocrx_word' id='word_1_699' title='bbox 195 4971 319 5039; x_wconf 62' lang='lat' dir='ltr'>salutem,</span> <span class='ocrx_word' id='word_1_700' title='bbox 335 4990 396 5045; x_wconf 55' lang='grc' dir='ltr'><strong>(μω</strong></span> <span class='ocrx_word' id='word_1_701' title='bbox 411 4982 452 5030; x_wconf 69' lang='lat' dir='ltr'><strong>esi</strong></span> <span class='ocrx_word' id='word_1_702' title='bbox 466 4975 495 5030; x_wconf 71' lang='lat' dir='ltr'><strong>jn</strong></span> <span class='ocrx_word' id='word_1_703' title='bbox 510 4976 688 5032; x_wconf 65' lang='lat' dir='ltr'><strong>cinisioiesu</strong></span> <span class='ocrx_word' id='word_1_704' title='bbox 699 4976 758 5032; x_wconf 69' lang='grc' dir='ltr'><strong>ΒΟ.</strong></span> <span class='ocrx_word' id='word_1_705' title='bbox 810 4983 865 5035; x_wconf 88' lang='lat' dir='ltr'><strong>ses,</strong></span> <span class='ocrx_word' id='word_1_706' title='bbox 882 4968 932 5023; x_wconf 92' lang='lat' dir='ltr'><strong>sed</strong></span> <span class='ocrx_word' id='word_1_707' title='bbox 946 4968 975 5025; x_wconf 91' lang='lat' dir='ltr'><strong>in</strong></span> <span class='ocrx_word' id='word_1_708' title='bbox 987 4968 1039 5024; x_wconf 92' lang='lat' dir='ltr'><strong>alia</strong></span> <span class='ocrx_word' id='word_1_709' title='bbox 1052 4969 1194 5041; x_wconf 88' lang='lat' dir='ltr'><strong>provincia</strong></span> <span class='ocrx_word' id='word_1_710' title='bbox 1209 4968 1319 5026; x_wconf 88' lang='lat' dir='ltr'><strong>alterius</strong></span> <span class='ocrx_word' id='word_1_711' title='bbox 1334 4969 1475 5027; x_wconf 90' lang='lat' dir='ltr'><strong>ordinatus</strong></span> <span class='ocrx_word' id='word_1_712' title='bbox 1503 4971 1603 5029; x_wconf 84' lang='lat' dir='ltr'><strong>existe-</strong></span> 
     </span>
     <span class='ocr_line' id='line_1_55' title="bbox 96 5056 1610 5132; baseline 0.009 -27"><span class='ocrx_word' id='word_1_713' title='bbox 96 5070 151 5117; x_wconf 71' lang='lat' dir='ltr'><strong>iro,</strong></span> <span class='ocrx_word' id='word_1_714' title='bbox 809 5072 864 5127; x_wconf 87' lang='lat' dir='ltr'><strong>res,</strong></span> <span class='ocrx_word' id='word_1_715' title='bbox 880 5064 906 5113; x_wconf 92' lang='lat' dir='ltr'><strong>et</strong></span> <span class='ocrx_word' id='word_1_716' title='bbox 923 5056 986 5114; x_wconf 90' lang='lat' dir='ltr'><strong>talia</strong></span> <span class='ocrx_word' id='word_1_717' title='bbox 1000 5057 1035 5113; x_wconf 91' lang='lat' dir='ltr'><strong>do</strong></span> <span class='ocrx_word' id='word_1_718' title='bbox 1049 5065 1075 5113; x_wconf 90' lang='lat' dir='ltr'><strong>te</strong></span> <span class='ocrx_word' id='word_1_719' title='bbox 1089 5058 1222 5125; x_wconf 89' lang='lat' dir='ltr'><strong>audirem,</strong></span> <span class='ocrx_word' id='word_1_720' title='bbox 1238 5057 1311 5115; x_wconf 88' lang='lat' dir='ltr'><strong>sicus</strong></span> <span class='ocrx_word' id='word_1_721' title='bbox 1340 5059 1437 5116; x_wconf 90' lang='lat' dir='ltr'><strong>audire</strong></span> <span class='ocrx_word' id='word_1_722' title='bbox 1465 5060 1546 5132; x_wconf 89' lang='lat' dir='ltr'><strong>coepi,</strong></span> <span class='ocrx_word' id='word_1_723' title='bbox 1576 5077 1610 5118; x_wconf 85' lang='lat' dir='ltr'><strong>ex</strong></span> 
     </span>
     <span class='ocr_line' id='line_1_56' title="bbox 97 5146 1609 5221; baseline 0.004 -21"><span class='ocrx_word' id='word_1_724' title='bbox 97 5160 151 5220; x_wconf 71' lang='lat' dir='ltr'><strong>rga</strong></span> <span class='ocrx_word' id='word_1_725' title='bbox 160 5162 204 5202; x_wconf 88' lang='lat' dir='ltr'><strong>me</strong></span> <span class='ocrx_word' id='word_1_726' title='bbox 215 5146 312 5204; x_wconf 89' lang='lat' dir='ltr'><strong>volens</strong></span> <span class='ocrx_word' id='word_1_727' title='bbox 323 5147 597 5221; x_wconf 82' lang='lat' dir='ltr'><strong>dissolvereillaquae</strong></span> <span class='ocrx_word' id='word_1_728' title='bbox 607 5148 655 5206; x_wconf 88' lang='lat' dir='ltr'><strong>tibi</strong></span> <span class='ocrx_word' id='word_1_729' title='bbox 665 5149 757 5207; x_wconf 89' lang='lat' dir='ltr'><strong>scribo</strong></span> <span class='ocrx_word' id='word_1_730' title='bbox 809 5162 863 5217; x_wconf 88' lang='lat' dir='ltr'><strong>quo</strong></span> <span class='ocrx_word' id='word_1_731' title='bbox 876 5153 939 5217; x_wconf 89' lang='lat' dir='ltr'><strong>post</strong></span> <span class='ocrx_word' id='word_1_732' title='bbox 952 5146 1187 5218; x_wconf 87' lang='lat' dir='ltr'><strong>concupiscentias</strong></span> <span class='ocrx_word' id='word_1_733' title='bbox 1197 5147 1298 5218; x_wconf 82' lang='lat' dir='ltr'><strong>saeculi,</strong></span> <span class='ocrx_word' id='word_1_734' title='bbox 1319 5156 1345 5204; x_wconf 92' lang='lat' dir='ltr'><strong>et</strong></span> <span class='ocrx_word' id='word_1_735' title='bbox 1362 5147 1609 5206; x_wconf 89' lang='lat' dir='ltr'><strong>elationemcordis</strong></span> 
     </span>
     <span class='ocr_line' id='line_1_57' title="bbox 95 5233 1609 5312; baseline 0.004 -23"><span class='ocrx_word' id='word_1_736' title='bbox 95 5233 173 5291; x_wconf 81' lang='lat' dir='ltr'><strong>itiam</strong></span> <span class='ocrx_word' id='word_1_737' title='bbox 186 5236 627 5312; x_wconf 82' lang='lat' dir='ltr'><strong>rescribendcagissingulatium,</strong></span> <span class='ocrx_word' id='word_1_738' title='bbox 641 5240 756 5297; x_wconf 88' lang='lat' dir='ltr'><strong>sednon</strong></span> <span class='ocrx_word' id='word_1_739' title='bbox 807 5242 835 5289; x_wconf 91' lang='lat' dir='ltr'><strong>tu</strong></span> <span class='ocrx_word' id='word_1_740' title='bbox 859 5234 899 5290; x_wconf 89' lang='lat' dir='ltr'><strong>ire</strong></span> <span class='ocrx_word' id='word_1_741' title='bbox 921 5234 1036 5306; x_wconf 88' lang='lat' dir='ltr'><strong>coepisti,</strong></span> <span class='ocrx_word' id='word_1_742' title='bbox 1053 5242 1080 5290; x_wconf 88' lang='lat' dir='ltr'><strong>ct</strong></span> <span class='ocrx_word' id='word_1_743' title='bbox 1100 5234 1210 5304; x_wconf 87' lang='lat' dir='ltr'><strong>verbis,</strong></span> <span class='ocrx_word' id='word_1_744' title='bbox 1234 5244 1261 5292; x_wconf 92' lang='lat' dir='ltr'><strong>et</strong></span> <span class='ocrx_word' id='word_1_745' title='bbox 1283 5236 1393 5309; x_wconf 90' lang='lat' dir='ltr'><strong>scriptis</strong></span> <span class='ocrx_word' id='word_1_746' title='bbox 1416 5246 1442 5293; x_wconf 92' lang='lat' dir='ltr'><strong>te</strong></span> <span class='ocrx_word' id='word_1_747' title='bbox 1469 5237 1609 5295; x_wconf 85' lang='lat' dir='ltr'><strong>charitatis</strong></span> 
     </span>
     <span class='ocr_line' id='line_1_58' title="bbox 96 5322 1608 5400; baseline 0.011 -30"><span class='ocrx_word' id='word_1_748' title='bbox 96 5339 181 5381; x_wconf 67' lang='lat' dir='ltr'><strong>ausa</strong></span> <span class='ocrx_word' id='word_1_749' title='bbox 194 5325 261 5381; x_wconf 81' lang='lat' dir='ltr'><strong>mihi</strong></span> <span class='ocrx_word' id='word_1_750' title='bbox 275 5342 329 5383; x_wconf 83' lang='lat' dir='ltr'><strong>non</strong></span> <span class='ocrx_word' id='word_1_751' title='bbox 344 5326 448 5384; x_wconf 71' lang='lat' dir='ltr'><strong>incerta</strong></span> <span class='ocrx_word' id='word_1_752' title='bbox 463 5328 623 5400; x_wconf 79' lang='lat' dir='ltr'><strong>quibusdam</strong></span> <span class='ocrx_word' id='word_1_753' title='bbox 637 5338 756 5400; x_wconf 58' lang='lat' dir='ltr'><strong>prater·</strong></span> <span class='ocrx_word' id='word_1_754' title='bbox 807 5322 905 5379; x_wconf 84' lang='lat' dir='ltr'><strong>ellectu</strong></span> <span class='ocrx_word' id='word_1_755' title='bbox 918 5337 1071 5392; x_wconf 79' lang='lat' dir='ltr'><strong>monerem,</strong></span> <span class='ocrx_word' id='word_1_756' title='bbox 1085 5332 1112 5380; x_wconf 83' lang='lat' dir='ltr'><strong>et</strong></span> <span class='ocrx_word' id='word_1_757' title='bbox 1138 5325 1161 5380; x_wconf 78' lang='lat' dir='ltr'><strong>st</strong></span> <span class='ocrx_word' id='word_1_758' title='bbox 1190 5340 1245 5382; x_wconf 86' lang='lat' dir='ltr'><strong>non</strong></span> <span class='ocrx_word' id='word_1_759' title='bbox 1259 5326 1413 5394; x_wconf 67' lang='lat' dir='ltr'><strong>obaudirer,</strong></span> <span class='ocrx_word' id='word_1_760' title='bbox 1429 5325 1608 5398; x_wconf 66' lang='lat' dir='ltr'><strong>apostoticam</strong></span> 
     </span>
     <span class='ocr_line' id='line_1_59' title="bbox 95 5411 1610 5489; baseline 0.004 -18"><span class='ocrx_word' id='word_1_761' title='bbox 95 5413 241 5486; x_wconf 79' lang='lat' dir='ltr'><strong>,spondere</strong></span> <span class='ocrx_word' id='word_1_762' title='bbox 257 5431 301 5471; x_wconf 91' lang='lat' dir='ltr'><strong>me</strong></span> <span class='ocrx_word' id='word_1_763' title='bbox 311 5432 361 5488; x_wconf 90' lang='lat' dir='ltr'><strong>pro</strong></span> <span class='ocrx_word' id='word_1_764' title='bbox 373 5416 425 5473; x_wconf 91' lang='lat' dir='ltr'><strong>loci</strong></span> <span class='ocrx_word' id='word_1_765' title='bbox 440 5417 493 5473; x_wconf 90' lang='lat' dir='ltr'><strong>mei</strong></span> <span class='ocrx_word' id='word_1_766' title='bbox 517 5416 615 5485; x_wconf 86' lang='lat' dir='ltr'><strong>officio,</strong></span> <span class='ocrx_word' id='word_1_767' title='bbox 644 5434 680 5474; x_wconf 92' lang='lat' dir='ltr'><strong>ne</strong></span> <span class='ocrx_word' id='word_1_768' title='bbox 707 5418 756 5474; x_wconf 91' lang='lat' dir='ltr'><strong>tibi</strong></span> <span class='ocrx_word' id='word_1_769' title='bbox 807 5427 926 5485; x_wconf 86' lang='lat' dir='ltr'><strong>sequens</strong></span> <span class='ocrx_word' id='word_1_770' title='bbox 937 5411 1099 5483; x_wconf 81' lang='lat' dir='ltr'><strong>iussionem,</strong></span> <span class='ocrx_word' id='word_1_771' title='bbox 1113 5414 1161 5487; x_wconf 90' lang='lat' dir='ltr'><strong>qui</strong></span> <span class='ocrx_word' id='word_1_772' title='bbox 1175 5415 1210 5473; x_wconf 87' lang='lat' dir='ltr'><strong>de</strong></span> <span class='ocrx_word' id='word_1_773' title='bbox 1224 5431 1257 5473; x_wconf 89' lang='lat' dir='ltr'><strong>eo</strong></span> <span class='ocrx_word' id='word_1_774' title='bbox 1271 5415 1394 5488; x_wconf 72' lang='lat' dir='ltr'><strong>precipit</strong></span> <span class='ocrx_word' id='word_1_775' title='bbox 1408 5414 1455 5489; x_wconf 85' lang='lat' dir='ltr'><strong>qui</strong></span> <span class='ocrx_word' id='word_1_776' title='bbox 1469 5417 1555 5473; x_wconf 81' lang='lat' dir='ltr'><strong>semel</strong></span> <span class='ocrx_word' id='word_1_777' title='bbox 1581 5425 1610 5476; x_wconf 88' lang='lat' dir='ltr'><strong>et</strong></span> 
     </span>
    </p>
   </div>
   <div class='ocr_carea' id='block_1_3' title="bbox 95 5502 1605 5588">
    <p class='ocr_par' dir='ltr' id='par_1_6' title="bbox 95 5502 1605 5588">
     <span class='ocr_line' id='line_1_60' title="bbox 95 5502 1605 5588; baseline 0.009 -27"><span class='ocrx_word' id='word_1_778' title='bbox 95 5518 142 5561; x_wconf 82' lang='lat' dir='ltr'><strong>see</strong></span> <span class='ocrx_word' id='word_1_779' title='bbox 155 5502 283 5577; x_wconf 85' lang='lat' dir='ltr'><strong>videaris,</strong></span> <span class='ocrx_word' id='word_1_780' title='bbox 298 5505 334 5561; x_wconf 90' lang='lat' dir='ltr'><strong>ad</strong></span> <span class='ocrx_word' id='word_1_781' title='bbox 348 5505 457 5580; x_wconf 74' lang='lat' dir='ltr'><strong>singula</strong></span> <span class='ocrx_word' id='word_1_782' title='bbox 476 5506 631 5565; x_wconf 88' lang='lat' dir='ltr'><strong>contumaci</strong></span> <span class='ocrx_word' id='word_1_783' title='bbox 659 5506 757 5565; x_wconf 89' lang='lat' dir='ltr'><strong>inobe-</strong></span> <span class='ocrx_word' id='word_1_784' title='bbox 805 5510 1192 5574; x_wconf 82' lang='lat' dir='ltr'><strong>secundooommonitnsaon</strong></span> <span class='ocrx_word' id='word_1_785' title='bbox 1212 5513 1390 5588; x_wconf 87' lang='lat' dir='ltr'><strong>convertitur,</strong></span> <span class='ocrx_word' id='word_1_786' title='bbox 1419 5516 1605 5588; x_wconf 88' lang='lat' dir='ltr'><strong>necobandit,</strong></span> 
     </span>
    </p>
   </div>
   <div class='ocr_carea' id='block_1_4' title="bbox 0 0 1902 6101">
    <p class='ocr_par' dir='ltr' id='par_1_7' title="bbox 0 0 1902 6101">
     <span class='ocr_line' id='line_1_61' title="bbox 0 0 1902 6101; baseline 0 0"><span class='ocrx_word' id='word_1_787' title='bbox 0 0 1902 6101; x_wconf 95' lang='lat' dir='ltr'><strong> </strong></span> 
     </span>
    </p>
   </div>
  </div>
 </body>
</html>
