3794 6104
584 243 761 301 EPISTOLAE
775 245 821 302 ΕΤ
839 245 1012 302 DECRETA.
1573 244 1626 300 76⁶

97 378 131 427 ta
156 371 332 437 conscientia,
356 371 487 427 terminos
508 379 626 428 aeternos
645 386 663 427 a
685 370 776 426 Patri·
789 370 917 432 Amicus
933 369 1109 442 imperatoria
1123 370 1265 444 dignitate,
1290 371 1440 428 secundum
1468 370 1629 443 Apostolum

97 459 159 515 titos
186 460 368 526 transtulisse,
403 467 430 514 et
457 460 484 515 in
518 459 635 516 alienam
661 474 778 515 messem
830 459 938 529 quiait:
953 459 1626 533 AEmutcmiatcltarismctumeltorc(ldor.xu),

97 547 184 604 ¹aloem
202 548 320 615 misisse,
340 548 367 602 in
392 547 492 619 lllyrici
516 547 680 618 provincias,
710 562 779 619 quas
829 547 959 613 contenti,
973 546 1053 603 ctiam
1067 547 1229 619 augelorum
1244 548 1310 604 estis
1325 548 1507 604 ministerium
1523 547 1628 614 imitati,

97 636 215 710 algarum
239 637 313 690 natio
328 636 433 700 retinet,
450 636 646 707 ingredientes,
663 643 689 690 et
704 635 779 690 ordi-
829 635 894 689 dum
904 651 998 706 pacem
1014 635 1041 690 iu
1057 644 1126 691 terra
1142 636 1219 691 bonae
1233 636 1379 691 voluntatis
1394 637 1551 692 bominibus
1579 651 1629 689 ex-

97 741 105 779 l
117 724 226 780 illicitas
240 732 437 794 perpetrantes,
455 740 516 779 cum
531 733 558 779 et
572 739 650 780 sacra
664 723 781 780 coucilia
830 723 939 793 optatis,
955 731 983 779 et
997 723 1090 778 beatos
1104 740 1155 795 per
1170 724 1197 780 id
1211 740 1243 780 ac
1257 725 1356 780 coelum
1371 740 1420 779 vos
1445 725 1553 779 uisuros
1568 722 1628 778 lucc

97 827 110 868 c
124 811 198 867 beati
210 812 279 866 Petri
289 812 475 882 apostolorum
489 812 630 882 principis,
647 813 695 866 bus
714 811 780 867 olim
830 810 931 867 clarius
948 811 1149 867 demonstratis.
1167 813 1286 884 Utraque
1302 813 1438 885 siquidem
1459 812 1573 883 epistola
1584 827 1631 866 ve·

96 900 137 955 ias
151 900 280 971 deguisse
296 906 420 970 patenter
436 900 556 966 innuant,
573 908 600 954 et
619 915 707 955 rerum
720 915 781 971 ges·
831 909 887 956 stro
903 898 1041 971 pontificio
1056 910 1150 956 nostro
1165 901 1249 956 missa
1264 902 1342 971 hujus
1356 918 1404 956 ros
1418 901 1536 975 flagrare
1552 900 1628 955 desi-

103 996 198 1042 sancto
209 989 324 1042 Damaso
330 1003 399 1058 papa
406 987 559 1057 conscripta
573 986 718 1043 manifeste
732 987 781 1042 de·
831 988 906 1044 derio
921 995 1043 1059 patenter
1057 989 1184 1057 insinuat,
1201 999 1227 1044 et
1243 991 1313 1045 banc
1335 1006 1384 1045 vos
1408 990 1441 1045 ad
1461 996 1560 1044 statum
1574 988 1630 1042 Ec·

97 1083 115 1130 t.
126 1076 159 1130 lit
170 1083 239 1129 statu
251 1075 630 1140 causarumlleoauxiliante.
647 1075 674 1129 iu
683 1075 781 1131 melius
830 1076 932 1142 clesiae,
961 1077 1033 1132 unde
1061 1092 1208 1148 pravorum
1232 1078 1403 1152 dissensione
1435 1078 1546 1149 repulsa
1577 1083 1630 1142 est,

97 1163 154 1219 lem
170 1179 304 1218 converso
320 1163 400 1218 sedes
416 1163 564 1233 apostolica
579 1164 613 1218 sit
626 1163 660 1218 ab
675 1163 715 1218 eis
736 1163 781 1235 qui
830 1165 966 1220 inhianter
984 1165 1054 1220 velle
1075 1165 1218 1229 reducere,
1243 1165 1342 1222 indicio
1370 1165 1487 1221 evidenti
1510 1165 1626 1220 demon·

97 1251 205 1307 tabitaut
241 1252 384 1323 regionem
417 1250 566 1323 recognita,
595 1250 726 1323 requisita
754 1259 782 1306 et
831 1261 907 1309 strat.
924 1255 947 1308 Α
962 1254 1020 1309 Deo
1036 1253 1136 1324 quippe
1151 1263 1307 1324 provectum
1327 1254 1470 1324 imperium
1495 1263 1626 1320 vestrum,

97 1339 214 1395 ireoibus
228 1339 339 1393 invitata
360 1357 367 1393 :
390 1354 493 1411 nosque
509 1338 572 1393 illuc
592 1339 736 1410 episcopos
748 1338 782 1394 'et
831 1341 902 1414 quod
918 1357 952 1396 eo
966 1348 1087 1407 auctore,
1100 1340 1201 1410 justitia
1217 1349 1243 1397 et
1257 1342 1399 1412 triumphis
1414 1341 1526 1407 ornatis,
1542 1342 1632 1397 minus

97 1426 120 1482 is
142 1427 248 1481 ordinis
283 1427 441 1482 sacerdotes
464 1443 526 1484 cum
550 1427 693 1497 praeceptis
707 1427 781 1482 sedis
832 1428 960 1484 nimirum
979 1429 1100 1484 validum
1116 1429 1260 1500 minusque
1282 1429 1433 1503 gloriosum
1448 1428 1559 1499 putatis,
1580 1429 1632 1483 nisi

98 1530 139 1571 cas
150 1515 316 1578 miserimus,
333 1522 360 1568 et
374 1516 472 1570 multos
488 1515 595 1569 labores
611 1530 662 1585 pro
677 1516 781 1569 iustiu-
832 1517 913 1572 etiam
927 1531 1034 1572 summa
1048 1517 1231 1572 condecorare
1246 1533 1312 1588 paco
1327 1534 1376 1572 seu
1394 1517 1541 1573 concordia
1556 1524 1631 1572 sata-

97 1602 160 1658 llius
171 1602 294 1674 regionis
304 1602 509 1672 arripuerimus.
522 1603 591 1657 Nam
606 1603 662 1657 etsi
673 1603 781 1674 quidum
832 1604 914 1677 gatis.
933 1604 990 1659 Nos
1019 1613 1119 1669 autem,
1140 1605 1327 1673 dilectissime,
1350 1604 1491 1660 audientes
1519 1604 1547 1658 iu
1562 1604 1633 1660 Con-

97 1690 290 1761 solandestina
313 1690 377 1745 illuc
400 1698 473 1745 sorte
493 1698 635 1755 venerunt,
660 1698 723 1761 apte
746 1690 781 1745 de
797 1693 1100 1778 Balantinopolitanam
1136 1693 1286 1749 Ecclesiam
1330 1693 1509 1748 dissensionis
1545 1692 1634 1748 adhuc

97 1794 147 1834 ¹ere
161 1794 307 1850 possumus
322 1778 387 1833 illud
397 1779 503 1833 Domini
513 1779 612 1835 dictum
622 1794 782 1834 asseueran·
832 1780 964 1837 scandala
991 1780 1129 1849 fluctuare,
1151 1780 1349 1853 nonnullosque
1378 1781 1500 1853 religiosi
1524 1781 1633 1835 habitus

97 1883 168 1923 narr
183 1868 231 1939 qui
245 1871 313 1923 ante
323 1884 367 1922 nte
377 1871 526 1932 venerunt,
535 1870 614 1939 [arca
624 1870 745 1939 [uerunt
754 1872 783 1922 et
833 1869 907 1924 viros
921 1870 973 1925 hac
987 1868 1102 1939 illacque
1117 1868 1255 1940 dispersos
1268 1877 1349 1940 atque
1364 1869 1485 1938 dejectos
1512 1867 1633 1939 ignomi-

97 1956 212 2026 t(tocn.
224 1959 264 2024 x).
277 1956 338 2026 lpse
347 1956 446 2026 quippe
456 1955 587 2009 Dominus
601 1971 652 2027 per
661 1957 783 2025 prophe·
833 1957 910 2012 niose
918 1957 1038 2023 tractari,
1054 1957 1151 2011 merito
1166 1956 1370 2028 ingemiscimus
1386 1964 1413 2011 et
1435 1956 1518 2011 multa
1533 1956 1635 2011 moesti·

97 2042 115 2099 it
130 2060 137 2097 :
160 2044 346 2099 l'enicbantet
357 2060 403 2115 epo
418 2059 475 2099 non
485 2045 633 2099 mittebam
643 2060 697 2099 eos.
714 2043 783 2099 Nam
834 2045 871 2100 tia
884 2045 1046 2116 fatigamur3
1059 2045 1195 2116 praecipue
1211 2060 1305 2116 pacem
1327 2043 1460 2099 sentimus
1474 2044 1528 2099 illic
1543 2044 1634 2100 conti-

119 2140 212 2186 autem
249 2131 365 2185 ambitus
398 2140 424 2186 et
462 2132 582 2186 avaritiae
609 2147 691 2186 causa
719 2132 784 2188 illuc
834 2150 887 2188 uua
901 2133 1073 2189 contentione
1101 2133 1244 2199 turbatam,
1275 2149 1354 2205 quam
1371 2149 1421 2203 per
1444 2132 1545 2187 multos
1560 2132 1634 2187 sedis

97 2217 121 2274 ri
151 2217 266 2290 proiecti
298 2227 370 2283 sunt,
400 2233 454 2273 non
484 2227 575 2273 autem
604 2218 702 2287 vocati,
733 2233 784 2275 nec
834 2220 991 2291 apostolicae
1009 2220 1117 2276 labores
1128 2221 1186 2289 jam
1210 2221 1390 2277 credebamus
1410 2219 1634 2287 adificatam3et

97 2349 108 2373 ,
133 2306 196 2363 licet
211 2322 261 2361 nee
291 2307 330 2361 sic
360 2307 387 2360 in
417 2314 533 2361 vestram
568 2322 617 2361 ros
643 2307 784 2362 dioecesim
834 2317 957 2365 sacratos
971 2309 1106 2380 quosdam
1114 2309 1236 2365 diversas
1244 2309 1358 2379 injurias
1372 2307 1516 2364 didicimus
1524 2323 1633 2379 passos,

97 2410 153 2450 sam
167 2394 373 2465 dispositionem
389 2393 538 2449 taciendam
554 2394 665 2450 introire
685 2410 784 2450 conue-
834 2398 947 2470 quosab
958 2398 1031 2453 omui
1045 2398 1230 2468 oppressionis
1247 2397 1320 2453 lusce
1334 2397 1509 2468 sperabamus
1517 2404 1633 2468 ereptos.

97 2481 158 2553 buia
179 2483 259 2553 igilur
278 2490 374 2537 contra
404 2498 496 2538 sacras
520 2498 569 2537 vos
600 2482 785 2554 multipliciter
834 2487 978 2541 Portemus
992 2486 1092 2558 quippe
1107 2486 1228 2541 omnium
1243 2501 1326 2542 onera
1341 2486 1385 2558 qui
1400 2492 1560 2558 gravantur,
1577 2485 1633 2539 imo

103 2570 196 2642 regula
224 2570 465 2640 deprehendimus,
487 2571 784 2626 excommunicavimus
834 2583 924 2646 portat
947 2575 1005 2630 lraec
1024 2575 1051 2629 in
1073 2574 1152 2631 nobis
1167 2582 1271 2629 amator
1292 2581 1384 2629 voster
1411 2574 1507 2628 beatus
1535 2574 1632 2628 Petrus

121 2659 187 2714 estis
219 2658 454 2714 excommunicati,
479 2656 608 2730 Quisquis
637 2667 728 2715 cutm
751 2676 784 2715 ex
834 2662 974 2734 apostolus
989 2663 1034 2734 qui
1049 2679 1100 2717 nos
1116 2662 1141 2717 in
1157 2663 1284 2718 omnibus
1300 2661 1492 2717 sollicitudinis
1507 2676 1636 2732 susepru-

97 2754 154 2802 ntra
175 2747 283 2817 triginta
310 2747 416 2801 dierum
438 2746 555 2816 spatium
573 2747 689 2817 cognitae
704 2747 784 2816 hujus
834 2747 902 2819 tegit
916 2762 947 2801 ac
962 2754 1054 2802 tuetur
1073 2746 1198 2802 haeredes
1214 2764 1220 2800 :
1237 2746 1287 2801 sed
1315 2746 1380 2818 quia
1403 2753 1431 2801 et
1456 2744 1637 2816 professionis

97 2834 145 2892 iae
160 2834 318 2898 sanctionis,
333 2834 407 2890 omni
433 2834 583 2906 Bulgaricae
606 2834 713 2907 regioni
730 2851 784 2890 nou
835 2839 935 2885 nostra
965 2829 1056 2886 officio
1082 2846 1145 2886 cum
1172 2830 1290 2886 teremia
1318 2829 1493 2885 nihilominus
1511 2828 1636 2885 dicitur:

112 2922 139 2978 iri
155 2939 188 2978 ea
211 2922 357 2995 quamlibet
381 2922 579 2978 ordinationem
608 2923 652 2977 rei
671 2923 786 2995 disposi.
834 2916 904 2971 Ecce
918 2914 1056 2970 constitui
1071 2918 1098 2969 te
1109 2914 1284 2986 bodiesupar
1297 2918 1393 2986 gentes
1403 2917 1432 2968 ct
1444 2928 1634 2985 superrcgnc,

99 3019 207 3083 patrare
225 3011 297 3064 ultra
319 3011 476 3081 praedictum
494 3011 620 3086 ‘spatium
647 3011 783 3067 obstinate
834 3007 868 3058 υἱ
887 3004 991 3058 evellat
1011 3006 1039 3058 tt
1067 3003 1208 3069 demittit.
1236 3006 1266 3057 0²
1288 3002 1443 3074 disperdas,
1467 3006 1495 3056 tl
1515 3001 1636 3074 dissipes

97 3100 198 3171 ipserit,
216 3107 372 3153 sanctorum
388 3100 494 3153 Petrum
510 3099 669 3154 auctoritate
684 3070 819 3154 nostri·C
834 3096 863 3147 ct
875 3092 991 3163 plantes
1005 3092 1073 3160 (ter.
1089 3089 1121 3161 ι),
1138 3099 1164 3145 et
1177 3090 1257 3146 etiarn
1273 3099 1360 3145 vestra
1376 3089 1463 3161 pietas
1478 3089 1513 3144 ab
1528 3097 1634 3160 aposto-

97 3187 147 3244 licii
176 3187 310 3241 sententia
324 3187 437 3257 proprio
454 3195 529 3241 curet
549 3187 647 3251 officio,
665 3187 786 3242 nonnisi
835 3178 890 3234 latu
906 3187 1000 3235 nostro
1014 3194 1065 3250 pro
1073 3180 1124 3234 hoc
1135 3179 1194 3248 ipso
1201 3193 1335 3248 personas
1344 3177 1472 3247 postulat.
1482 3177 1553 3232 Ecce
1565 3185 1636 3232 stre·

98 3292 148 3331 eus
158 3291 266 3346 pennam
276 3290 415 3343 erasurus,
429 3284 473 3329 aut
483 3275 588 3329 veniam
603 3275 785 3346 aliquomodo
835 3283 903 3321 nuos
919 3284 934 3321 e
948 3266 1033 3322 latere
1047 3274 1141 3321 nostro
1156 3265 1231 3320 viros
1245 3264 1397 3334 dirigimus,
1415 3264 1461 3335 qui
1474 3265 1497 3318 si
1513 3279 1566 3336 qua
1580 3263 1637 3319 illic

97 3380 152 3419 rud,
170 3364 198 3419 si
210 3364 270 3434 quii
285 3371 375 3417 durem
392 3371 511 3417 vestrum
522 3363 661 3418 humiliter
674 3378 705 3418 dd
715 3364 786 3418 obc-
835 3354 905 3410 iuter
919 3356 978 3411 heac
989 3353 1114 3426 diligenti
1129 3353 1217 3408 studio
1232 3352 1447 3423 deprehendant,
1464 3360 1491 3406 et
1505 3351 1547 3406 his
1558 3350 1636 3406 radi·
1702 3370 1705 3375 ’

119 3452 162 3507 bis
194 3452 348 3506 salubribus
385 3451 495 3506 monitis
538 3452 638 3506 nostris
673 3467 785 3523 parens,
836 3444 914 3507 citus,
941 3442 1092 3499 secundum
1116 3440 1224 3497 Domini
1245 3441 1412 3506 mandatum,
1435 3439 1548 3508 evulsis,
1570 3440 1636 3495 des·

97 3556 137 3596 ω
152 3540 240 3595 iocum
252 3539 358 3594 dederir
369 3538 491 3604 dioeoesi,
503 3540 609 3594 noverit
624 3554 676 3594 nos
690 3539 786 3595 dedi-0.
837 3531 944 3595 tructis,
959 3530 1092 3602 dispersis
1104 3538 1131 3585 et
1145 3529 1295 3600 dissipatis,
1312 3544 1409 3600 pacem
1423 3536 1449 3583 et
1463 3527 1595 3584 unitatem
1610 3535 1637 3583 et

97 3627 126 3683 bi
139 3630 326 3698 episcopatum
345 3627 447 3682 restitui
461 3644 542 3698 quem
556 3644 617 3682 eum
632 3628 659 3680 in
673 3627 787 3700 regione
836 3618 996 3675 charitatem
1009 3628 1035 3674 et
1046 3624 1232 3692 congruenter
1245 3615 1381 3672 aediircent
1409 3616 1490 3671 simul
1504 3624 1532 3671 et
1560 3615 1638 3687 plan·

97 3732 146 3770 um
160 3717 235 3786 prius
244 3716 372 3771 babuisse
381 3715 531 3771 constiterit
543 3732 549 3768 :
559 3725 676 3786 porroet
685 3715 707 3770 si
718 3731 788 3769 nun·
837 3716 903 3763 lent·
919 3707 989 3762 Num
1001 3707 1138 3778 quomodo
1152 3706 1253 3761 hebere
1268 3713 1395 3776 poterunt
1408 3704 1577 3773 charitatem,
1593 3703 1638 3776 qui

98 3803 182 3869 abuit,
199 3812 340 3859 vacantem
355 3804 392 3857 illi
409 3803 490 3858 tribui
500 3803 538 3868 ;si
547 3811 637 3858 tamen
654 3803 786 3874 talisper.
837 3795 960 3852 dividunt
973 3795 1104 3851 uuitateru
1121 3796 1135 3851 i
1150 3810 1200 3850 uos
1214 3803 1304 3849 autem
1318 3810 1369 3865 pro
1379 3794 1486 3849 Christo
1498 3792 1635 3866 legatione

97 3891 318 3948 cuinullsinhoc
328 3893 424 3964 regula
435 3893 542 3947 Petrum
561 3891 647 3946 valeat
662 3892 784 3947 obviare.
837 3884 931 3956 procul
955 3883 1038 3940 dubio
1052 3881 1199 3955 fungimur,
1215 3898 1277 3939 cum
1291 3883 1352 3954 paci
1367 3882 1498 3939 Ecclesiae
1520 3881 1639 3937 studium

97 3996 172 4052 iper
196 3980 308 4035 Paulum
331 3989 358 4033 et
371 3980 525 4052 Eugenium
547 3981 787 4051 episcopos-Data
837 3972 994 4044 impendere
1023 3987 1210 4043 procuramus.
1240 3969 1310 4040 Quia
1339 3987 1405 4027 vero
1430 3972 1489 4027 Deo
1508 3968 1640 4025 amabiles

107 4068 211 4122 mensis
227 4069 337 4138 Aprilis.
356 4068 501 4124 indictione
518 4083 557 4123 xi.
837 4061 922 4126 viros,
939 4075 1008 4132 quos
1028 4060 1188 4115 nominatim
1202 4059 1300 4115 litteris
1319 4059 1455 4130 expetitis,
1478 4059 1640 4131 quibusdam

408 4195 409 4199 1
838 4148 1017 4204 incommodis
1033 4149 1176 4220 impeditos
1191 4147 1328 4204 destinare
1343 4147 1497 4219 nequimus,
1515 4147 1640 4202 misimus

339 4203 435 4315 Xmll.
839 4238 951 4294 Paulum
967 4246 992 4293 et
1021 4237 1173 4309 Eugenium
1200 4236 1387 4291 sanctissimos
1416 4243 1443 4290 et
1473 4235 1640 4290 reverendos
1686 4292 1690 4301 ,

173 4305 208 4343 ³⁰
239 4305 365 4344 ”sustu
385 4303 593 4345 ¹¹¹⁹E¹³⁴⁸T⁰¹¹³¹
839 4326 992 4397 episcopos,
1009 4325 1177 4396 dilectosque
1191 4322 1356 4379 consiliaros
1380 4331 1501 4385 nostros,
1522 4337 1639 4394 quorum

307 4398 397 4463 (3⁰⁸⁰
413 4397 487 4463 ⁸⁷⁸2)
800 4415 916 4480 Dnobis
935 4423 961 4468 et
976 4411 1044 4469 tides
1064 4412 1177 4484 probata
1205 4419 1232 4466 et
1260 4410 1373 4467 scientia
1401 4409 1546 4465 manifesta
1576 4418 1636 4464 est:

97 4503 380 4574 omtantinopolitum
396 4503 550 4557 Ecclesiam
565 4501 719 4557 schismate
733 4503 780 4557 ad·
839 4501 1056 4576 quibusscriplo
1084 4499 1210 4555 dedimus
1225 4499 1252 4554 iu
1280 4498 1415 4554 mandatis
1443 4506 1481 4565 ut,
1512 4497 1639 4553 omuibus

97 4591 129 4630 ¹⁸⁶
145 4575 273 4629 lab‘mlff
283 4593 292 4639 ἒ
308 4591 361 4645 qua
376 4574 409 4628 ‘¹0
424 4589 454 4628 ⁷0
471 4574 575 4643 ‘etms‘
592 4574 692 4627 mmu-
833 4589 1021 4646 simultatibus
1048 4589 1144 4660 sopitis
1170 4597 1251 4660 atque
1281 4587 1393 4654 sedatis,
1410 4602 1471 4659 quae
1486 4586 1520 4641 ad
1542 4601 1639 4657 pacem

97 4695 113 4733 u·
124 4682 260 4744 Eugenium
269 4685 295 4732 et
306 4681 406 4732 Paulum
416 4680 634 4731 reverendissimos
646 4680 782 4743 episcopos·
833 4688 905 4746 sunt,
924 4687 1081 4735 sanctorum
1097 4678 1228 4750 magistra
1243 4676 1339 4751 regula
1351 4677 1469 4740 Patrum,
1486 4682 1542 4730 toto
1554 4688 1638 4730 cona·

97 4780 203 4836 sissimo
232 4780 311 4835 nobis
332 4790 358 4835 et
386 4779 562 4835 desiderabili
591 4779 645 4834 filio
674 4780 784 4833 bisrrro
835 4768 908 4824 mine
923 4775 1093 4835 construant,
1113 4775 1140 4822 et
1166 4766 1239 4821 omni
1248 4764 1421 4821 contentione
1436 4761 1551 4831 sublata,
1564 4761 1641 4831 justi·

97 4869 214 4924 missimo
227 4878 253 4923 et
268 4869 490 4940 tranquillissimo
505 4867 675 4938 imperatori.
837 4858 880 4913 5ae
897 4856 1025 4921 itibutsst·
1042 4857 1110 4923 ⁰⁸0,
1138 4854 1265 4925 Ps0Pi¹i02
1281 4852 1408 4923 palmam,
1437 4852 1489 4908 ¹¹0⁰
1510 4851 1639 4906 duntaxat

97 4966 188 5023 dictus
211 4967 335 5021 Deteret
360 4969 447 5020 Pater
470 4966 582 5020 Dormiat
610 4964 702 5020 nostri
720 4966 788 5020 tera
838 4946 872 5001 ἃᾶ
891 4944 998 5001 landem
1015 4944 1195 5016 Deiabssffiesr
1211 4950 1238 4996 ⁴²¹
1259 4941 1293 4995 id
1308 4940 1508 5011 Plae⁰⁰¹¹i0f¹¹¹¹¹
1531 4947 1640 4995 VOS‘PO·

97 5098 104 5120 ,
122 5056 208 5110 parer
223 5054 484 5110 misericordiarum
498 5058 528 5107 er
536 5055 609 5107 pm
621 5053 707 5108 rogi„
718 5067 786 5107 con.
838 5050 897 5089 rum
908 5031 1053 5099 cumulum,
1068 5031 1138 5088 sicut
1153 5046 1202 5085 vos
1216 5044 1299 5101 agere
1314 5029 1348 5084 de
1363 5028 1408 5084 die
1419 5028 1448 5083 in
1462 5028 1535 5084 diem
1547 5028 1637 5094 decet,

97 5142 334 5213 2g‚qdimiserrds
351 5149 377 5196 02
392 5141 549 5196 consolatus
564 5149 664 5195 egros
678 5139 705 5193 in
715 5153 787 5210 prae-
837 5122 978 5177 addentes.
995 5121 1187 5175 Verumtamen
1202 5117 1330 5217 ignorare
1345 5117 1418 5188 pium
1428 5116 1640 5215 'imperiumne-

97 5230 170 5286 eculo
185 5245 302 5301 nequam
322 5229 372 5299 (ill
383 5230 443 5285 Cor.
457 5230 489 5299 t),·
505 5228 617 5282 visitans
626 5233 652 5282 et
663 5227 788 5297 redemp·
840 5217 924 5264 stium
952 5207 1079 5264 ⁰⁰¹¹¹¹¹¹¹¹⁵
1105 5222 1156 5262 ¹¹⁰⁸
1191 5204 1349 5305 ⁸¹³⁰.⁵².⁰¹¹⁰.³³
1362 5205 1451 5304 'sedffi
1465 5219 1640 5304 ‘Psaeffll’ffssffl

97 5317 197 5374 iaciens
206 5327 260 5372 tam
267 5319 340 5388 pium
352 5325 461 5388 tamque
472 5316 622 5388 benignum
630 5314 738 5385 imperii
746 5330 790 5370 ve·
839 5296 948 5369 legalis·
963 5304 1090 5394 militis&
1106 5303 1207 5393 'timim
1219 5301 1384 5393 }'¹⁸2²³¹¹⁰¹¹¹⁵
1401 5292 1552 5365 bl⁰f¹⁰⁵¹¹¹¹¹
1567 5307 1640 5362 ⁰1¹¹&

99 5422 136 5461 nu
151 5406 245 5460 salutis
259 5405 392 5477 erigendo
413 5406 439 5458 iu
464 5405 546 5459 domo
562 5403 648 5459 David
661 5405 729 5474 (buc
746 5404 788 5472 11),
840 5386 916 5441 ἀπ’
930 5398 1078 5456 Pmimfflae
1105 5391 1117 5418 ⁸
1138 5397 1290 5453 Plfflfflpem
1317 5380 1426 5444 adeam·
1444 5389 1470 5436 θῑ
1484 5379 1519 5437 ‘¹⁰
1549 5387 1638 5452 ⁰Pt⁸1¹¹

101 5494 227 5551 uidelicet
241 5494 317 5566 pueri
333 5494 383 5548 sui.
401 5494 456 5548 Vos
470 5493 552 5559 enim,
565 5491 602 5546 fili
618 5490 788 5555 charissime,
874 5493 970 5544 ‘Forte
980 5490 1087 5556 loquitur
1097 5491 1128 5543 de
1140 5502 1198 5554 rege
1216 5490 1387 5552 bulgarorum.
