3794 6104
154 234 185 289 31
598 237 770 295 oracula!
797 229 996 292 attautsNSIS
1026 233 1302 295 ancutartscoet.
1776 242 1809 295 32

157 360 267 434 longius
281 378 356 417 eram
371 372 500 432 remotus,
517 365 544 418 in
558 360 885 435 filiivestriregisnostri
899 375 954 415 ser·
968 355 1120 432 Ascapos,
1137 363 1183 435 qui
1197 364 1287 420 sciunt
1299 371 1326 420 ιι
1347 381 1391 420 me
1411 379 1466 419 una
1485 379 1548 420 cum
1571 364 1611 419 eis
1626 363 1697 419 scire
1712 371 1813 418 norunt

159 448 245 505 vitio:
262 459 288 505 et
301 452 428 522 quoniam
451 453 510 508 sine
531 453 641 508 illorum
660 451 772 521 judicic,
791 450 836 522 qui
855 449 883 503 in
898 448 959 517 ejus

160 537 331 609 depositione
354 540 471 608 fuerant,
496 550 522 596 ιι
538 542 638 613 quibus
659 541 721 594 inde
732 538 894 609 scripsistis,
911 553 958 591 re-

160 626 234 682 stitui
250 627 414 700 regulariter
435 645 489 685 nen
513 629 621 685 valebat
638 645 644 683 :
661 637 688 683 ct
710 626 832 698 episcopi
846 625 959 681 aliarum

159 715 363 786 provinciarum
386 733 436 788 per
458 733 548 773 meam
570 717 796 773 convocationem
818 715 846 768 in
869 713 960 768 multis

160 804 286 874 occupati
302 808 465 879 congregari
480 821 535 861 non
550 814 684 876 poterant.
701 805 755 860 Sed
765 812 792 858 et
805 800 960 873 coepiscopi

161 892 328 948 libemcrum
342 894 488 966 provinciae
512 895 545 948 ab
569 894 629 965 ipsa
653 893 768 964 synode,
784 892 810 946 in
831 907 886 963 qua
899 889 960 960 cpi·

162 980 259 1036 stolam
287 982 436 1038 sanctitatis
457 990 556 1039 vestrae
585 981 749 1050 audirimus,
779 994 862 1036 causa
890 977 960 1032 resi-

162 1069 250 1124 stendi
266 1069 431 1126 Narmannis
454 1071 490 1126 ad
509 1086 573 1124 suas
594 1070 675 1124 sedes
690 1068 819 1124 festinare
839 1073 960 1122 matura-

161 1166 267 1213 verunt.
283 1158 364 1213 Pauci
380 1159 461 1214 etiam
476 1175 589 1214 numera
604 1158 734 1229 episcopi,
752 1157 797 1230 qui
812 1172 917 1211 mecum
933 1155 959 1208 in

161 1243 209 1299 lilii
223 1247 306 1301 vestri
322 1247 395 1319 regis
416 1247 503 1302 nostri
518 1255 596 1302 eraut
611 1247 763 1318 obsequio,
780 1261 843 1300 cum
858 1244 898 1298 eis
913 1244 960 1297 be·

160 1333 300 1407 nignitatis
315 1343 413 1390 vestrae
425 1336 690 1391 commendationem
712 1334 746 1390 de
768 1333 892 1390 llotbado
914 1349 960 1387 re-

159 1421 225 1493 legi,
242 1424 442 1493 responderunt
466 1440 519 1479 non
544 1440 574 1479 se
598 1424 667 1478 scire
684 1423 766 1477 talem
782 1422 865 1477 vitam
879 1427 961 1491 atque

161 1510 380 1583 intelligentiam,
404 1513 513 1584 taleque
536 1513 655 1567 studium
677 1511 748 1567 sacri
771 1509 915 1565 ministerii
934 1506 963 1561 in

162 1613 195 1654 eo
210 1597 304 1668 irrisae,
320 1608 348 1653 ut
363 1600 391 1654 in
405 1602 458 1658 boc
473 1617 502 1656 se
512 1600 630 1656 miscere
645 1600 795 1664 auderent3
811 1596 962 1669 prasertim

1008 449 1125 505 Rothadi
1139 452 1332 525 negligentiam
1347 462 1374 509 et
1393 453 1525 508 diutinam
1540 453 1568 506 in
1587 468 1666 509 sacro
1681 453 1810 508 ministe-

1009 538 1051 593 rio
1070 539 1258 605 inutilitatem,
1287 542 1321 596 de
1349 542 1408 610 ejus
1434 541 1604 597 restitutione
1631 540 1812 612 alloquerer,

1010 642 1106 682 ornnes
1124 644 1167 683 me
1183 628 1370 700 insufflarent,
1386 639 1411 685 et
1427 637 1563 685 amentem
1578 629 1687 700 penitus
1700 629 1811 698 judica·

1010 724 1080 772 rent.
1098 716 1126 772 Si
1141 717 1222 772 etiarn
1237 719 1370 785 liotbado,
1382 727 1410 773 ut
1425 735 1454 774 se
1469 718 1656 783 concrederet,
1668 718 1744 789 quod
1758 734 1815 773 non

1010 821 1068 861 suae
1082 806 1177 861 salutis
1190 807 1287 861 intuitu
1302 807 1411 874 faceret,
1436 805 1568 862 beneficia
1582 822 1632 861 nos
1648 806 1814 877 impetratu·

1011 908 1056 949 sas
1080 895 1310 965 promitteremus,
1339 897 1468 968 quoniam
1495 912 1565 966 pene
1586 911 1681 951 omnes
1706 895 1815 950 inistis

1011 984 1159 1053 provinciis
1174 985 1272 1052 sciunt,
1291 985 1354 1056 quia
1371 985 1520 1040 secundum
1541 983 1776 1055 Carthaginenses
1791 992 1818 1039 et

1010 1069 1152 1128 Africanos
1177 1089 1305 1140 canones,
1327 1082 1353 1128 et
1375 1074 1485 1130 decreta
1508 1072 1579 1128 beati
1595 1072 1737 1144 Gregorii,
1755 1072 1816 1128 ele-

1011 1166 1113 1215 ctorum
1130 1177 1159 1215 se
1174 1161 1308 1216 commisit
1320 1161 1432 1230 judicio,
1448 1169 1476 1216 et
1497 1159 1615 1231 amplius
1630 1175 1714 1232 quam
1729 1159 1815 1231 quin·

1011 1248 1086 1319 genti
1113 1248 1294 1304 interfuerunt
1322 1248 1423 1305 diversi
1453 1248 1557 1304 ordinis
1586 1248 1657 1314 viri,
1687 1248 1815 1304 ridentes

1012 1337 1122 1408 quando
1137 1337 1207 1392 calix
1222 1353 1322 1393 aureus
1337 1354 1399 1394 cum
1414 1338 1530 1409 gemmis
1554 1352 1570 1391 a
1584 1352 1709 1407 caupone
1725 1344 1752 1392 et
1768 1345 1813 1391 ta-

1011 1425 1139 1481 bernaria
1154 1442 1203 1496 per
1217 1427 1329 1480 missum
1345 1426 1418 1498 regis
1429 1426 1463 1481 de
1474 1425 1546 1479 illius
1556 1426 1672 1498 pignore
1689 1433 1816 1496 sumptus

1012 1520 1039 1567 et
1053 1513 1159 1568 delatus
1174 1513 1222 1569 fuit
1242 1515 1269 1568 in
1293 1514 1438 1585 synodum,
1455 1522 1481 1568 et
1496 1513 1612 1568 scientes
1631 1527 1750 1569 coronas
1766 1529 1814 1568 ar·

1013 1609 1157 1674 genteasa
1177 1602 1282 1668 Judaeo,
1311 1602 1352 1657 cni
1376 1602 1437 1656 illas
1459 1602 1580 1667 dederat,
1606 1610 1773 1673 resumptas,
1790 1610 1816 1657 et

162 1702 223 1741 cum
247 1687 280 1756 is,
311 1689 357 1760 qui
381 1696 459 1745 antea
482 1689 601 1761 aliquam
620 1686 804 1745 reuerentiam
828 1685 862 1741 de
884 1685 961 1753 deie-
981 1688 1161 1766 Blacultates
1176 1691 1377 1746 ecclesiasticas
1392 1691 1427 1744 ab
1442 1706 1475 1745 eo
1499 1705 1672 1761 suppressas,
1688 1697 1716 1745 ιι
1730 1690 1816 1746 laten·

162 1775 251 1831 ctione
266 1792 316 1832 sua
336 1777 461 1847 babebat,
487 1787 513 1833 et
533 1793 643 1848 semper
656 1775 817 1832 inobediens
831 1782 857 1830 et
872 1770 960 1829 sacris

106 1926 110 1935 Ι
162 1863 276 1936 regulis,
293 1873 319 1920 et
333 1867 418 1938 regiae
431 1866 566 1938 dignitati,
583 1874 608 1920 et
622 1864 832 1936 metropolitano
846 1860 961 1934 privile·

163 1952 209 2026 gio
234 1953 331 2021 iuerat,
357 1971 429 2010 nunc
450 1953 609 2010 effrenatius
633 1954 668 2009 ad
690 1952 837 2008 multorum
860 1950 961 2006 malum

163 2042 326 2112 exemplum,
351 2051 379 2099 et
401 2043 579 2115 plurimorum
608 2041 828 2098 benevolentium
847 2038 961 2096 scanda-

162 2128 227 2196 lum,
245 2130 377 2186 desaevire
392 2138 419 2186 et
432 2131 616 2206 negligentius
631 2138 712 2202 atque
724 2127 905 2200 perniciosius
919 2127 961 2183 ui-

133 2260 136 2267 .
162 2234 227 2272 rere
243 2217 427 2275 voluntatibus
443 2221 499 2275 suis
517 2220 640 2275 serviens
664 2234 726 2276 cum
740 2217 866 2272 libertate
880 2216 963 2270 debe

162 2313 212 2361 ret.
229 2307 269 2361 Dc
284 2322 317 2363 eo
332 2315 423 2363 autem
438 2308 511 2379 quod
534 2307 688 2378 benignitas
701 2304 787 2360 animi
801 2303 883 2359 vestri
896 2317 963 2373 pen-

163 2408 229 2449 sans
256 2410 309 2450 non
333 2396 493 2464 belluinum,
523 2396 571 2451 sed
594 2396 743 2450 humanum
760 2391 878 2448 hominis
902 2390 963 2444 ani-

163 2498 254 2552 mum,
265 2483 372 2554 scripsit
382 2485 495 2541 dicens:
509 2507 520 2534 ι
538 2484 666 2539 Fortasse
681 2488 830 2555 cognoscet
841 2479 964 2535 dilietum

164 2587 252 2637 suurn,
279 2578 306 2626 et
329 2588 378 2626 sna
402 2580 499 2643 sponte
523 2573 552 2626 in
571 2571 675 2641 judicio
700 2586 753 2642 quo
770 2568 908 2639 judicatus
923 2574 967 2622 est

164 2674 347 2730 perseverare
369 2661 480 2734 deliget.
506 2659 586 2732 Quod
610 2660 633 2714 si
655 2658 758 2727 fecerit,
782 2657 855 2729 apud
869 2671 965 2728 regem

164 2746 301 2815 carolum,
326 2749 533 2806 dilectissimum
555 2747 681 2805 videlieet
706 2746 792 2801 filiurn
825 2752 963 2812 restrum,

165 2837 303 2909 agendum
319 2846 371 2904 est,
387 2846 416 2892 ut
430 2836 592 2892 liberalitate
606 2851 655 2890 sua
671 2835 760 2890 eidem
776 2848 899 2906 congrua
915 2832 965 2886 be-

164 2922 271 2990 neficia,
287 2924 386 2996 quibus
410 2924 574 2980 sufficienter
596 2939 659 2980 etun
684 2923 740 2978 suis
764 2922 912 2977 sustentari
933 2934 967 2976 ac

1019 1785 1061 1833 ter
1080 1780 1303 1845 commendatas,
1337 1779 1455 1850 indeque
1484 1786 1608 1848 receptas
1636 1786 1663 1833 et
1685 1776 1817 1834 Ecclesia

1010 1866 1141 1934 redditas,
1152 1875 1179 1922 et
1193 1867 1304 1923 vascula
1319 1876 1461 1938 argentea,
1472 1883 1534 1938 quae
1548 1882 1602 1921 non
1617 1866 1699 1936 pauci
1713 1867 1815 1938 pende·

1012 1954 1050 2010 ris
1064 1971 1080 2009 a
1095 1955 1179 2028 longo
1193 1963 1317 2026 tempore
1332 1956 1360 2010 in
1371 1956 1495 2011 Ecclesia
1506 1954 1707 2025 pependerunt.
1724 1955 1815 2011 Sedet

1012 2042 1074 2111 alia,
1092 2061 1153 2115 quar
1167 2045 1208 2098 sui
1230 2044 1390 2100 decessores
1405 2059 1438 2099 ac
1453 2043 1689 2114 predecessores,
1707 2043 1812 2098 cateri-

1012 2149 1065 2204 que
1081 2131 1176 2188 fideles
1189 2150 1240 2203 pro
1256 2133 1377 2188 remedio
1392 2133 1488 2186 animae
1504 2147 1560 2186 suae
1576 2131 1667 2186 eidem
1683 2131 1814 2188 Ecclesia

1015 2221 1182 2290 obtulerunt,
1207 2222 1241 2274 el)
1265 2238 1298 2276 eo
1322 2221 1380 2275 sine
1404 2236 1541 2276 consensu
1562 2219 1765 2291 metropolitani
1785 2236 1816 2275 ac

1012 2311 1246 2380 coepiscoporum,
1264 2318 1290 2364 et
1305 2310 1363 2364 sine
1388 2309 1523 2365 oeconomi
1538 2324 1570 2364 ac
1588 2309 1814 2380 presbyterorum

1014 2406 1040 2453 et
1053 2397 1231 2453 diaconorum
1246 2415 1302 2453 sure
1315 2397 1444 2453 Ecclesia
1457 2413 1594 2452 consensu
1609 2413 1660 2468 pro
1674 2397 1753 2452 libitu
1767 2413 1816 2453 suo

1014 2486 1124 2541 donata.
1141 2486 1208 2541 Cum
1232 2486 1313 2541 etiam
1336 2487 1432 2540 beatus
1457 2486 1611 2557 Gregorius
1635 2485 1775 2543 multoties
1789 2486 1816 2540 in

1015 2574 1207 2646 epistolissuis
1227 2591 1259 2630 ex
1282 2574 1368 2630 sacris
1383 2574 1534 2629 canonibus
1549 2574 1659 2640 scribat,
1683 2591 1815 2646 quaecun-

1015 2680 1068 2736 que
1083 2664 1228 2734 episcopus
1243 2670 1303 2734 post
1318 2663 1518 2718 ordinationem
1533 2662 1706 2733 episcopatus
1721 2663 1817 2735 acqui-

1016 2750 1099 2817 sierit,
1123 2751 1214 2806 omnia
1237 2767 1298 2805 esse
1313 2750 1442 2806 Ecclesiae
1467 2749 1493 2804 in
1507 2765 1561 2821 qua
1580 2749 1682 2804 exstitit
1701 2749 1816 2808 ordina-

1016 2847 1069 2894 tus.
1086 2840 1163 2895 Unde
1185 2847 1290 2895 constat
1316 2839 1380 2910 quia
1404 2854 1455 2894 nec
1476 2838 1606 2908 ipsesine
1629 2853 1774 2895 oeconomo
1789 2848 1819 2893 ιι

1016 2927 1181 2983 conscientia
1196 2927 1359 2982 clericorum
1372 2927 1419 2981 illa
1433 2926 1531 2982 debeat
1546 2926 1718 2997 dispensare

164 3011 315 3069 honortilce
328 3013 430 3084 degere
453 3012 548 3084 possit,
576 3008 823 3104 benigno,11]t2nlis
829 3008 1031 3123 largiatur
1053 3016 1107 3071 Sed
1130 3023 1157 3070 et
1174 3030 1269 3070 omnes
1293 3015 1365 3069 urbis
1388 3015 1484 3071 incolae
1503 3031 1535 3069 ac
1556 3013 1668 3086 populi,
1694 3015 1819 3086 quicum

166 3099 288 3156 affectu:
307 3101 538 3174 »sciatdignatio
559 3083 673 3169 resire':
663 3079 910 3178 mabillam-isiae·
915 3096 968 3151 btl's
1017 3075 1155 3196 ἕξω.
1146 3104 1281 3175 episcopis
1306 3104 1342 3157 ad
1367 3104 1501 3174 synodum
1526 3111 1732 3164 convenerunt,
1749 3112 1820 3158 etot

162 3189 282 3259 jusmodi
305 3191 502 3262 temperantiae.
525 3179 593 3245 Nar'n
611 3180 651 3242 aa·
660 3154 978 3258 e0·q1tottetepil·rinii·'·
989 3200 1114 3248 ‘’rmeta
1138 3179 1173 3247 rid
1199 3192 1387 3262 spectaculum
1413 3199 1574 3256 currentes,
1601 3206 1663 3245 eum
1693 3191 1822 3247 uiderunt

167 3278 349 3349 quampotuit
365 3278 500 3334 ιιιιιιιί.
621 3323 660 3358 .
971 3298 1168 3380 „usgue”
1131 3281 1165 3335 ad
1193 3280 1291 3336 ostium
1320 3281 1418 3352 synodi
1445 3280 1618 3343 venientem,
1650 3288 1676 3335 et
1692 3280 1757 3335 inde
1789 3288 1819 3335 ut

201 3364 364 3436 Quaeetiam
379 3382 432 3440 ego
453 3339 569 3449 famufid
583 3345 965 3439 cestre-dominationem*
990 3349 1191 3463 ξζῇιιιιιιιιιιιι
1197 3356 1406 3428 redeuntem:
1437 3368 1537 3440 quique
1570 3368 1658 3423 sciunt
1687 3377 1819 3440 quantem

166 3454 266 3510 ditatus
281 3472 341 3511 sum
356 3470 417 3512 cum
432 3441 537 3512 cord'e”
533 3433 605 3519 me‘o,
621 3432 647 3508 ei
650 3419 833 3509 cdniefains·
821 3466 884 3508 cum
899 3431 998 3505 ide2·
989 3435 1302 3527 “benigriitaienrregis
1317 3461 1344 3508 et
1357 3452 1473 3506 fratrum
1492 3467 1634 3523 spernens,
1651 3453 1770 3522 qualiter
1786 3454 1819 3509 de

165 3541 270 3600 lissima
285 3543 339 3600 filio
356 3551 447 3600 vestro
457 3544 627 3598 domnomeo
640 3558 706 3615 rege
721 3539 899 3614 gloriosam
913 3538 965 3593 hac

166 3647 250 3688 causa
274 3633 400 3704 providi,
436 3640 535 3688 vestrae
572 3630 780 3702 sapientissimae
813 3626 967 3683 auctoritati

166 3722 286 3778 scribere
310 3722 422 3792 dignum
443 3721 517 3775 duxi.
544 3719 574 3774 ld
591 3726 641 3781 est,
658 3718 721 3788 quia
735 3717 798 3771 licet
817 3716 903 3770 fretus
917 3731 966 3768 ve-

166 3817 230 3864 strae
242 3808 410 3865 auctoritatis
432 3807 540 3871 litteris,
570 3822 620 3876 per
647 3804 796 3858 luidonem
820 3818 889 3857 mea
907 3801 966 3856 exi-

167 3897 264 3970 guitati
278 3897 399 3964 directis,
425 3911 540 3966 quarum
564 3893 728 3948 mentionem
743 3890 846 3946 fecistis
868 3890 896 3944 in
910 3889 967 3960 epi-

168 3984 248 4054 stola,
265 4002 346 4056 quam
362 3983 417 4038 lilio
433 3992 522 4039 vestro
538 3983 638 4037 domno
662 3988 754 4035 nostro
770 3979 829 4052 rogi
844 3978 964 4042 misistis,

167 4090 289 4146 quasque
304 4073 342 4127 illi
365 4072 462 4145 relegi,
487 4071 560 4142 apud
584 4086 644 4125 euna
665 4069 789 4124 obtinere
803 4083 922 4138 possem,
940 4074 968 4119 ut

167 4162 259 4217 missis
272 4162 338 4228 suis,
356 4161 402 4233 qui
418 4160 570 4216 Rothadum
586 4159 620 4213 ad
643 4166 763 4212 rostram
777 4155 966 4211 deducendum

167 4251 342 4322 praesentiam
370 4256 559 4319 susceperunt,
589 4248 739 4313 matularet,
770 4253 903 4316 quatenus
932 4243 967 4297 ιιΙι

167 4338 325 4410 arripiendo
341 4339 454 4394 ftomam
469 4337 565 4391 itinere
587 4342 787 4405 exspectarent,
811 4333 899 4388 donec
914 4348 966 4403 op-

1016 3543 1096 3599 certis
1111 3543 1245 3614 capitulis,
1262 3543 1334 3597 unde
1357 3542 1428 3596 sacri
1443 3556 1563 3597 canones
1577 3556 1708 3611 expressa
1720 3541 1818 3597 deere-

1016 3639 1113 3687 verunt
1142 3631 1257 3700 judicia,
1285 3631 1421 3699 judicatus
1449 3628 1664 3699 lacrymantibus
1693 3646 1761 3702 rege
1791 3638 1817 3683 et

1017 3716 1153 3787 episcopis
1167 3715 1262 3770 durior·
1277 3730 1343 3769 saxo
1359 3713 1520 3778 recesserit,
1535 3721 1663 3784 putarent
1682 3729 1752 3783 nos,
1773 3714 1821 3786 qui

1017 3820 1080 3860 eum
1096 3804 1245 3858 secundum
1264 3818 1358 3858 sacros
1378 3818 1498 3856 canones
1518 3802 1597 3872 (sicot
1611 3817 1659 3856 eos
1682 3801 1820 3857 intellexi·

1017 3908 1087 3957 mus,
1113 3892 1315 3961 judicavimus,
1345 3898 1372 3946 ιι
1394 3898 1490 3961 postea
1519 3899 1546 3944 ιιι
1576 3890 1629 3960 ipsi
1656 3889 1821 3961 praecipiunt

1017 3996 1137 4036 canones
1153 3998 1203 4052 per
1214 3981 1406 4051 coepiscopum
1418 3988 1542 4034 nostrum
1553 3978 1599 4050 qui
1615 3977 1704 4033 eidem
1717 3978 1821 4046 judicio

1016 4068 1148 4135 interfuit,
1171 4070 1247 4140 prius
1267 4068 1399 4138 judicium
1415 4076 1538 4122 nostrum
1561 4067 1596 4121 de
1611 4082 1644 4121 eo
1661 4065 1776 4127 referre,
1793 4073 1822 4121 et

1016 4175 1089 4213 nunc
1108 4158 1172 4212 illud
1189 4158 1276 4228 ipsum
1293 4174 1354 4211 curn
1373 4156 1473 4210 nostris
1489 4155 1585 4209 litteris
1601 4163 1682 4226 atque
1698 4155 1820 4219 vicariis,

1016 4246 1082 4303 sicut
1095 4246 1225 4315 jussistis,
1242 4246 1276 4300 ad
1292 4245 1592 4321 apostolicarnsedem,
1611 4259 1671 4314 quen
1687 4253 1819 4313 paternos

1016 4351 1135 4391 canones
1166 4334 1317 4390 servandos
1344 4331 1496 4397 coufirmat,
1528 4339 1555 4387 ιι
1583 4331 1761 4386 confirmatos
1790 4347 1822 4388 ac

168 4437 316 4501 portunum
340 4433 447 4496 tempus
473 4424 617 4496 episcopos
641 4423 785 4495 regionum
814 4430 968 4476 nostramm
983 4412 1205 4479 Dobservandos
1220 4438 1268 4477 sua
1290 4421 1481 4477 obseruatione
1496 4421 1684 4485 demonstrat,
1701 4419 1822 4492 dirigere

169 4514 339 4574 convocandi
353 4515 494 4570 adueniret
510 4531 517 4567 :
534 4514 597 4585 quia
621 4528 674 4566 nou
691 4519 748 4566 erat
770 4511 849 4575 ratio,
865 4517 892 4564 ut
908 4508 968 4563 aliis

169 4604 373 4673 notificaretur,
399 4619 447 4660 cur
475 4602 591 4658 lietbadi
615 4600 786 4655 transmissio
813 4598 969 4654 tardaretur

169 4701 314 4766 antequam
337 4692 473 4764 episcopis
497 4698 596 4747 vestra
612 4689 781 4744 auctoritatis
801 4686 917 4757 epistola
931 4686 969 4740 le-

170 4792 290 4858 geretur,
307 4790 412 4853 poterat
428 4781 497 4847 lieri,
509 4789 538 4835 ut
553 4779 599 4852 qui
621 4795 663 4832 me
679 4777 772 4832 rlirina
786 4775 929 4831 clementia
944 4782 970 4828 ιι

170 4888 221 4929 sua
236 4870 402 4943 benignitate
417 4878 443 4924 et
467 4868 569 4924 amoris
585 4867 730 4923 deuotione
754 4865 856 4927 colunt,
883 4871 907 4918 et
921 4862 970 4916 ali-

172 4961 236 5036 quid
259 4959 394 5015 aestimant
422 4975 483 5013 esse
508 4974 570 5012 cum
591 4956 657 5010 nihil
680 4955 741 5018 sim,
772 4959 971 5025 cognoscentes

169 5066 232 5107 meo
245 5049 357 5105 obtentu
372 5047 399 5101 id
413 5045 557 5111 accidisse,
574 5045 602 5099 in
617 5060 661 5099 me
672 5042 834 5098 scandalum
849 5050 973 5111 pateren-

172 5147 226 5206 tur,
247 5137 324 5209 quasi
352 5133 490 5191 contemni
517 5141 563 5188 aut
590 5133 692 5204 negligi
715 5132 834 5187 facerem
855 5137 972 5184 vestram

172 5224 448 5289 commendationem,
466 5221 512 5293 qui
527 5221 597 5275 intra
613 5220 773 5276 constitutos
792 5218 900 5273 aeoliis
915 5217 973 5272 dies

172 5316 200 5371 in
215 5313 330 5385 epistola
353 5328 402 5382 per
417 5309 542 5365 Odonem
565 5308 722 5378 episcopum
737 5309 831 5374 missa,
855 5307 890 5361 ad
905 5306 974 5360 obe-

174 5404 304 5460 diendum
319 5408 439 5455 vestram
463 5396 612 5455 accelerari
629 5395 738 5452 fecerim
754 5388 884 5468 ιιιιιιιιιιιιι
900 5393 975 5465 potui

172 5491 335 5564 iussionem.
351 5489 420 5543 Etsi
436 5486 545 5558 ‹praudo
568 5486 694 5540 inunum
710 5485 897 5553 convenirent.
915 5481 975 5552 epi-

1017 4513 1248 4583 procuravimus)
1277 4512 1311 4566 de
1340 4519 1439 4566 vestrae
1467 4509 1635 4565 auctoritatis
1661 4509 1768 4577 justitia
1797 4518 1824 4563 et

1018 4596 1149 4668 requitatis
1172 4595 1315 4649 libramine
1337 4594 1472 4659 dubitare,
1496 4601 1522 4649 et
1536 4593 1598 4648 ideo
1614 4599 1642 4646 ut
1658 4608 1687 4646 se
1704 4607 1822 4647 conere-

1020 4683 1096 4739 derct
1111 4684 1243 4738 locarium
1256 4683 1282 4738 ei
1296 4683 1466 4754 promittere,
1483 4683 1575 4752 sicque
1590 4697 1641 4736 nos
1664 4688 1694 4733 ut
1709 4680 1823 4735 insanos

1020 4772 1118 4827 meritc
1132 4773 1302 4828 denotarent.
1321 4774 1388 4826 Cum
1413 4771 1493 4824 etiam
1516 4768 1613 4824 silleri
1628 4777 1731 4840 posset,
1749 4770 1823 4840 quod

1021 4860 1117 4916 abillo
1138 4862 1224 4932 prima
1248 4868 1273 4914 et
1293 4868 1385 4913 sancta
1410 4859 1474 4913 sede
1498 4873 1530 4913 ac
1545 4873 1651 4912 sommo
1666 4857 1822 4927 apostolatu

1022 4958 1113 5006 vestro
1128 4950 1246 5005 fiendum
1262 4964 1316 5002 non
1330 4947 1460 5013 creditur,
1478 4955 1505 5000 nt
1527 4946 1587 5001 talis
1603 4946 1711 5003 arabis
1728 4946 1826 5019 cogni·

1022 5050 1065 5095 tus
1080 5039 1219 5096 restitutus
1234 5039 1262 5092 in
1285 5036 1381 5092 ordine
1405 5035 1566 5099 nominetur,
1590 5035 1664 5089 nulla
1687 5034 1767 5089 nobis
1790 5035 1825 5090 de

1023 5137 1123 5184 caetero
1137 5125 1302 5182 conscientia
1316 5124 1350 5178 de
1365 5124 1416 5177 sibi
1431 5123 1535 5178 arabis
1546 5122 1700 5179 commissis
1715 5122 1825 5176 anima-

1025 5217 1075 5270 bus
1094 5223 1167 5269 esset
1181 5213 1342 5284 periculum.
1358 5214 1466 5268 Etcum
1481 5229 1576 5267 omnes
1590 5213 1617 5265 in
1633 5212 1692 5265 istis
1707 5210 1829 5282 regioni·

1024 5305 1074 5359 bus
1091 5303 1177 5358 sciant
1191 5318 1273 5374 quam
1288 5301 1433 5375 negligens
1457 5310 1483 5355 et
1498 5309 1669 5371 contemptor
1684 5315 1826 5355 sacrorum

1025 5407 1171 5458 canonum,
1208 5401 1233 5446 et
1262 5391 1381 5462 ‹peraudiu
1414 5405 1550 5462 <piamque
1579 5389 1714 5460 patienter
1742 5395 1827 5459 atque

1026 5479 1143 5550 benigne
1165 5479 1245 5534 fuerit
1268 5479 1407 5543 toleratus,
1424 5486 1448 5532 et
1465 5493 1480 5532 a
1496 5493 1575 5547 quarn
1591 5476 1697 5537 inritis,
1715 5475 1780 5547 quia
1796 5492 1826 5531 se
