3794 6104
101 258 105 265 ¹
193 232 245 285 915

827 224 975 283 ΙΟΛΝΝΙΒ
1003 227 1098 283 PAPAE
1127 229 1198 285 vlit.

1787 236 1833 288 lli

180 353 242 408 stri
256 353 415 424 impugnant
431 369 463 408 ac
491 358 700 423 persequuntur,
731 358 760 405 ut
787 358 863 406 extra
892 367 985 406 muros
1001 351 1172 413 Anefarium
1188 356 1358 412 commisisse
1386 357 1495 428 negavit
1513 376 1520 422 ;
1536 357 1586 413 sed
1601 371 1699 413 coram
1714 355 1833 412 omnibus

192 442 273 505 Urbis
288 442 439 496 nullatenus
453 442 495 495 trel
524 441 569 511 qui
596 440 690 494 labore
718 455 849 494 manuum
878 456 987 494 suamm

192 531 286 586 vivere
301 530 417 596 valcant,
432 528 475 583 vel
491 529 547 599 qui,
564 534 591 582 ut
606 527 642 582 ita
671 528 797 593 dixerim,
828 528 989 582 Christiani-

192 626 275 673 tatem
290 634 376 680 suam,
394 617 462 672 sicut
477 617 566 681 decet,
596 617 752 682 observent,
782 616 874 686 egredi
904 616 989 670 libare

190 706 295 777 possint
311 722 317 759 :
334 721 364 759 ac
378 721 427 774 per
442 705 502 774 boc,
518 704 573 758 imo
588 720 636 774 pro
652 704 693 757 bis
707 704 843 768 omnibus,
868 703 891 757 si
911 703 988 758 citis-

194 793 262 848 sime
277 801 313 856 et,
331 793 455 846 omnibus
472 792 661 847 occasionibus
677 792 856 862 omnibusque
872 807 987 846 excusa-

191 881 308 936 tionibus
325 880 481 950 postpositis
510 889 535 934 et
550 881 721 950 contemptis,
738 881 772 934 ad
800 896 880 935 omae
909 880 988 934 nobis

191 976 216 1023 et
231 968 293 1023 huic
309 968 414 1039 regioni
430 968 507 1023 valde
523 968 629 1023 afflictae
644 968 842 1023 conferendum
858 967 985 1022 solatium

189 1072 244 1111 non
258 1056 397 1119 veneritis,
415 1057 510 1126 procul
525 1056 607 1110 dubio
629 1056 700 1110 scire
721 1056 834 1126 potestis
862 1056 925 1126 quia
953 1056 987 1110 ad

188 1153 332 1215 peccatum
347 1153 467 1199 vestrum
484 1152 508 1198 et
531 1145 660 1198 damnum
683 1144 804 1198 omnium
833 1145 890 1197 haec
913 1152 987 1197 terra

188 1232 295 1302 peribit.
313 1233 389 1287 Unde
404 1248 452 1303 pru
468 1233 525 1286 fleo
551 1231 708 1286 festinanter
734 1232 785 1285 iter
812 1231 846 1284 ad
862 1246 912 1285 nos
942 1246 988 1285 ve·

189 1320 281 1374 aiendi
301 1321 441 1388 assumite,
459 1327 484 1374 et
501 1328 529 1374 ut
540 1319 796 1374 bellaltomiuivice
807 1318 988 1389 illiuspraelie·

189 1409 264 1475 mini,
281 1409 316 1462 ad
332 1409 476 1463 beatorum
496 1407 681 1478 apostolorum
710 1408 812 1474 limina,
842 1409 899 1461 Deo
914 1424 987 1477 prae-

190 1496 269 1561 duce,
288 1512 336 1565 pro
352 1496 568 1550 Christianorum
583 1496 702 1549 omnium
717 1496 817 1550 auxilio
832 1503 986 1565 properate.

190 1585 259 1639 Data
274 1599 303 1638 ιιι
319 1585 457 1639 Kalendas
471 1583 645 1649 Novembris,
662 1583 809 1639 indictione
820 1599 879 1638 xiv.

552 1706 650 1762 CCCll.

451 1809 722 1850 insonnem

499 1884 590 1953 (Anno
606 1887 680 1954 880.)

196 1972 344 2028 deusdedit
367 1974 558 2027 Rtruetrnatcm
576 1974 683 2043 injuste
711 1974 990 2028 excommunicatum

227 2043 361 2109 absoluit,¹
372 2043 523 2109 condrrnot
538 2043 618 2098 illius
633 2059 698 2098 cam
713 2044 801 2098 llario
820 2058 909 2098 uxore
922 2059 990 2099 con-

224 2115 336 2185 jugium
353 2132 362 2167 .·
374 2114 453 2185 jubet
468 2129 533 2169 enm
546 2114 672 2184 defendi.

227 2218 466 2274 Reverendissimo
481 2226 507 2273 et
522 2218 692 2274 sanctissimo
713 2220 832 2275 Romano
854 2218 990 2289 archiepi-

194 2322 278 2378 scopo
288 2306 438 2361 Ravennati
453 2321 503 2377 pro
519 2322 602 2362 causa
612 2307 760 2361 Deusdedit
776 2306 948 2372 Ravennatis,
965 2314 992 2360 et

194 2394 277 2451 Leoni
304 2395 452 2449 venerabili
482 2395 612 2465 episcopo
641 2395 725 2450 misso
754 2403 780 2450 et
812 2395 990 2465 apocrisiario

192 2498 304 2538 summae
319 2482 392 2537 sedis
407 2489 507 2538 nostrae
525 2483 691 2552 apostolicae,
707 2483 823 2549 {necnon
850 2482 990 2553 quibusvis

192 2570 284 2626 missis
299 2571 469 2641 imperatoris
483 2578 509 2625 et
524 2572 650 2625 omnibus
662 2571 810 2639 judicibus,
832 2578 857 2625 et
884 2568 992 2641 populis

193 2658 309 2715 Romani
332 2656 459 2713 territorii
486 2658 648 2723 constitutis,
679 2658 836 2729 cunctisque
866 2654 992 2710 fidelibus

194 2754 296 2802 sanctae
309 2745 450 2811 Ecclesiae,
468 2745 649 2816 presentibus
663 2747 766 2801 scilicet
785 2754 866 2816 atque
883 2743 990 2798 futruis.

231 2834 359 2890 Omnium
373 2834 552 2889 reverentiam
567 2834 742 2904 omniumque
751 2832 912 2887 industriam
924 2832 992 2887 scire

192 2925 332 2978 hortamur
347 2922 420 2994 quod
435 2922 578 2977 Ravennas
595 2923 731 2977 humanus
759 2921 991 2991 archiepiscopus,

191 3019 218 3066 ct
233 3026 291 3076 orc,
310 3026 372 3065 cum
387 3011 522 3066 Ravennae
536 3007 682 3078 fueramus,
698 3009 804 3073 dixerit,
821 3016 847 3063 et
876 3008 986 3078 scriptis

194 3098 383 3164 transmiserit,
409 3098 481 3169 quod
496 3098 627 3152 nonnulla
641 3099 744 3153 incesta
759 3097 887 3170 conjugia
902 3097 929 3151 in
944 3113 993 3151 sua

193 3187 323 3259 parocbia
347 3186 471 3256 fuissent,
488 3195 514 3241 et
544 3187 663 3258 quotidie
682 3185 785 3241 fierent.
809 3186 914 3240 Deinde
947 3201 994 3255 per

195 3292 274 3332 suurn
289 3275 419 3347 legatum,
436 3274 607 3330 Dominicum
636 3273 762 3329 videlicet
791 3273 992 3344 presbyterum,

196 3372 225 3419 ut
238 3364 291 3436 ipsi
306 3364 415 3435 triginta
436 3370 462 3417 et
477 3364 530 3418 duo
558 3370 666 3428 essent,
682 3362 797 3418 dicendo
821 3359 991 3433 significavit,

197 3468 349 3526 suggerens
365 3460 394 3506 ut
408 3460 499 3507 nostra
514 3451 671 3507 auctoritate
685 3451 737 3521 ipsi
753 3467 800 3505 eos
827 3450 922 3504 liceret
945 3464 992 3504 ca-

193 3542 292 3598 nonice
307 3557 402 3596 omnes
413 3541 545 3608 judicare.
578 3539 630 3607 Qui
644 3539 770 3594 omnibus
779 3538 908 3603 dimissis,
925 3552 993 3608 quos

195 3631 277 3687 etiam
291 3629 450 3685 nominatim
477 3628 592 3690 dixerat,
611 3634 637 3682 et
657 3628 713 3682 sola
728 3626 853 3680 inductus
880 3625 990 3692 invidia,

191 3726 220 3775 ut
236 3735 337 3784 remur,
355 3726 381 3772 et
397 3726 491 3788 postea
507 3717 534 3770 in
551 3724 642 3771 sancta
659 3715 742 3785 patuit
763 3715 877 3785 synodo,
908 3716 994 3767 Deus-

194 3808 269 3863 dedit
284 3806 393 3861 fidelem
408 3813 532 3860 nostrum
548 3805 616 3876 (qui,
633 3804 696 3858 dum
718 3805 854 3858 Ravenna
882 3801 991 3868 fuimus,

191 3896 251 3966 ipse
265 3910 349 3965 penes
365 3909 415 3947 nos
430 3893 549 3962 quotidie
574 3892 631 3955 fuit,
648 3900 674 3946 et
689 3907 782 3947 coram
797 3907 851 3955 me,
882 3898 909 3945 ct
933 3890 993 3960 ipso

191 3981 398 4052 archiepiscopo
410 3995 516 4047 cauam,
532 3987 560 4033 ut
583 3979 723 4047 debuerat,
744 3978 898 4048 judicavit),
916 3986 992 4048 post-

194 4085 276 4143 quam
301 4069 393 4122 sedem
433 4067 611 4137 apostolicam
641 4067 795 4138 appellavit,
834 4081 994 4122 excommu-

193 4159 285 4214 nicare
299 4173 354 4212 nou
369 4155 536 4210 formidavit.
557 4155 617 4225 lpse
633 4154 780 4210 Deusdedit
795 4170 860 4208 vero
874 4153 926 4207 dux
942 4169 992 4223 pro

195 4254 290 4302 nostra
318 4244 447 4300 fidelitate
468 4243 510 4298 his
533 4243 663 4312 obedivit,
700 4250 724 4297 et
749 4243 782 4297 ad
815 4242 992 4312 apostolicam

194 4333 364 4407 praeseatiam
379 4334 472 4388 venire
492 4332 580 4388 modis
606 4331 731 4387 omnibus
759 4329 904 4387 festinavit.
935 4331 993 4384 Nos

194 4439 272 4478 suam
287 4437 396 4477 causam
425 4420 576 4484 audientes,
605 4418 692 4490 etqui
708 4435 769 4473 eum
794 4433 923 4473 accusare
938 4404 1029 4471 uonD

195 4511 355 4576 debuerant,
381 4525 414 4563 ex
428 4516 507 4579 parte
521 4506 719 4577 archiepiscopi
734 4522 788 4560 noa
810 4505 990 4570 invenientes,

193 4608 352 4670 poteramus
367 4595 608 4667 ipsurnabsolverc
624 4612 631 4654 ;
648 4595 696 4648 sed
725 4594 870 4660 noluimus,
893 4610 994 4665 usque-

196 4702 250 4758 quo
265 4685 470 4755 archiepiscopo
499 4682 678 4747 misissemus,
709 4682 763 4736 imo
792 4682 834 4736 cui
857 4682 991 4748 misimus,

127 4812 131 4834 .
197 4775 319 4831 dicentes
335 4789 340 4829 :
358 4781 386 4826 ut
400 4773 458 4843 ipse
473 4770 695 4841 archiepiscopus
703 4784 754 4840 pro
765 4769 871 4823 statutis
886 4777 994 4825 sancta-

197 4879 259 4917 rum
273 4861 323 4915 Dei
339 4860 570 4927 Ecclesiarum,v1
589 4859 651 4913 ldus
664 4857 828 4913 Novembris
847 4858 881 4911 ad
911 4872 992 4927 syno-

197 4951 262 5006 dum
273 4949 461 5005 celebrandam
474 4947 585 5011 veniret,
610 4946 737 5001 deferens
760 4960 852 5000 sucum
881 4961 994 5000 accusa·

196 5048 271 5096 tores
287 5046 311 5094 et
323 5045 414 5105 testes,
431 5044 565 5107 quatenus
580 5034 622 5088 his
642 5035 737 5089 delatis
752 5033 890 5104 negotium
906 5034 993 5088 Deus-

197 5127 271 5183 dedit
285 5127 356 5181 inter
370 5124 422 5179 alia
437 5123 567 5178 canonice
576 5122 740 5176 finissemus.
758 5121 811 5191 Qui
834 5137 882 5192 pro
906 5137 936 5176 se
951 5121 992 5175 sui

198 5215 316 5269 cardinis
332 5212 503 5268 Dominicum
519 5210 718 5281 presbyterum,
736 5218 761 5265 ct
784 5211 914 5264 loannem
938 5209 993 5264 dia·

200 5316 297 5356 conum
312 5299 585 5363 misit,transmittens
600 5314 661 5353 cum
678 5298 730 5352 illis
745 5297 860 5367 scriptas
876 5312 992 5352 acetrsa-

202 5387 288 5442 tiones
305 5407 311 5441 :
329 5389 425 5459 quihus
439 5387 547 5458 scriptis
561 5401 653 5442 coram
668 5394 759 5440 saneta
773 5386 877 5455 syuodo
904 5385 991 5450 lectis,

200 5475 235 5530 ad
250 5476 443 5533 eaDerrsdedit
464 5475 613 5547 respondit,
643 5482 669 5529 et
692 5489 721 5530 sc
749 5474 883 5530 incestum
911 5482 993 5547 atque

1040 456 1069 495 se
1084 442 1255 499 innocentem
1271 446 1398 512 ostendit,
1416 455 1443 502 et
1456 445 1541 501 divini
1556 444 1747 517 mundanique
1771 445 1833 513 juris

1039 530 1200 586 auctoritate
1213 548 1242 587 se
1262 535 1439 605 conjugatum
1451 534 1584 605 probavit.
1595 532 1775 603 Quapropter
1788 548 1835 587 um

1038 631 1099 671 cum
1115 628 1207 674 sancta
1223 622 1328 690 synodo
1343 621 1419 676 illum
1434 621 1612 686 absolvimus,
1636 629 1664 676 et
1679 636 1745 675 eum
1767 635 1833 675 oom-

1038 706 1160 761 munioni
1186 717 1286 764 nostrae
1310 710 1473 780 recepimus,
1500 717 1526 764 et
1553 709 1670 764 Mariam
1692 709 1832 780 conjugem

1038 810 1113 848 suam
1127 794 1166 849 illi
1181 813 1293 851 uxorem
1309 810 1370 852 esse
1397 798 1547 870 legitimam
1577 796 1752 868 firmavimus
1781 812 1833 851 cam

1039 882 1227 939 benedictione
1241 885 1291 939 Dei
1305 886 1498 955 omnipotentis
1512 892 1539 940 et
1554 893 1649 940 nostra
1666 903 1673 951 ;
1691 892 1720 940 et
1736 883 1760 938 si
1769 900 1834 954 pra-

1039 969 1108 1024 fatus
1131 973 1361 1044 archiepiscopus,
1387 981 1433 1028 aut
1464 973 1581 1028 ministri
1610 973 1680 1043 ejus,
1702 972 1732 1026 in
1761 972 1834 1026 rebus

1039 1059 1094 1113 suis
1120 1075 1285 1132 suorumque
1307 1062 1447 1116 bominum
1470 1062 1642 1116 invasionem
1677 1068 1706 1115 et
1736 1059 1836 1114 fortiam

1038 1145 1128 1201 facere
1143 1149 1266 1215 voluerit,
1286 1165 1334 1204 vos
1349 1151 1520 1205 Ravennates
1548 1165 1598 1221 pro
1628 1149 1690 1219 ipso
1711 1147 1788 1203 illum
1811 1149 1835 1201 in

1039 1235 1095 1288 suis
1115 1234 1262 1291 defendite.
1283 1238 1351 1292 Data
1375 1241 1408 1293 nt
1435 1255 1530 1311 supro,
1555 1236 1708 1293 indictione
1736 1236 1835 1292 decima

1038 1331 1144 1394 quarta.

1381 1413 1493 1468 CCClll.

1073 1513 1109 1553 aa
1123 1513 1290 1555 ansrsnrua
1305 1513 1805 1556 incurserscorurtasarotannrvsmt.

1345 1590 1435 1658 (Anno
1454 1589 1529 1660 880.)

1003 1694 1238 1758 Blnobedicntioe
1256 1711 1321 1749 cam
1342 1696 1448 1766 arguit,
1462 1697 1647 1767 precipitatus
1658 1697 1694 1749 ut
1704 1695 1837 1750 naamat-

1076 1766 1143 1820 dum
1164 1769 1191 1820 et
1218 1767 1379 1821 ll'arlenam
1400 1766 1569 1831 monachos,
1594 1780 1663 1836 qous
1686 1767 1795 1835 injuste
1810 1767 1837 1819 in

1076 1851 1217 1891 carcerem
1241 1837 1424 1907 conjecerat,
1447 1835 1483 1890 ad
1505 1851 1605 1891 corum
1636 1836 1840 1891 nronostcn'nm

1074 1906 1227 1974 honorifice
1240 1908 1381 1961 remittat.

1075 2014 1224 2066 hasenaro
1239 2012 1443 2082 archiepiscopo
1459 2011 1665 2067 ltadiotanensi.

1076 2101 1208 2155 Decuerat
1225 2107 1260 2165 te,
1272 2099 1356 2155 frater
1371 2100 1537 2166 charissime,
1563 2115 1633 2170 pura
1649 2099 1736 2154 animi
1756 2100 1838 2155 since·

1041 2187 1119 2242 ritate
1148 2203 1207 2242 eam
1232 2188 1411 2243 reverentiam
1435 2203 1550 2259 eumque
1576 2189 1713 2243 honorem
1738 2196 1837 2243 sancte

1041 2275 1279 2346 sedisapostolicae,
1295 2277 1338 2331 cui
1353 2277 1411 2331 Deo
1426 2285 1536 2331 auctore
1557 2276 1753 2347 praesidemus,
1776 2292 1838 2348 quo·

1041 2364 1105 2418 tidie
1120 2365 1288 2434 impendere,
1306 2380 1366 2436 qum
1380 2380 1466 2435 usquc
1482 2365 1517 2418 ad
1531 2372 1577 2419 tua
1592 2371 1721 2435 tempora
1746 2379 1836 2420 omnes

1041 2453 1077 2506 tui
1093 2452 1311 2522 predecessores
1336 2452 1507 2507 laudabiliter
1534 2452 1670 2518 viventes,
1698 2452 1762 2507 huic
1789 2453 1837 2506 Ec·

1041 2540 1132 2596 clesiae
1147 2540 1298 2594 obtulerunt
1312 2556 1400 2611 prone
1414 2540 1512 2594 mentis
1527 2540 1685 2596 devotione.
1715 2541 1769 2594 Pro
1789 2555 1837 2610 qua

1042 2645 1072 2683 rc
1087 2628 1394 2698 ejusgrcmiosuscepti,
1412 2628 1520 2699 quidam
1535 2628 1836 2699 praenonnullisamore

1042 2716 1133 2771 dilecti
1144 2726 1205 2770 sunt
1221 2736 1229 2783 ·,
1247 2717 1295 2771 sed
1310 2732 1385 2780 ecce,
1402 2716 1645 2788 quodsinedolore
1660 2716 1715 2771 dici
1725 2732 1779 2771 nou
1793 2731 1835 2786 po·

1042 2812 1104 2874 test,
1121 2804 1214 2859 nescio
1230 2820 1282 2876 qua
1299 2804 1403 2876 antiqui
1423 2804 1509 2859 hostis
1530 2803 1636 2868 fraude,
1661 2821 1679 2858 a
1692 2804 1738 2859 die
1766 2804 1834 2858 ordi·

1043 2892 1158 2946 nationis
1173 2900 1235 2956 tuae,
1252 2900 1277 2946 et
1293 2900 1414 2961 tempore
1429 2892 1586 2961 senectutis,
1599 2900 1696 2948 contra
1720 2899 1835 2947 sanctem

1042 2981 1194 3036 Romanam
1218 2979 1370 3036 Ecclesiam
1393 2988 1507 3035 matrem
1533 2989 1605 3034 tuam
1630 2995 1688 3035 non
1716 2978 1835 3036 destitisti

1007 3052 1115 3125 Cauno
1129 3069 1299 3133 inobediens,
1314 3083 1386 3123 nunc
1401 3068 1513 3123 dolosus
1541 3076 1568 3123 te
1595 3067 1751 3138 patefacere
1767 3086 1774 3122 :
1789 3083 1835 3138 qua

1042 3158 1203 3213 necessitate
1219 3156 1360 3227 compulsi,
1377 3164 1403 3211 te
1418 3157 1557 3226 corripere
1567 3156 1721 3227 apostolico
1736 3155 1834 3226 flagello

1043 3246 1260 3316 operaepretium
1276 3245 1400 3298 duximus
1413 3263 1420 3310 ;
1436 3244 1485 3299 sed
1499 3244 1597 3299 iterum
1611 3252 1730 3315 paterna
1758 3245 1832 3298 mise·

1043 3334 1144 3389 ratione
1159 3342 1185 3388 te
1200 3334 1235 3388 ad
1250 3349 1301 3388 nos
1316 3332 1449 3387 reducere
1463 3348 1517 3387 non
1528 3332 1768 3403 praetermisimus,
1780 3348 1832 3403 spe

1042 3429 1135 3475 rantes
1150 3421 1176 3474 in
1193 3429 1217 3475 te
1231 3421 1265 3476 de
1281 3420 1386 3491 reliquo
1401 3420 1505 3474 nullum
1521 3419 1670 3492 vestigium
1693 3420 1770 3476 circa
1790 3435 1832 3474 aas

1042 3509 1129 3579 culpae
1145 3509 1236 3581 aliquo
1250 3508 1332 3564 ruodo
1346 3509 1477 3579 reperire,
1493 3508 1556 3578 quia
1583 3516 1609 3564 et
1633 3506 1770 3579 professio
1795 3517 1831 3563 tua

1042 3598 1094 3652 hoc
1105 3613 1195 3652 coram
1205 3597 1283 3652 nobis
1291 3597 1469 3665 iureiurando
1492 3594 1752 3667 spoponderatlin,
1772 3597 1831 3650 boae

1043 3686 1093 3752 vir,
1124 3685 1224 3757 aliquid
1246 3686 1364 3740 deterius
1391 3684 1560 3740 committere
1584 3700 1640 3738 non
1677 3684 1829 3750 formidasti,

1042 3789 1103 3828 cum
1116 3774 1247 3845 quosdam
1262 3775 1410 3830 monachos
1426 3781 1534 3828 nostros
1561 3773 1673 3827 nomine
1702 3771 1829 3828 Rhodotl-

1043 3862 1117 3927 dum,
1134 3870 1160 3917 ct
1175 3861 1344 3928 Warlenum,
1364 3863 1450 3917 Roma
1476 3861 1511 3915 ad
1538 3876 1617 3915 suum
1648 3861 1829 3916 monasterium

1042 3950 1211 4005 Pultariense
1233 3950 1285 4004 iter
1312 3959 1465 4021 carpentes
1489 3950 1706 4019 comprehensos
1730 3947 1830 4018 jusseris

1042 4038 1088 4093 diu
1103 4039 1153 4093 sub
1169 4038 1299 4094 custodiae
1321 4038 1436 4093 vinculis
1460 4036 1607 4093 reservari.
1639 4034 1722 4104 Quod
1750 4034 1828 4109 quanti

1042 4127 1140 4198 piaculi
1156 4127 1189 4182 sit
1204 4142 1271 4182 sano
1288 4127 1424 4183 intellectu
1438 4126 1496 4197 ipse
1511 4125 1665 4197 perpende,
1699 4133 1830 4197 quantum·

1042 4232 1094 4285 quc
1107 4217 1226 4271 dedecus
1237 4217 1310 4271 sedis
1321 4215 1488 4287 apostolicae,
1504 4230 1567 4285 quae
1581 4213 1693 4269 Christo
1719 4221 1828 4274 aucam,

1043 4304 1125 4359 etiam
1140 4305 1167 4357 in
1182 4305 1312 4358 barbaras
1327 4304 1449 4359 nationes
1474 4302 1564 4357 libera
1578 4317 1693 4373 semper
1721 4303 1777 4359 visa
1796 4307 1830 4354 cst

1045 4391 1119 4464 fungi
1135 4392 1271 4462 legatione
1287 4409 1293 4447 :
1311 4392 1384 4463 quod
1399 4390 1477 4446 nefas
1491 4389 1594 4444 malum
1604 4390 1656 4445 sub
1670 4391 1747 4446 omni
1767 4388 1829 4445 cele·

1045 4480 1123 4535 ritate
1138 4481 1284 4535 emendare
1299 4480 1446 4546 hortamur,
1462 4486 1489 4533 et
1512 4478 1660 4549 praedictos
1682 4479 1734 4534 Dei
1753 4478 1830 4533 feruu-

1044 4569 1085 4624 los
1099 4584 1161 4624 cum
1170 4569 1296 4623 omnibus
1305 4568 1362 4623 suis
1372 4567 1554 4622 illaesosabirc
1566 4568 1682 4638 patiaris
1691 4568 1728 4622 ad
1742 4567 1827 4627 locam,

1043 4657 1189 4711 miserante
1205 4658 1272 4723 Deo,
1291 4672 1346 4714 suae
1360 4655 1543 4723 habitationis,
1573 4656 1608 4710 Et
1624 4656 1696 4711 sicut
1711 4664 1756 4710 tuo
1775 4667 1830 4709 cou-
1854 4647 1859 4657 '

1044 4744 1104 4800 silio
1118 4761 1166 4815 pro
1180 4753 1255 4800 certo
1270 4761 1318 4799 eos
1332 4744 1510 4817 cognovimus
1538 4760 1602 4799 esse
1625 4745 1781 4801 innocenter
1792 4755 1828 4795 cu

1044 4832 1321 4902 stodiaemancipatos,
1338 4832 1384 4897 ita,
1396 4840 1423 4887 te
1439 4832 1566 4899 faciente,
1584 4831 1706 4888 sciamus
1729 4829 1827 4886 eosdem

1042 4919 1162 4974 funditus
1177 4929 1201 4976 et
1216 4937 1278 4977 oum
1293 4921 1457 4991 competenti
1484 4921 1589 4976 honore
1605 4921 1744 4976 diruissos.
1768 4919 1824 4973 nau

1042 5026 1137 5064 mense
1145 5009 1316 5077 Novembris,
1333 5009 1480 5064 indictione
1493 5023 1554 5063 xiv.
1877 4996 1880 5001 ¹

1381 5114 1492 5170 ccclv.

1162 5217 1199 5257 aa
1213 5217 1382 5258 sanonorvsu
1393 5215 1616 5259 aaocuntronmt
1629 5217 1728 5259 raam.

1346 5291 1436 5361 (Anno
1452 5291 1527 5360 880.)

1291 5375 1424 5446 Ejusdem
1432 5376 1607 5446 argumenti.

1079 5473 1222 5528 Sauouoru
1237 5471 1407 5543 procuratori
1422 5471 1520 5542 Papiae.
