3794 6104
169 235 221 290 nar
520 231 669 287 cernuo.
694 231 741 287 sn
764 231 794 287 s.
822 229 1033 289 narramus.
1064 229 1111 286 ns
1134 230 1283 289 rmuuus
1308 232 1376 289 rna
1391 202 1531 291 'runnu
1769 237 1821 289 aas

171 360 242 415 bene
269 356 407 414 formate?
422 356 516 426 Quave
543 371 627 412 causa
657 356 729 411 ultro
759 363 784 412 ιε
798 354 1005 415 consiliariusA
1019 354 1099 425 phis;
1116 356 1230 424 exsulta,
1246 355 1393 414 benedicte
1415 358 1496 413 Pater
1511 357 1688 414 sanctissime
1704 358 1818 426 Petrum

171 446 297 517 injecisti,
315 453 343 501 ut
370 445 548 501 manducaret
561 446 634 517 quod
653 453 728 499 tuum
751 460 804 499 non
819 443 894 498 fuit?
909 443 967 509 Dic,
1019 444 1114 499 doctor
1140 445 1297 502 dulcissime
1333 447 1474 502 doctorum
1490 464 1497 500 z
1513 447 1587 519 quia,
1627 450 1821 503 consummatis

171 534 284 609 pestifer
297 533 350 601 fur,
366 535 430 606 quia
457 549 512 590 non
534 533 646 605 potuisti
662 549 759 603 rapere
773 541 876 604 partem
891 531 970 602 regni
1020 532 1147 604 operibus
1171 534 1282 600 sanctis,
1307 535 1407 605 pariter
1430 536 1609 608 congaudetis
1632 551 1718 606 super
1741 551 1822 608 regna

173 624 233 691 Dei,
249 623 311 679 ideo
325 622 432 678 voluisti
456 638 553 694 rapere
568 639 619 694 per
648 630 802 693 serpentem
818 630 970 677 creaturam
1020 622 1161 676 coelorum.
1174 622 1334 678 lntercedite
1348 638 1399 694 pro
1414 623 1491 679 vohis
1506 623 1675 691 commissis,
1690 623 1823 694 postulate

173 713 223 768 Dei
239 713 293 767 imo
309 711 396 783 qualis
416 711 558 780 Dominus,
575 710 655 766 talem
669 708 797 764 famulam
808 709 897 764 mittit.
914 709 969 763 Tu·
1021 725 1071 780 pro
1094 710 1173 764 nohis
1188 709 1302 777 afflictis,
1327 719 1422 782 rogate
1444 727 1494 783 pro
1518 712 1621 768 nostris
1636 711 1758 777 delictis,
1773 728 1822 783 po·

174 816 289 872 serpens
309 799 441 865 lubricus,
464 799 509 853 ifle
535 815 650 870 serpens
672 807 830 864 tortuosus,
847 806 876 852 tu
898 797 972 853 omni
1022 798 1090 854 scite
1103 799 1239 854 Christum
1253 815 1307 855 non
1330 800 1418 854 solum
1433 816 1482 872 pro
1497 800 1641 856 monachis
1657 800 1823 870 commissis,

175 888 268 945 dolore
283 887 390 959 plenus,
406 887 451 943 ille
466 888 538 943 omni
555 903 678 954 veneno;
695 896 723 942 tu
744 888 839 943 mortis
860 885 972 942 consiba
1023 887 1165 943 sedetiam
1180 889 1344 959 provestris
1359 888 1474 955 ancillis,
1492 898 1519 944 ut
1534 890 1626 945 omnis
1642 897 1724 955 aetas,
1740 889 1823 944 omnis

175 976 254 1044 dans,
271 977 317 1032 ille
332 976 389 1031 suis
402 977 512 1049 organis
526 976 648 1045 sibilans,
664 976 759 1031 mortis
779 976 892 1031 consilia
905 989 972 1046 pro·
1023 991 1115 1043 sexus,
1132 977 1220 1030 omnis
1236 976 1319 1045 Ordo,
1336 978 1382 1048 qui
1397 978 1495 1032 vestris
1508 978 1657 1050 praeceptis
1673 977 1748 1033 colla
1762 978 1823 1031 suh·

174 1064 260 1138 pinat.
276 1065 406 1138 Nunquid
421 1081 476 1120 non
492 1065 603 1136 potuisti
625 1065 653 1119 in
678 1065 805 1136 paradiso
829 1064 879 1119 Dei
901 1064 974 1118 aliud
1024 1065 1140 1129 mittunt,
1165 1065 1286 1136 peritura
1310 1066 1402 1120 mnndi
1426 1066 1588 1136 despiciant,
1610 1066 1715 1139 gaudia
1730 1074 1824 1121 aeterna

176 1154 275 1210 animal
291 1154 423 1219 invenire,
446 1154 520 1225 quod
542 1153 595 1208 tuis
619 1154 689 1208 votis
711 1153 899 1217 concordaret,
923 1151 975 1206 nisi
1025 1153 1227 1224 concupiscant,
1253 1171 1338 1225 regna
1363 1156 1441 1210 beata
1464 1163 1603 1227 appetant,
1620 1170 1757 1227 prospera
1770 1154 1825 1208 ani-

176 1241 357 1314 serpentem?
371 1242 442 1296 Vere
457 1258 522 1296 non.
539 1243 578 1296 Tu
593 1241 716 1297 callidior
737 1241 841 1312 angelis
862 1240 973 1307 sanctis,
1025 1259 1130 1298 marum
1159 1251 1185 1298 et
1212 1259 1359 1314 corporum
1392 1243 1550 1315 percipiant.
1582 1243 1667 1298 Nulla
1696 1242 1825 1298 diabolica

176 1329 223 1386 ille
238 1329 363 1386 callidior
378 1330 560 1384 animantibus
575 1330 697 1397 cunctis,
714 1338 741 1384 tu
757 1330 844 1384 bonus
863 1329 891 1383 in
905 1328 975 1384 coelo
1026 1331 1120 1387 fraude
1136 1332 1324 1401 molestentur,
1336 1331 1417 1387 uuDis
1431 1332 1636 1387 incursionibus
1647 1331 1825 1402 malignorum

177 1417 310 1474 formatus
326 1435 366 1484 εε,
383 1426 479 1488 sponte
494 1419 580 1473 malus
595 1417 708 1474 effectus
724 1434 772 1484 es;
789 1417 934 1472 illebonus
949 1417 976 1471 iu
1026 1419 1186 1494 affligantur,
1223 1420 1359 1492 nullisque
1394 1421 1594 1476 calamitatibus
1631 1420 1825 1475 annihilentur.

179 1507 306 1578 paradiso
321 1512 429 1561 creatus
444 1514 495 1565 est,
511 1523 560 1577 per
575 1514 601 1561 te
616 1522 689 1573 reus,
703 1505 816 1562 effectus
828 1514 878 1560 εει.
891 1505 976 1578 Virgo
1027 1510 1114 1582 Euge,
1140 1510 1216 1563 Pater
1235 1509 1322 1574 beate,
1339 1508 1400 1565 fave
1422 1509 1609 1580 precantibus,
1623 1524 1734 1579 appone
1750 1523 1826 1563 aures

178 1594 239 1659 Dei,
256 1594 362 1665 plasma
376 1594 437 1661 Dei,
455 1593 553 1649 femina
568 1595 617 1649 Dei
630 1595 700 1650 bona
716 1603 806 1650 creata
820 1602 871 1661 est,
887 1610 937 1664 per
951 1601 976 1648 ιε
1026 1598 1156 1669 precihus
1179 1597 1340 1652 famulorum
1362 1606 1478 1665 tuorum,
1503 1597 1537 1651 da
1553 1597 1665 1652 veniam
1691 1596 1826 1668 poscenti-

180 1691 207 1738 et
221 1692 375 1752 serpentem
390 1682 483 1738 illicita
498 1683 633 1755 gustando
648 1681 745 1738 effecta
764 1691 805 1737 est
828 1681 978 1753 peccatrix,
993 1687 1088 1770 Bbus,
1105 1687 1141 1740 da
1156 1686 1228 1740 dona
1242 1686 1436 1756 quaerentibus,
1452 1700 1534 1756 parce
1549 1685 1731 1755 peccantibus
1746 1703 1753 1738 :
1770 1686 1827 1755 quia

181 1768 234 1840 Qui
248 1771 360 1825 demens
375 1770 409 1825 de
424 1771 466 1825 his
491 1771 538 1824 tibi
562 1770 685 1841 profuit?
699 1773 739 1825 Tu
761 1770 808 1825 tihi
834 1779 978 1840 perpetuos
1030 1784 1058 1830 tu
1082 1784 1174 1846 pastor
1188 1791 1228 1838 es,
1243 1790 1294 1829 nos
1317 1790 1381 1830 vero
1402 1790 1478 1840 oves,
1493 1774 1556 1828 audi
1573 1782 1602 1828 tu
1618 1773 1727 1828 balatus
1742 1774 1828 1828 ovium

182 1858 262 1930 ignes
278 1858 429 1924 cumulasti,
446 1859 490 1913 ille
505 1867 607 1914 terram
616 1860 741 1915 comedet
752 1860 856 1915 cunctis
866 1858 993 1927 diebus:
1030 1871 1147 1928 tuarum,
1172 1864 1249 1917 trahe
1273 1877 1322 1917 nos
1347 1871 1408 1933 post
1431 1870 1467 1927 te,
1491 1869 1521 1915 ut
1540 1861 1687 1916 veniamus
1702 1861 1738 1916 nd
1753 1868 1788 1924 te,
1804 1870 1828 1914 ut

181 1954 209 2003 tu
233 1946 336 2002 catenis
361 1946 451 2018 igneis
475 1946 595 2020 illigatus
613 1967 620 2012 ·,
645 1947 690 2002 ille
713 1948 835 2002 omnium
856 1946 896 2000 ira
920 1962 981 2016 pre·
1030 1951 1086 2008 illic
1110 1967 1174 2006 vera
1195 1966 1299 2022 pascua
1320 1950 1496 2015 inveniamus,
1513 1950 1560 2005 ubi
1573 1959 1637 2003 sunt
1652 1965 1720 2005 vera
1735 1949 1828 2020 gaudia

181 2034 272 2101 mitur,
302 2035 437 2090 calcaneis
465 2036 600 2099 tunditur,
630 2035 789 2091 verberibus
818 2035 980 2107 flagellatur.

183 2122 240 2189 te,
257 2139 298 2179 vas
311 2139 360 2193 per
373 2123 463 2178 omnia
480 2123 567 2179 vobis.
584 2125 656 2180 Ecce
671 2124 772 2179 femina
796 2131 918 2194 reparata
942 2129 983 2176 est

163 2211 316 2284 ‘sanguiue
331 2211 439 2277 Christi,
456 2227 520 2268 ecce
543 2228 593 2283 pro
615 2212 762 2270 amissione
781 2211 883 2267 terreni
902 2226 983 2281 para-

184 2298 247 2365 disi,
265 2299 309 2353 illa
324 2314 397 2355 nunc
411 2299 527 2354 culmina
552 2299 614 2356 coeli
638 2300 742 2366 retinet,
768 2300 840 2354 unde
860 2313 984 2370 praeceps

185 2386 272 2442 misti.
291 2388 405 2442 Versum
421 2395 462 2443 est
478 2386 513 2442 fel
538 2396 613 2442 tuum
638 2387 664 2442 in
689 2388 862 2443 dulcedinem
885 2386 983 2450 mellis,

188 2470 265 2530 fraus
278 2475 400 2548 maligna
414 2483 460 2530 tua
473 2475 500 2530 in
517 2477 712 2547 reparationem
725 2476 846 2532 omnium
868 2483 895 2529 et
910 2474 985 2528 salu-

178 2571 255 2620 tem.
280 2562 422 2620 Perforata
445 2571 487 2619 est
508 2564 616 2619 maxilla
637 2565 753 2638 gutturis
776 2564 824 2630 tui,
851 2563 987 2619 nerninem

191 2652 331 2719 mordens,
348 2652 483 2707 neminem
499 2668 599 2709 vorans
615 2654 673 2709 sine
688 2655 746 2708 Deo
765 2652 882 2708 volente.
908 2652 942 2705 Et
965 2649 989 2704 si

188 2756 270 2813 quem
285 2741 435 2810 voraveris,
457 2741 557 2812 pietate
581 2742 630 2796 Dei
653 2740 815 2813 praefocatus
840 2755 901 2795 cum
925 2754 988 2792 san·

187 2828 270 2900 guine
290 2827 397 2896 rejicies
412 2828 497 2896 illum,
513 2838 540 2886 et
554 2830 587 2885 de
602 2829 754 2885 visceribus
774 2829 827 2885 tuis
852 2828 987 2883 abstrahet

1032 2041 1205 2110 sempiterna.
1228 2040 1321 2094 Redde
1341 2040 1400 2093 Deo
1423 2040 1524 2093 talenta
1537 2037 1680 2094 cumulata
1695 2038 1730 2093 de
1745 2038 1827 2104 nobis,

1032 2138 1143 2201 reporta
1165 2145 1227 2184 cum
1247 2128 1337 2182 usuris
1348 2127 1452 2183 credita
1466 2128 1536 2182 dona
1559 2127 1758 2191 doctrinarum,
1774 2141 1828 2180 me·

1034 2235 1087 2291 que
1116 2217 1258 2290 iudignum
1283 2217 1362 2285 huJus
1390 2216 1480 2287 operis
1511 2224 1755 2286 praesumptorem,
1783 2213 1829 2268 tnis

1034 2306 1168 2377 conjunge
1192 2305 1307 2360 servulis
1329 2305 1425 2368 sacris,
1442 2312 1471 2358 ut
1486 2318 1548 2359 cum
1567 2303 1643 2359 omni
1657 2319 1746 2375 grege
1760 2318 1830 2358 corn·

1034 2396 1119 2452 misso
1143 2395 1205 2450 vitae
1228 2393 1338 2465 praemia
1362 2409 1546 2463 assequamur,
1573 2400 1603 2446 ut
1629 2391 1679 2446 tibi
1702 2392 1832 2447 dicatura

1036 2485 1094 2541 Deo
1111 2500 1117 2539 :
1133 2485 1220 2555 Euge,
1236 2498 1314 2537 serve
1329 2482 1398 2536 bone
1418 2488 1446 2536 ει
1459 2479 1558 2546 fidelis,
1575 2479 1640 2552 quia
1655 2496 1741 2550 super
1755 2493 1832 2549 panca

1036 2572 1110 2629 fuisti
1129 2571 1227 2638 fidelis,
1245 2587 1326 2640 supra
1345 2569 1430 2624 multa
1445 2577 1471 2624 tc
1486 2568 1653 2625 constituam
1668 2586 1675 2632 ;
1691 2567 1764 2622 intra
1777 2583 1834 2622 curn

1037 2663 1080 2717 his
1108 2661 1235 2716 omnihus
1262 2659 1312 2714 tihi
1333 2658 1441 2715 creditis
1461 2657 1636 2728 ingaudium
1659 2657 1771 2711 Domini
1790 2656 1834 2720 tui,

1037 2758 1183 2822 prestante
1199 2749 1258 2819 ipso
1273 2748 1319 2819 qui
1334 2749 1416 2819 digna
1430 2746 1589 2816 promittere
1599 2745 1835 2817 gaudiadignatus

1039 2848 1081 2895 est
1096 2839 1152 2894 suis
1175 2836 1292 2905 famulis,
1309 2836 1355 2907 qni
1369 2835 1434 2891 vivit
1448 2844 1475 2890 et
1489 2842 1588 2907 regnat
1606 2850 1658 2904 per
1673 2841 1774 2890 cuncta
1788 2848 1836 2888 sa·

192 2915 269 2970 illum
284 2917 368 2971 Deus.

219 3007 263 3060 ta.
279 3002 375 3060 Gaude
387 3003 453 3073 jam,
470 3004 550 3078 virgo
564 3004 624 3072 Dei,
641 3005 722 3061 tantis
732 3004 878 3062 sublimata
894 3004 991 3060 trium·

1040 2929 1101 2987 cula
1115 2927 1288 2985 sacculorum.
1303 2928 1399 2985 hinem

195 3195 394 3213 m

566 3329 767 3403 QUOMODO
795 3328 878 3390 PER
904 3327 1050 3388 ANNUM
1078 3320 1350 3385 lEfUNANDUll
1376 3318 1449 3397 SIT,

505 3497 586 3570 cript.
603 3495 665 3553 cod.
682 3488 848 3555 Cassinensi,
860 3488 930 3560 apud
946 3485 1059 3553 llabill.,
1075 3494 1141 3541 tom.
1159 3483 1283 3540 lhnnal.
1294 3482 1355 3537 ord.
1373 3481 1401 3536 S.
1419 3478 1532 3547 Bened,
1549 3494 1613 3552 pag.
1624 3477 1704 3549 784.)

887 3633 1134 3650 m

227 3753 495 3823 Quatuortempora,
512 3753 626 3817 quatuor
652 3749 713 3797 suut
742 3739 861 3813 legitima
887 3737 989 3807 jejunia
1007 3751 1031 3814 C
1047 3735 1083 3790 fia
1114 3732 1290 3789 ascensionis
1328 3730 1445 3795 Domini,
1485 3730 1673 3795 Pentecostes,
1705 3738 1733 3785 et
1764 3729 1842 3785 sancti

191 3843 219 3898 in
230 3856 312 3908 anne,
330 3839 433 3894 scilicet
454 3835 554 3889 mensis
583 3831 661 3903 primi
689 3828 862 3885 hebdomada
890 3825 990 3896 prima,
1042 3823 1155 3878 loannis
1177 3822 1314 3892 Baptista,
1340 3829 1366 3875 ct
1390 3818 1476 3874 sancti
1499 3818 1582 3882 Petri,
1605 3827 1634 3872 et
1657 3820 1749 3874 sancti
1777 3818 1840 3871 lau·

191 3929 258 3986 feria
274 3935 370 3999 quarta
385 3933 411 3980 et
433 3931 507 3977 sexta
522 3930 548 3976 ει
564 3920 678 3973 sabbato
694 3918 720 3971 in
735 3915 878 3971 duodecim
895 3915 992 3968 lectio·
1044 3911 1132 3979 rentii,
1148 3919 1174 3965 ει
1194 3918 1293 3964 sanctae
1315 3908 1424 3972 llariae3
1441 3907 1467 3960 in
1483 3906 1584 3976 vigiliis
1600 3906 1697 3960 harum
1715 3906 1841 3962 festivita·

192 4033 243 4072 nes
251 4013 429 4084 jejunandum
439 4025 526 4080 usque
537 4008 733 4076 advesperum.
746 4002 953 4073 hlcusisquarti,
966 4000 992 4055 id
1044 4008 1101 4055 tum
1124 4015 1233 4068 semper
1252 3997 1430 4066 jejunandum
1451 4004 1491 4050 cst
1516 4011 1602 4065 usque
1628 3996 1663 4049 ad
1687 4012 1796 4059 nonam,
1819 4003 1842 4048 et

194 4112 236 4159 εει
249 4101 333 4170 lunii,
350 4098 522 4155 hebdomada
538 4095 667 4159 secunda,
685 4093 751 4148 feria
766 4100 859 4163 quarta
874 4098 900 4145 et
916 4097 994 4144 sexta
1044 4089 1152 4158 expleta
1175 4088 1259 4141 missa
1275 4085 1405 4140 reficiant.
1425 4084 1453 4139 Si
1469 4084 1616 4138 nominutae
1633 4084 1789 4154 vigiliarum
1803 4098 1841 4136 re-

194 4202 222 4248 et
237 4190 352 4246 sabbato
368 4189 394 4243 in
407 4185 551 4242 duodecim
566 4183 697 4238 lectiones
708 4181 885 4250 jejunandum
907 4193 993 4249 usque
1044 4177 1135 4247 liquiae
1150 4176 1192 4231 die
1209 4175 1349 4230 Dominico
1370 4172 1548 4234 occurrerint,
1566 4187 1621 4225 non
1638 4172 1702 4226 licet
1716 4173 1838 4241 jejunare.

194 4282 230 4337 ad
244 4294 355 4335 nonam.
374 4278 466 4331 blense
483 4272 663 4344 septembrio,
680 4270 759 4325 idest
770 4269 871 4324 mensis
886 4265 994 4336 septimi
1045 4265 1150 4321 Octava
1172 4263 1273 4318 Natalis
1297 4261 1415 4326 Domini,
1441 4269 1534 4315 octava
1561 4260 1736 4330 Epiphaniae,
1755 4257 1840 4313 Purifi-

193 4367 366 4426 hebdomada
380 4364 468 4430 tertia,
485 4363 551 4418 feria
564 4368 659 4433 quarta
681 4367 707 4414 et
736 4366 811 4413 sexta
835 4365 863 4412 et
882 4356 995 4409 sabbato
1045 4354 1159 4411 cationis
1182 4360 1282 4406 sanctae
1305 4350 1407 4415 llariae,
1432 4349 1480 4404 sed
1495 4356 1523 4402 ει
1537 4357 1641 4403 sanctae
1662 4348 1839 4405 Scholastica.

195 4458 223 4514 in
237 4456 381 4513 duodecim
396 4453 527 4510 lectiones
543 4449 719 4520 jejunandum
735 4446 868 4517 usquead
884 4460 994 4499 nonam.
1047 4449 1202 4496 sanctorum
1216 4440 1335 4494 Faustini
1351 4446 1378 4492 et
1390 4438 1495 4500 lovitae,
1509 4437 1594 4491 sancti
1612 4436 1756 4501 Germani,
1771 4434 1839 4489 dedi·

197 4549 290 4602 hfense
306 4543 412 4600 decimo
426 4539 598 4596 hebdomada
620 4545 724 4608 quarta,
755 4534 822 4590 feria
848 4541 943 4604 quarta
971 4541 997 4587 et
1047 4531 1115 4587 catio
1130 4529 1217 4585 sancti
1240 4527 1377 4582 Benedicti
1400 4542 1519 4592 sursum,
1547 4534 1573 4580 ει
1588 4525 1726 4580 dedicatio
1745 4522 1840 4579 Domini

197 4644 275 4690 sexta
290 4641 316 4690 ει
330 4632 443 4688 sabbato
464 4629 491 4683 in
506 4626 650 4682 duodecim
669 4623 800 4679 lectiones
819 4620 996 4692 jejunandum
1048 4618 1195 4674 Salvatoris
1211 4627 1237 4672 et
1252 4625 1351 4672 sanctae
1376 4616 1466 4670 hfariae
1486 4614 1627 4670 deorsum.
1644 4615 1675 4668 ln
1691 4614 1751 4668 istis
1764 4611 1838 4667 omni·

197 4733 341 4794 estusque
356 4720 390 4776 ad
406 4732 561 4788 vesperum.
578 4717 630 4769 lsta
647 4713 790 4769 duodecim
805 4710 927 4784 legitima
952 4710 996 4778 ie·
1048 4708 1100 4763 bus
1115 4706 1307 4762 festivitatibus
1322 4720 1376 4759 non
1390 4704 1525 4772 ieiunatur
1539 4717 1627 4772 usque
1644 4703 1680 4757 ad
1696 4715 1836 4772 vesperum,

195 4811 274 4882 junia
288 4824 453 4881 perannum
468 4812 583 4862 causant
597 4818 647 4875 pro
664 4801 782 4873 peccatis
799 4808 905 4855 centum
929 4797 997 4853 soli·
1048 4796 1100 4850 nisi
1114 4795 1138 4850 si
1152 4794 1272 4849 evenerit
1296 4801 1397 4848 sanctae
1419 4790 1603 4855 Scholastica,
1621 4798 1668 4844 aut
1684 4799 1834 4846 sanctorum.

199 4899 368 4955 desinauro
383 4905 475 4953 conte.
495 4894 618 4964 Cumque
633 4889 756 4946 studiose
772 4890 829 4943 haec
858 4888 912 4944 duo
928 4927 995 4942 ......
1048 4883 1167 4940 Faustini
1190 4891 1217 4938 et
1239 4882 1343 4949 Jovitae,
1367 4881 1410 4935 vel
1434 4880 1518 4935 sancti
1543 4879 1664 4934 Matthias
1688 4874 1835 4950 apostoliin

198 5004 234 5044 no
263 4987 339 5060 pellit
444 4981 632 5038 liberabit...
659 4979 793 5033 animam.
843 4978 926 5031 Extra
965 4990 998 5030 ea
1049 4972 1284 5045 quinquagesima,
1295 4979 1342 5025 aut
1356 4970 1383 5024 in
1394 4968 1617 5041 quadragesima.
1628 4967 1711 5037 Quod
1720 4968 1743 5022 si
1754 4978 1834 5021 evene

197 5076 312 5147 jejunia,
328 5090 388 5146 qnae
403 5073 480 5128 Prior
494 5068 618 5125 indixerit
633 5083 684 5138 pro
700 5080 861 5138 quacunque
876 5063 994 5118 tribula·
1050 5062 1094 5127 rit,
1111 5062 1150 5117 sic
1165 5068 1262 5133 agatur
1272 5058 1377 5115 sicutin
1387 5057 1447 5112 aliis
1457 5057 1541 5113 sacris
1553 5057 1649 5126 jejunii
1664 5057 1769 5113 diebus.
1780 5054 1834 5108 Nan

205 5165 289 5220 tione.
1052 5149 1141 5206 officia
1157 5157 1185 5203 ut
1209 5149 1313 5220 reliqua
1328 5146 1464 5203 omniade
1479 5145 1685 5217 suprascriptis
1701 5143 1833 5200 festivitan-

451 5286 473 5340 D
538 5283 560 5337 ι.
601 5282 607 5295 .
642 5283 673 5294 ..
723 5280 739 5294 ..
1053 5240 1105 5294 bus
1118 5239 1154 5293 ita
1169 5244 1295 5310 agantur,
1307 5235 1445 5307 quomodo
1460 5234 1587 5300 diximus,
1600 5234 1670 5290 sicut
1686 5242 1712 5288 et
1727 5227 1835 5287 inDonri·

475 5299 534 5340 m
548 5296 763 5355 ‘qumquam'
1054 5329 1116 5384 nico
1138 5327 1192 5383 die.
1216 5328 1246 5380 ln
1270 5325 1357 5380 sancti
1379 5339 1445 5381 vero
1466 5323 1594 5394 Gregorii
1618 5330 1646 5378 et
1665 5322 1749 5377 sancti
1763 5321 1834 5374 Dene-

241 5431 272 5485 ln
286 5429 380 5502 vigilia
404 5426 489 5482 sancti
517 5422 635 5479 lfatthaei
663 5429 690 5477 et
713 5419 820 5476 Natalis
842 5419 950 5476 Domini
980 5425 1006 5473 et
1054 5416 1130 5482 dicti,
1159 5424 1186 5470 ει
1213 5414 1424 5471 annuntiatione
1453 5420 1552 5468 sanctae
1581 5411 1675 5467 llariae
1712 5405 1834 5465 duodecin

207 5514 549 5595 Rpiplraniaieiunandum
563 5527 651 5586 usquc
665 5510 865 5582 advespcrum.
882 5508 914 5564 ln
937 5505 1005 5580 vigi·
1056 5504 1187 5563 lectiones
1215 5502 1291 5572 fiunt,
1322 5511 1349 5560 et
1375 5517 1465 5579 genua
1491 5502 1518 5556 in
1541 5500 1667 5557 oratione
1688 5499 1778 5554 fratres
1793 5506 1835 5556 ιιι
