3826 6098
756 226 930 280 tirtsttitn
957 226 1002 280 iit
1025 229 1196 288 DECRETA.
1759 249 1810 299 sis

496 346 635 426 cxcviii.
979 351 1089 423 Aquod
1103 369 1178 423 sane,
1196 357 1219 412 si
1234 373 1328 414 verum
1342 369 1393 428 est,
1405 362 1485 417 valde
1499 365 1637 431 miramur,
1649 384 1697 421 ros
1707 382 1722 421 u
1734 384 1813 437 spou-

239 447 417 488 rttrvtsnutcir
437 450 490 489 ruo
510 450 687 491 uouisraiuo
707 452 891 491 riscssriuo.
1014 441 1090 496 sione
1106 459 1188 515 quam
1204 445 1281 500 uobis
1303 446 1415 517 polliciti
1439 451 1514 520 estis,
1532 452 1650 524 quolibet
1671 455 1753 509 modo
1768 455 1812 511 rel

475 523 565 591 (duno
584 527 659 593 aio.)
1013 531 1158 588 occasione
1173 533 1242 589 velle
1258 536 1408 592 retrabere.
1426 537 1503 595 Unde
1524 556 1602 597 more
1616 550 1730 613 paterno
1745 543 1812 598 dile-

164 605 216 678 {Eii
231 608 336 679 Campi,
353 611 419 665 dcll'
433 611 504 666 litat.
521 614 589 668 cccl,
608 613 637 667 di
653 615 801 678 Pisoraca,
813 628 877 686 pag.
891 613 964 686 tot]
1013 620 1131 676 ctionem
1156 631 1273 678 vestram
1292 624 1334 678 iiis
1357 625 1457 681 uostris
1479 628 1635 699 apostolicis
1656 646 1809 697 monemus,

197 713 326 769 Joariivss
341 715 495 786 episcopus,
513 734 608 772 servus
627 734 768 774 servorum
783 719 842 786 Dei,
859 719 964 774 diiectae
1013 707 1154 764 h⁰l¹³¹¹¹¹¹l
1177 718 1257 781 atque
1276 711 1411 781 iubemus,
1433 714 1564 784 apicibus,
1580 724 1609 771 ¹¹2
1623 725 1722 774 “³⁵¹¹ae
1744 734 1810 788 1)Γο-

164 799 226 855 fipae
240 805 620 875 AN01L33303‚jmperqrfjcq
635 809 773 879 Augusrae,
1012 795 1151 851 missionis
1173 814 1325 866 memores,
1342 801 1485 872 praesatum
1507 804 1646 875 Luponem
1665 807 1810 878 presbyte-

197 889 379 962 Ex'lapgjtqtg
394 893 477 947 inSit'i
503 893 690 965 Redemptor-is
714 910 822 965 semper
836 905 897 950 suut
912 912 962 950 an.
1012 899 1082 950 runi,
1100 884 1167 940 sicui
1187 887 1264 941 tobis
1288 890 1472 946 commisimus
1496 892 1625 949 continuo
1639 908 1671 949 80
1686 909 1811 965 pfoeb'ell·

161 977 272 1032 nuendr
285 994 316 1033 e„
330 996 391 1050 φᾶ,
404 980 439 1034 ad
454 980 595 1036 ruqrjongm
611 998 701 1037 rerum
716 983 962 1039 ecclesiasprrrum
1012 971 1112 1028 tialiter
1123 975 1182 1043 jam
1194 975 1274 1031 dietae
1284 977 1415 1034 Ecclesiae
1429 980 1577 1036 antistitem
1591 981 1723 1036 ordinetis
1736 981 1811 1053 tuam

160 1071 186 1118 et
200 1065 307 1135 piorum
321 1065 445 1122 locorum
461 1084 522 1124 esse
543 1079 700 1125 noscuntur.
717 1070 886 1141 Quapropter
900 1088 961 1126 mo.
1011 1061 1033 1114 si
1050 1060 1129 1116 aliter
1154 1062 1280 1133 feceritis,
1296 1073 1391 1121 ettam
1413 1068 1476 1133 cito,
1503 1069 1562 1138 ipso
1585 1069 1688 1125 scilicet
1711 1078 1811 1126 vestre

159 1153 308 1208 nrsrepjum
326 1155 551 1225 capp-prepi&
576 1159 649 1228 quod
670 1159 884 1213 &solomanum
914 1176 961 1214 rex
1011 1148 1189 1205 ordinationis
1203 1150 1225 1223 ⁸]
1241 1152 1317 1206 initio
1332 1164 1522 1220 i'osanostrce
1537 1157 1684 1212 voluntatis
1699 1157 1810 1215 decreto

159 1255 209 1309 per
232 1241 360 1311 praeoeprr
383 1242 575 1307 donationem,
592 1254 617 1299 er
633 1262 781 1315 perennem
805 1245 960 1301 firmiorem
1010 1237 1173 1292 subtrahere
1187 1241 1407 1308 cognoverimus,
1423 1244 1561 1298 canonicis
1580 1245 1808 1310 correctionibus,

158 1330 324 1383 monssrefro
338 1338 384 1385 ruo
399 1331 473 1402 quod
487 1332 514 1385 jn
529 1333 631 1387 h0n0rp
647 1341 747 1388 sanrrae
771 1334 959 1389 Resurrectio.
1009 1324 1083 1378 velut
1096 1325 1296 1380 inobedientem
1312 1328 1451 1398 corripere
1471 1331 1625 1386 nullatenus
1640 1332 1790 1401 praetermit

157 1415 200 1468 nis
214 1416 359 1471 Placentiae
372 1419 556 1481 construxisti,
573 1436 634 1474 cum
650 1421 777 1476 omnibus
791 1422 959 1492 pertinentiis
1016 1419 1113 1465 temut-

156 1503 215 1556 suis
230 1520 280 1572 pro
296 1506 418 1560 remedio
432 1506 531 1562 animia
546 1525 601 1563 suae
616 1524 782 1581 suorumque
801 1511 957 1581 praedeces·
1387 1542 1439 1596 CC·

156 1604 249 1644 sorum
263 1592 442 1657 condonavit;
466 1595 546 1665 petis,
562 1593 616 1649 lilia
630 1596 815 1662 dilectissima,
832 1605 861 1652 ut
875 1614 957 1667 super
1047 1639 1082 1677 A„
1098 1640 1262 1683 mmm„
1277 1643 1516 1685 mmmmm
1530 1645 1767 1686 mmmm„

156 1678 210 1731 boc
232 1679 389 1748 apostolicae
413 1682 582 1736 auctoritatis
610 1684 780 1739 sanctionem
812 1683 1005 1754 firmemusss
1324 1717 1414 1782 (Anno
1429 1719 1479 1771 379
1492 1717 1503 1786 )
1694 1675 1699 1684 ’
1771 1674 1777 1685 ’

157 1765 278 1836 ldeoque
296 1767 377 1834 justis
400 1769 575 1838 petitionibus
600 1771 653 1825 tuis
678 1779 790 1826 eotenus
812 1773 959 1842 apostolica
1483 1760 1489 1772 ⁸

153 1852 315 1909 auctoritate
339 1853 463 1910 effectum
486 1857 638 1922 annuimus,
655 1868 684 1912 ut
699 1875 715 1912 a
730 1859 811 1914 modo
831 1869 858 1914 et
879 1860 958 1915 dein·
1011 1819 1045 1872 Ut
1061 1820 1174 1873 immam
1189 1820 1225 1874 “d
1239 1821 1375 1890 mmm
1399 1822 1597 1879 “lebrandam
1612 1840 1678 1879 eum
1704 1824 1812 1894 'usim‘

351 1943 393 1953 ..
464 1945 469 1954 .
523 1946 528 1955 ,
592 1946 597 1956 ,
852 1948 857 1959 ,
905 1948 910 1958 ,
1043 1890 1142 1956 parteis
1157 1890 1281 1951 accedat,
1298 1892 1345 1946 tibi
1359 1891 1392 1946 de
1406 1894 1585 1964 imperatoria
1599 1894 1812 1965 electiottcapc·

153 1955 221 2011 ceps
245 1943 396 2013 supradicti
418 1943 481 2008 loci,
507 1962 529 1998 si
553 1962 614 2016 quis
636 1963 732 2018 regum
753 1947 796 2002 vel
815 1948 959 2015 cujuslibet
1045 1962 1109 2020 tar;
1123 1959 1249 2028 jiiltctria
1263 1977 1430 2032 quemquam
1454 1979 1548 2033 repam
1573 1964 1709 2034 recipiat,
1727 1968 1811 2019 orror.

150 2029 296 2098 potestatis
319 2031 400 2085 bomo
427 2040 514 2086 ratam
529 2041 554 2086 et
577 2033 700 2088 stabilem
724 2034 898 2090 donationem
923 2036 958 2090 ir·
1044 2042 1129 2098 quam
1151 2029 1208 2097 ''1¹⁸“
1233 2032 1433 2101 imferfwtssm
1447 2033 1582 2103 ‘'tottii-¹
1598 2034 1656 2089 '25⁸2'
1667 2035 1810 2104 paruerit,

151 2132 298 2186 rumpere,
325 2126 370 2172 aut
392 2119 528 2186 alienare,
554 2137 602 2176 seu
632 2122 780 2192 quamlibet
803 2123 958 2178 violentiam
1044 2114 1109 2151 ‘²⁴⁷²'
1127 2103 1367 2156 ‘³⁶⁰mmum'0‘li·

149 2205 384 2260 temerariorum
404 2209 608 2278 praerompsrrjr
623 2207 735 2278 inferre,
754 2211 820 2266 setar
836 2226 866 2266 se
880 2227 894 2264 a
910 2226 958 2265 00.
1043 2203 1281 2260 ltei'erendissimo
1296 2214 1322 2260 et
1338 2208 1510 2262 sanctissimo
1532 2212 1680 2263 Auernum
1701 2209 1810 2265 archie-

148 2299 208 2344 stra
238 2293 429 2348 communione
462 2295 572 2360 divelli,
598 2305 624 2350 et
647 2298 824 2352 anathematis
851 2298 958 2353 vinculo
1008 2289 1123 2360 piscopo
1138 2301 1238 2347 sanctor
1252 2293 1463 2350 Mediolanensis
1476 2295 1618 2351 Ecclesiae.

146 2379 314 2435 innodatum
328 2396 391 2435 cum
406 2383 521 2442 Ananis.
537 2391 563 2438 et
578 2384 721 2455 Sappbira,
737 2394 764 2438 at
777 2385 846 2439 Juda
869 2386 956 2440 traili-
1043 2376 1158 2447 Quantae
1173 2380 1343 2435 necessitatis
1358 2383 1469 2437 assidue
1484 2383 1694 2437 sustinuerimus
1706 2384 1810 2439 incoin-

146 2473 212 2520 tore
236 2468 390 2536 portionem
414 2469 588 2525 nibilominus
608 2471 769 2526 habiturum.
792 2474 875 2527 Etsi
900 2475 957 2529 liaec
1007 2465 1098 2531 moda,
1117 2475 1279 2538 quanteque
1300 2469 1510 2538 perturbationis
1532 2485 1603 2525 nunc
1626 2486 1712 2542 usqne
1735 2472 1809 2541 possi

144 2561 244 2608 nostra
264 2554 339 2622 jussa
362 2555 522 2612 obedienter
544 2558 740 2625 observaverit,
756 2560 807 2614 Dei
827 2561 951 2630 omnipo-
1007 2569 1101 2607 tumus
1116 2562 1142 2608 ei
1157 2555 1287 2624 dimidiet
1310 2556 1446 2627 patimur
1467 2558 1592 2623 adversa,
1614 2557 1808 2613 fttiemiitiem

143 2641 232 2696 tentis
242 2641 469 2710 benedictionem,
481 2646 870 2718 etsanctorumapostolorum
880 2649 952 2703 Petri
1007 2648 1124 2695 vestram
1139 2657 1221 2697 nosse
1237 2642 1297 2698 luco
1310 2644 1409 2700 clarius
1425 2660 1479 2700 non
1494 2648 1654 2716 ignoramus
1666 2663 1673 2699 :
1685 2660 1735 2716 pro
1751 2645 1813 2717 qui·

140 2737 170 2784 et
203 2728 281 2783 Pauli
308 2741 444 2786 mereatur
466 2734 591 2804 accipere
623 2735 779 2804 plenissima
812 2735 946 2806 largitate,
1007 2729 1057 2783 bus
1071 2729 1199 2785 nimirum
1221 2731 1300 2786 malis
1315 2733 1389 2787 sadis
1404 2731 1560 2802 apostolica
1574 2733 1610 2787 ab
1626 2732 1808 2787 iuimicisne-

140 2816 285 2872 Ceterum
295 2819 367 2889 quod
378 2819 412 2874 ad
423 2820 616 2877 ecclesiastica
625 2822 803 2877 ordinationis
818 2824 951 2878 rationem
1006 2816 1094 2886 quitor
1107 2816 1199 2881 illatis,
1209 2834 1257 2887 per
1271 2819 1406 2888 procellas
1417 2827 1444 2874 et
1455 2820 1480 2873 in
1492 2819 1645 2889 periculosa
1660 2819 1745 2874 maris
1762 2819 1808 2874 iti-

140 2904 268 2975 pertinet
280 2921 312 2960 ae
327 2907 516 2977 ministerium,
533 2909 560 2963 id
575 2919 615 2964 ost
630 2911 794 2973 chrismatis,
810 2910 853 2966 vol
867 2911 956 2978 eujus·
1005 2919 1072 2958 nara
1082 2903 1121 2958 ira
1136 2913 1162 2959 et
1177 2903 1345 2960 defensionis
1355 2906 1486 2960 auxilium
1497 2922 1548 2961 nos
1559 2906 1690 2977 quaesisse
1701 2922 1808 2962 mecum

139 2990 215 3047 libet
231 2994 408 3049 sacerdotalis
421 2996 513 3059 oflicii,
529 2998 552 3051 si
567 2997 712 3068 episcopus
723 2999 781 3067 ejus
795 2998 848 3053 loci
863 2998 953 3069 aliqua
1005 2991 1108 3060 paritet
1122 2992 1207 3046 scitis·
1220 2993 1274 3047 Sed
1285 2994 1347 3068 quis
1359 2994 1509 3048 humanum
1523 2994 1731 3064 presentialiter
1745 2994 1810 3049 sub-

135 3096 229 3136 causa
254 3081 366 3146 ductus,
383 3092 478 3138 contra
490 3085 536 3153 jus
551 3093 576 3139 et
592 3086 783 3140 rectitudinem
806 3085 955 3157 quamlibet
1005 3078 1103 3133 sidium
1119 3094 1173 3134 1¹0ss
1189 3080 1349 3151 reporimus,
1365 3080 1487 3136 divinum
1502 3089 1530 3135 ut
1545 3082 1635 3151 potius
1655 3097 1809 3153 quaeramus

132 3169 333 3240 gravationem
355 3179 382 3225 et
402 3173 604 3242 superpositum
628 3173 729 3228 ibidem
753 3172 855 3228 inferre
880 3190 952 3243 prae-
1005 3168 1197 3239 communique
1221 3177 1283 3223 voto
1306 3177 1335 3223 ut
1358 3183 1374 3222 a
1398 3168 1514 3223 Domino
1536 3169 1701 3238 flagitemus,
1724 3167 1809 3224 frater

130 3257 304 3326 sumpserit,
320 3267 446 3313 nunctum
468 3259 530 3314 inde
556 3261 665 3331 penitus
680 3260 857 3315 ordinationis
868 3262 912 3330 jus
927 3273 953 3317 et
1003 3254 1050 3321 rni,
1067 3270 1180 3310 neccsse
1196 3264 1246 3310 esi.
1264 3256 1466 3326 propterquod
1485 3254 1634 3310 fraternum
1657 3256 1807 3310 sanctitatis

130 3351 307 3414 potestatem
327 3346 440 3414 amittat,
458 3355 484 3401 et
499 3347 577 3403 liooat
592 3347 616 3402 ei
632 3349 678 3419 qui
693 3348 831 3418 profuerit
855 3364 951 3403 monn.
1004 3349 1102 3395 vestras
1117 3341 1263 3408 collarium
1279 3341 1321 3395 liis
1336 3342 1437 3396 nostris
1451 3342 1606 3412 apostolicis
1621 3342 1716 3396 litteris
1730 3357 1805 3397 more

129 3431 239 3499 steno,
252 3447 443 3505 quemcunque
458 3435 583 3500 volitent,
596 3437 629 3490 ad
639 3436 721 3490 totius
732 3436 856 3491 ecelesia
868 3419 948 3491 otlicii
1003 3442 1201 3498 praecessorum
1224 3437 1377 3484 nostrorum
1400 3445 1540 3493 vocamus.
1555 3437 1582 3484 et
1596 3430 1624 3483 iii
1638 3429 1804 3484 consortium

131 3519 327 3577 ministerium
342 3521 465 3577 invitare.
1004 3525 1104 3572 nostrae
1119 3516 1308 3572 sollicitudinis
1324 3517 1474 3588 apostolica
1494 3518 1623 3572 duntaxat
1647 3516 1804 3572 auctoritate

172 3607 317 3678 Scriptum
331 3625 382 3679 por
402 3625 512 3665 manum
538 3611 664 3683 Gregorii
687 3612 822 3667 scriniarii
846 3621 947 3668 sarrotae
1003 3604 1177 3670 asciscimus;
1193 3613 1219 3660 et
1233 3605 1310 3676 quasi
1334 3606 1485 3660 membrum
1501 3605 1584 3674 capiti
1598 3619 1648 3659 suo
1662 3604 1804 3659 adbaerent

128 3695 274 3753 Romanae
288 3696 428 3765 Ecclesia,
445 3699 473 3753 in
487 3715 581 3754 mense
594 3699 697 3762 Martio,
713 3699 859 3756 indictione
875 3700 946 3755 duo·
1001 3691 1036 3746 td
1050 3691 1188 3746 Kolendts
1202 3692 1285 3746 lfaias
1300 3692 1379 3760 huius
1401 3692 1568 3747 diffidetimae
1589 3691 1745 3747 indictonis
1768 3692 1804 3746 td

124 3783 260 3849 decima,
272 3797 299 3837 tv
308 3784 367 3840 Kal.
377 3786 486 3857 Aprilis,
499 3802 547 3857 per
558 3802 666 3842 manum
678 3788 813 3842 Zachariae
830 3787 951 3858 episcopi
1004 3780 1148 3851 synodum,
1161 3780 1306 3836 auxiliante
1322 3780 1449 3842 Domino,
1461 3779 1603 3834 nobiscum
1617 3778 1804 3834 celebraturos

130 3880 249 3928 uncte
263 3871 394 3928 nceiesiae
409 3875 571 3946 anagnina,
588 3883 613 3930 et
627 3875 824 3930 bittioiiieoarii
849 3883 950 3930 sancte
1001 3883 1062 3922 curn
1077 3868 1217 3933 omnibus:
1233 3866 1412 3940 snffngnnris
1423 3867 1521 3922 vestris
1534 3866 1671 3937 episcopis
1685 3865 1799 3920 nonan

130 3959 219 4018 sodis
233 3961 409 4031 spasmum,
431 3979 511 4026 anno,
536 3965 594 4019 nro
616 3963 750 4034 propitio,
777 3961 950 4034 pontificatus
1001 3956 1094 4011 venire
1106 3956 1242 4025 jubemus,
1254 3965 1282 4011 ut
1296 3956 1415 4027 superba
1429 3956 1516 4028 gratia
1530 3954 1608 4019 freti,
1634 3969 1667 4009 ea
1681 3969 1741 4026 quae
1755 3968 1804 4008 ite-

128 4047 246 4104 domini
268 4048 353 4102 nostri
374 4050 485 4104 loannis
509 4051 606 4105 summi
631 4050 767 4122 pontificio
789 4059 815 4104 ei
839 4050 950 4105 unirer.
1001 4043 1119 4098 cessario
1130 4052 1192 4098 sunt
1202 4045 1368 4114 amputanda
1379 4043 1563 4099 ecclesiastico
1578 4057 1735 4097 resecemus
1746 4057 1803 4097 mu·
1886 4053 1889 4058 ’

128 4135 205 4191 salis
221 4150 302 4205 papae
314 4136 373 4191 Vlll
393 4139 508 4208 septimo
522 4139 550 4192 in
564 4155 658 4194 mense
674 4139 779 4203 ltlartio,
795 4138 943 4193 indictione
1000 4146 1098 4197 crone;
1125 4139 1151 4185 et
1176 4147 1236 4202 (11¹ae
1261 4131 1362 4186 ssiiiiief
1381 4138 1443 4185 suni
1472 4130 1616 4185 Sitiuessdt
1645 4129 1801 4194 ⁰0mt¹¹t¹¹¹ii

135 4219 316 4275 duodecima.
999 4219 1057 4273 Deo
1073 4218 1200 4289 propitio,
1214 4219 1358 4273 statuimus
1368 4218 1495 4282 decreto;
1511 4233 1545 4271 ne
1560 4233 1610 4286 per
1620 4224 1739 4272 vestram
1754 4216 1803 4269 ab·

483 4329 602 4383 cmx.
999 4305 1125 4359 stantiam
1140 4313 1220 4375 atque
1235 4305 1369 4360 desidiam
1386 4321 1499 4376 regnum
1511 4304 1561 4358 lioc
1573 4303 1690 4375 amplius
1700 4303 1728 4356 in
1737 4318 1800 4373 per-

312 4429 347 4468 r„
367 4431 503 4471 „mm
521 4431 770 4471 Amlfflppsmpup·
959 4380 1148 4447 Dturbatione
1164 4393 1288 4462 persistat
1307 4401 1332 4447 et
1349 4391 1393 4446 liat
1418 4391 1577 4447 scandalum
1596 4391 1675 4460 peJ'us
1696 4390 1798 4460 priore.

450 4507 540 4574 (Anno
555 4506 629 4571 379.)
996 4480 1031 4533 Et
1052 4480 1115 4550 quia
1130 4479 1353 4542 Carolomannus,
1379 4478 1513 4547 corporis,
1540 4478 1610 4533 sicut
1633 4476 1795 4542 audivimus,

161 4592 191 4647 itt
207 4592 351 4662 inponam
365 4593 558 4664 presbyteram
570 4594 601 4647 iit
617 4592 787 4648 sarcennati
803 4591 928 4645 Ecclesia
1000 4567 1230 4665 ini⁰mm⁰d¹¹⁸¹⁰·
1245 4575 1388 4639 &maiust
1414 4582 1527 4664 fetuum
1549 4573 1666 4664 refluere
1678 4581 1734 4632 lam
1749 4580 1800 4663 Πῆ-

390 4681 550 4752 episcopum
567 4679 689 4736 ordinet·
993 4663 1062 4727 quit,
1076 4663 1105 4710 ut
1118 4657 1154 4753 de
1169 4670 1232 4711 novi
1243 4654 1275 4727 [f.
1285 4657 1362 4711 dcest
1373 4653 1515 4752 electione]
1525 4669 1599 4726 regis
1612 4668 1709 4708 omnes
1723 4667 1796 4723 pari-

175 4781 415 4838 reverendissimo
425 4793 451 4838 et
462 4785 634 4840 sanctissimo
645 4783 772 4840 confratri
784 4791 876 4837 nostro
887 4784 940 4837 llo·
993 4749 1034 4797 ter
1049 4744 1265 4809 mmmmm&
1278 4759 1327 4798 νοῦ
1338 4743 1468 4814 pfaedmw
1478 4742 1576 4796 ΜΒΝ
1586 4748 1709 4810 ‘emim
1718 4739 1797 4796 valde

146 4882 218 4923 tttuo
232 4871 438 4942 archiepiscopo
453 4881 554 4927 sauctae
570 4872 736 4929 Ravennatis
750 4871 890 4926 Ecclesiae.

177 4957 316 5012 Relatione
327 4961 506 5029 quorumdam
516 4961 698 5031 comperimus
707 4959 779 5031 quod
790 4975 851 5012 euni
862 4974 943 5029 quent

144 5044 218 5098 robis
233 5045 413 5100 ordinandum
429 5047 588 5118 episcopum
605 5055 705 5102 sanctas
719 5046 877 5100 Sarceuuati
893 5047 944 5100 lic-

141 5129 239 5187 clesiae.
270 5133 408 5202 Lupouem
437 5135 563 5190 videlicet
593 5134 776 5189 venerabilem
800 5133 943 5203 presbyte-

138 5218 205 5272 rium
220 5218 253 5291 1s.
269 5221 358 5277 deest.
376 5224 586 5295 mandarimust,
604 5222 754 5293 postposito
773 5230 875 5276 nostrae
893 5236 943 5274 io·

136 5306 244 5360 luntatis
260 5315 286 5361 et
300 5309 430 5377 jussionis
454 5311 588 5376 maiulatu,
606 5325 768 5367 consecrare
792 5317 943 5379 postpona-

136 5392 181 5453 tis.
199 5395 248 5448 sed
263 5395 345 5449 alium
362 5413 410 5467 pro
424 5414 457 5453 eo
472 5399 587 5468 cupiatis
602 5398 774 5453 nibilominus
790 5397 919 5450 ordinare
933 5415 939 5450 :

994 4840 1102 4900 oportet
1118 4849 1124 4884 :
1142 4840 1169 4885 et
1183 4832 1244 4887 ideo
1267 4843 1347 4886 autea
1368 4830 1473 4886 nullum
1495 4830 1600 4900 absque
1621 4835 1714 4883 nostro
1730 4843 1798 4884 coit-

994 4934 1076 4974 sensu
1092 4934 1185 4990 regern
1200 4919 1305 4973 debetis
1320 4918 1452 4988 recipere.
1469 4918 1540 4972 Nam
1555 4917 1613 4988 ipse
1628 4917 1673 4988 qui
1687 4933 1703 4970 a
1717 4917 1797 4971 nobis

995 5015 1036 5060 est
1056 5006 1221 5060 ordinandus
1237 5007 1263 5059 in
1278 5006 1433 5076 imperium,
1450 5021 1466 5058 a
1481 5004 1559 5060 uobis
1580 5005 1698 5075 primum
1717 5011 1799 5074 atquc

994 5093 1165 5163 potissimum
1176 5094 1255 5147 debet
1265 5109 1326 5148 esse
1336 5102 1448 5149 vocatus
1459 5102 1540 5165 atque
1549 5092 1662 5158 electus,
1670 5093 1799 5164 quoniam

995 5189 1020 5234 et
1037 5196 1086 5234 nos
1102 5197 1153 5234 uua
1168 5196 1229 5234 cuin
1246 5189 1337 5235 restra
1363 5180 1527 5236 fraternitate
1550 5180 1674 5250 cupimus
1693 5188 1799 5250 pertra-

994 5277 1069 5323 ctare
1084 5276 1109 5321 et
1124 5268 1158 5321 de
1174 5268 1224 5322 lioc
1240 5277 1266 5321 ct
1282 5284 1335 5339 quo
1351 5278 1445 5325 terrore
1471 5269 1512 5322 rel
1529 5268 1622 5324 ordine
1638 5283 1800 5324 communes

995 5371 1092 5411 causas
1108 5365 1133 5409 et
1147 5355 1274 5409 utilitates
1287 5357 1466 5412 licclesiiruin
1479 5356 1527 5411 Dei
1542 5356 1620 5410 nobis
1636 5356 1797 5412 commissa·

998 5460 1057 5497 rum
1075 5443 1233 5498 ordinemus
1249 5452 1275 5496 et
1287 5444 1348 5519 jure
1363 5444 1492 5499 caiiorico
1515 5452 1663 5500 statuamus
1680 5463 1686 5498 :
1702 5455 1800 5520 quate·

168 5539 188 5617 r*
199 5550 273 5604 Uncis
285 5551 375 5604 inclusa
387 5555 508 5619 supplevit
522 5568 551 5605 eii
566 5554 625 5606 adit.
640 5557 710 5617 Rom.
