3794 6104
113 246 163 303 iis

860 238 1046 300 EPISTOLAE.

1708 248 1763 304 28f

115 371 188 439 juxta
202 375 373 441 preceptum
388 367 509 435 Levitici,
526 368 554 422 in
570 382 623 440 quo
646 368 749 440 leprosi
770 367 952 428 domommA
966 365 1129 437 precipiunt
1143 367 1256 441 regulae.
1271 367 1454 426 Accusatores
1467 377 1556 427 autem
1576 385 1608 428 ac
1631 377 1716 427 testes
1729 372 1762 427 ad

118 458 251 529 lapidosa
267 458 409 514 sacerdote
423 458 531 529 inspici,
547 458 634 530 etqui
658 473 691 512 ex
715 457 755 513 eis
778 455 918 528 purificari

118 545 278 618 neqniverit,
292 546 351 615 jam
372 547 442 601 inter
465 546 620 601 immundos
642 546 802 618 computari,
827 560 861 602 ac
882 546 917 601 de

119 635 211 690 ordine
226 635 395 690 mundorum
416 635 538 705 lapidum
561 635 718 706 praecipitur
739 634 808 702 erui,
832 642 859 689 et
881 634 916 689 de

120 723 221 780 calesti
249 722 386 790 aedilicio,
412 723 539 779 videlicet
562 731 655 779 sancta
677 723 817 789 Ecclesia,
842 722 916 779 velut

119 812 245 884 indignus
260 811 352 880 abjici,
368 827 401 867 ac
414 811 507 866 divino
520 812 645 867 examine
660 811 728 867 alius
752 812 797 884 qni
816 812 915 883 dignus

119 901 195 956 estin
212 901 274 955 loco
288 900 362 955 illius
378 899 513 967 substitui,
530 900 592 972 quia
607 916 680 971 aaepe
697 901 767 954 latus
790 899 915 957 Odacrus

118 1005 168 1044 non
195 997 238 1044 est
262 988 379 1045 clericus
404 989 566 1044 eremonsis
587 997 686 1044 nostrae
709 989 865 1059 provincias,
889 997 915 1044 at

118 1085 206 1133 contra
230 1092 324 1133 sacras
351 1077 428 1150 leges
454 1085 482 1132 et
509 1077 616 1148 regulas
640 1085 782 1133 vacantem
805 1086 915 1148 pastore

117 1166 319 1238 suffraganeam
333 1166 493 1237 metropolis
515 1172 615 1220 nostrin
638 1166 762 1221 ecclesiae
785 1166 914 1221 invadere

117 1254 298 1326 presumpsit,
313 1262 341 1309 et
355 1253 458 1308 reditus
473 1253 597 1310 ecclesian
610 1253 736 1321 viduatae,
762 1269 830 1326 quas
854 1270 914 1309 ma·

117 1359 197 1413 gntrm
221 1341 446 1397 chalcedonense
470 1341 614 1397 concilium
634 1357 720 1413 penes
743 1356 914 1398 oeconomum

117 1431 236 1500 eiusdem
253 1429 379 1486 coclesiae
394 1430 499 1501 integre
514 1430 671 1486 conservari
685 1430 819 1502 praecipit,
831 1430 915 1486 sacri-

116 1520 175 1590 lege
190 1518 343 1590 usurpavit,
360 1535 422 1574 cum
436 1518 548 1573 diffinito
560 1517 663 1587 judicio
685 1518 772 1588 ipsius
795 1519 912 1586 concilii,

117 1616 143 1663 et
155 1607 437 1664 excommunicatione
462 1606 653 1678 episcoporum
673 1615 786 1679 quatmr
800 1608 914 1678 provin-

965 457 1147 511 accusandum
1162 457 1205 512 vel
1219 457 1253 511 ad
1267 456 1466 514 testificandum
1490 461 1559 515 tales
1580 459 1765 531 suscipiuntur

966 544 1115 598 secundum
1128 544 1286 601 Africanum
1295 548 1451 614 concilium,
1461 548 1680 620 qualespublicae
1688 548 1765 622 leges

965 630 993 686 in
1008 632 1091 687 mallo
1105 633 1149 689 vel
1165 634 1303 691 audientia
1318 636 1353 691 ad
1368 638 1553 693 accusandum
1579 645 1605 693 et
1619 638 1653 693 ad
1666 636 1764 694 testiti-

965 720 1083 775 candum
1099 721 1253 778 admittunt.
1271 723 1300 779 Si
1313 733 1403 780 autem
1417 725 1491 780 mala
1515 726 1585 781 fama
1608 742 1642 782 ex
1666 725 1764 783 simili·

965 808 1058 864 tudine
1085 825 1136 880 per
1163 811 1320 882 parochiam
1350 813 1384 869 de
1412 813 1572 885 presbytero
1599 814 1709 881 exierit,
1738 824 1766 871 et

965 905 1140 953 accusatores
1157 906 1184 953 et
1207 908 1289 954 testes
1311 900 1414 973 legales
1439 901 1584 969 defuerint,
1610 918 1645 958 ne
1669 912 1764 959 contra

964 986 1126 1056 Apostolum
1140 986 1308 1042 infirmorum
1326 990 1412 1045 corda
1426 990 1460 1045 de
1474 990 1546 1045 mala
1560 989 1631 1046 fama
1646 991 1764 1063 presby·

964 1073 1015 1127 teri
1042 1074 1241 1144 percutiantur,
1273 1084 1298 1131 et
1327 1092 1361 1130 ne
1389 1077 1557 1150 vituperetur
1582 1079 1763 1135 ministerium

964 1166 1104 1224 nostrum,
1136 1174 1224 1231 neque
1254 1161 1405 1216 securiores
1434 1163 1586 1233 presbytori
1615 1164 1763 1220 existentes

964 1244 1088 1301 licentius
1106 1247 1133 1302 in
1155 1256 1298 1318 peccatum
1320 1249 1454 1314 labantur,
1480 1252 1629 1307 secundum
1651 1253 1763 1309 decreta

964 1335 1104 1404 majorum,
1120 1352 1182 1391 cum
1199 1336 1382 1393 denominatis
1397 1339 1449 1392 sibi
1464 1339 1560 1395 vicinis
1581 1341 1760 1412 presbyteris,

965 1439 1034 1495 quos
1049 1424 1150 1480 scimus
1165 1441 1195 1480 se
1209 1425 1283 1481 nolle
1298 1427 1438 1496 perjurare
1459 1437 1637 1496 sacramento,
1661 1428 1763 1485 famam

964 1525 1041 1566 snam
1063 1521 1172 1585 purget.
1197 1514 1226 1569 Si
1249 1522 1338 1570 autern
1361 1516 1551 1571 denominatos
1571 1533 1588 1572 a
1609 1517 1687 1573 nobis
1712 1518 1764 1573 sibi

964 1600 1140 1670 presbyteros
1155 1602 1190 1656 ad
1204 1601 1305 1657 famam
1321 1618 1396 1658 suam
1412 1605 1583 1676 purgandam
1597 1606 1699 1661 babere
1714 1622 1764 1662 ne·

117 1697 229 1759 ciarum,
245 1696 359 1766 insuper
373 1702 399 1751 et
418 1695 510 1750 domni
535 1711 612 1767 papae
632 1695 738 1751 Nicolai
760 1696 915 1767 apostolicae
929 1688 1031 1782 Bquit,
1050 1696 1076 1744 et
1090 1689 1158 1745 alios
1172 1691 1206 1744 ad
1222 1707 1315 1748 secum
1329 1693 1477 1761 jurandum
1498 1694 1667 1761 conduxerit,
1694 1711 1764 1767 quo·

117 1785 187 1840 sedis
215 1783 369 1855 pontilicis,
396 1799 413 1838 a
436 1783 515 1838 nobis
537 1784 696 1856 evangelica
717 1792 743 1840 et
767 1786 915 1856 apostolica
966 1777 1039 1832 niam
1049 1778 1153 1848 experti
1164 1795 1257 1834 sumus
1267 1782 1399 1852 quosdam
1411 1783 1447 1836 ad
1456 1782 1572 1838 invicem
1580 1784 1764 1856 conspirasse,

116 1883 193 1945 atque
208 1873 340 1928 canonica
362 1872 519 1928 auctoritate
543 1872 578 1927 sit
601 1873 862 1941 excommunicatus,
887 1882 917 1930 ut
965 1874 994 1920 111
1009 1867 1124 1937 reputati
1145 1875 1238 1923 mutuo
1261 1869 1289 1923 in
1314 1884 1364 1923 sna
1386 1871 1548 1942 purgatione
1568 1871 1670 1940 jurent,
1694 1873 1765 1930 sicut

116 1978 251 2033 nunquam
266 1961 310 2017 vel
316 1976 459 2033 nusquam
473 1960 501 2015 in
516 1962 659 2032 provincia
673 1962 834 2034 metropolis
848 1964 916 2019 lihe-
965 1961 993 2009 et
1007 1954 1170 2026 presbyteri,
1187 1955 1261 2026 pleni
1275 1957 1368 2029 iniqua
1381 1958 1545 2029 cogitatione
1561 1960 1694 2016 adversus
1710 1961 1764 2017 Su·

115 2066 221 2106 morum
235 2049 370 2106 Ecclesia
384 2050 412 2104 in
427 2049 516 2122 gradu
530 2048 716 2107 eeclesiastico
730 2051 873 2119 ministret,
890 2059 917 2107 et
965 2057 1081 2097 sannam
1096 2044 1328 2116 conspiraverunt,
1340 2061 1434 2101 coram
1445 2046 1761 2130 missononiseredibiti,

117 2139 175 2193 siin
190 2138 344 2210 pertinacia
357 2154 414 2193 snae
432 2138 604 2208 pervasionis
627 2139 661 2194 de
684 2147 782 2194 iaeiero
803 2155 916 2197 manere
964 2131 1126 2202 presbyteri,
1144 2132 1232 2203 quiin
1248 2134 1409 2206 purgatione
1425 2133 1546 2190 infamati
1568 2137 1718 2193 sacerdotis
1733 2153 1763 2193 se

117 2226 332 2298 praesumpserit,
348 2242 485 2298 utinquam
500 2227 544 2281 vel
562 2242 696 2298 nusquam
718 2227 746 2281 in
768 2228 916 2284 Rhomensi
965 2221 1764 2304 [1118611ῐῦθοθᾶἱῦθὶὓῑθῦᾱῦῐῦθῖἷθΐΰῃῑ,θῐθῐῖῑῑῦἃῑῑθῐὶθῐῦ

118 2316 259 2386 provincia
273 2331 335 2370 cum
349 2314 441 2386 aliquo
456 2315 607 2371 Christiano
622 2317 813 2383 communicet,
825 2333 915 2389 neque
960 2306 1061 2376 judicis
1075 2324 1125 2379 Per
1141 2308 1300 2365 admittunt
1315 2308 1434 2365 infamati
1449 2311 1601 2383 presbileri
1615 2312 1760 2384 recinium.

119 2419 214 2475 corpus
229 2411 258 2458 et
272 2403 434 2477 sanguinem
449 2404 557 2470 Christi,
575 2405 626 2458 nisi
642 2403 722 2470 forte,
731 2405 806 2474 juxta
819 2407 915 2476 mysri-
964 2403 993 2450 ut
1007 2396 1035 2451 in
1050 2407 1220 2455 sacramento
1234 2415 1264 2453 se
1278 2399 1336 2454 Deo
1350 2415 1405 2454 non
1415 2400 1539 2471 perdant,
1551 2400 1618 2456 sicut
1633 2402 1764 2475 quosdam

119 2508 171 2548 cam
187 2493 332 2548 Nicaenam
347 2492 482 2563 synodum
496 2493 572 2560 (eoo.
588 2493 642 2559 t3),
668 2492 696 2547 in
714 2492 786 2548 exitu
809 2495 915 2565 positus

119 2581 239 2636 viaticum
255 2596 354 2635 munus
369 2594 457 2636 sacrae
472 2580 668 2636 communionis
682 2581 807 2652 accipiat.

355 2694 525 2752 EPlSTOLrl
543 2695 672 2751 XXXIV.

206 2818 244 2857 sn
263 2815 395 2857 touvnau
413 2817 567 2857 ariscornn
587 2817 818 2858 cauameansau.

120 2910 148 2966 be
160 2909 291 2965 lfaooldo
307 2912 335 2963 et
350 2909 435 2964 mole
450 2911 535 2980 fornae
555 2910 712 2981 presbyteri
734 2909 912 2981 purgatione.

964 2484 1028 2539 hinc
1054 2486 1111 2554 iarn
1139 2487 1257 2543 revictos
1286 2487 1480 2558 comperimus.
1508 2489 1645 2546 invocatio
1673 2498 1765 2546 autem

965 2589 1046 2643 super
1060 2590 1122 2629 eum
1137 2575 1183 2647 qui
1197 2576 1375 2645 adjudicium
1390 2576 1445 2631 exit
1460 2577 1521 2632 talis
1538 2577 1664 2646 liabetur,
1691 2580 1764 2650 quod

964 2661 1022 2732 ipsa
1036 2663 1178 2734 presbyter
1200 2664 1280 2720 talem
1301 2680 1443 2721 accessum
1470 2674 1497 2722 et
1517 2666 1765 2738 frequentationem

964 2757 990 2804 et
1005 2751 1234 2807 cohabitationem
1257 2762 1350 2809 contra
1372 2769 1466 2809 sacros
1489 2769 1609 2811 canones
1631 2771 1694 2812 cum
1718 2756 1767 2813 itta

964 2835 1063 2893 femina
1078 2855 1133 2895 non
1148 2841 1283 2911 habuerit,
1299 2842 1371 2898 unde
1387 2842 1458 2898 mala
1474 2843 1594 2915 suspicio
1616 2852 1643 2900 et
1665 2845 1765 2902 incon·

963 2926 1075 2982 veniens
1091 2929 1223 2984 sacerdoti
1247 2929 1320 2984 fama
1341 2930 1440 2987 merito
1466 2939 1560 3003 posset
1582 2932 1664 2989 exire.
1691 2933 1765 2988 Sicut

151 3023 230 3080 (apud
242 3022 380 3077 sirmond..
391 3033 422 3068 ex
440 3022 526 3069 codice
537 3024 561 3069 s.
571 3023 697 3070 morentii
709 3024 873 3081 leodiensis.)
966 3015 1039 3070 enim
1053 3016 1142 3072 vitiosi
1160 3018 1324 3089 presbyteri,
1350 3020 1484 3075 suadente
1505 3020 1624 3085 diabolo,
1650 3020 1765 3079 adiuve-

148 3123 315 3178 H„„„„„,
339 3122 503 3178 anemurum
532 3121 677 3193 ,pisfflpus
700 3136 732 3178 aa
749 3123 838 3193 pleb„
862 3124 912 3180 D„
927 3077 1049 3169 Catani,
1066 3112 1095 3158 n
1111 3105 1139 3159 in
1153 3106 1481 3173 transrenensibus,
1506 3108 1549 3163 ver
1575 3109 1701 3176 naturai,
1722 3109 1766 3166 vet

122 3209 251 3277 famulus,
286 3210 386 3266 dilecto
414 3209 487 3266 fratri
517 3218 542 3265 et
571 3210 720 3265 venerabili
751 3212 913 3284 coepiscopo

121 3298 212 3354 totnsv
228 3298 355 3353 salutem.
632 3311 634 3315 ’

149 3389 198 3442 iste
212 3388 369 3459 presbyter,
386 3387 496 3442 nomine
513 3387 664 3456 Hunoldus,
688 3387 754 3443 dixit
768 3388 834 3443 milri
849 3388 913 3461 quia

122 3477 288 3547 presbyteros
303 3476 408 3531 habens
423 3491 485 3531 cnm
500 3477 600 3547 quibus
615 3475 715 3530 lamam
727 3492 804 3531 snam
820 3493 913 3532 sacra-

122 3574 201 3620 mento
215 3580 339 3637 purgare
354 3563 437 3620 voluit
452 3564 486 3620 de
500 3565 617 3636 quadarn
626 3565 736 3631 femina,
748 3574 773 3621 et
784 3566 912 3637 quoniam

122 3653 321 3708 examinationis
331 3652 465 3721 judicium
479 3653 564 3707 noluit
576 3652 676 3720 facere,
701 3661 730 3708 ut
744 3653 782 3708 illi
798 3654 913 3725 presby-

122 3743 163 3796 teri
189 3758 253 3797 cum
279 3756 314 3796 eo
338 3741 461 3796 securius
481 3741 574 3809 jurare
598 3750 720 3813 possent,
745 3742 913 3798 sacerdotale

121 3829 296 3886 unnisterium
317 3829 490 3885 interdictum
514 3839 555 3885 est
576 3830 624 3884 itti.
651 3830 728 3888 Unde
752 3831 866 3903 qualiter
886 3832 913 3887 iu

122 3928 202 3974 nostra
219 3918 354 3990 parochia
377 3935 410 3973 ex
434 3918 595 3974 auctoritate
620 3920 753 3988 maiorum
779 3928 911 3986 tenemus,

124 4015 166 4063 tnae
179 4007 320 4064 dilectioni
335 4007 507 4062 mandamus
533 4008 606 4065 Sicut
632 4008 660 4063 S.
686 4007 838 4080 Gregorius
863 4009 913 4064 de-

123 4099 206 4165 crevit,
223 4113 275 4168 per
290 4097 405 4151 idoneos
420 4105 502 4151 testes
522 4104 690 4152 sacramento
715 4097 857 4168 inquiritur
880 4097 914 4151 de

124 4186 190 4240 nolae
204 4187 286 4241 lamae
300 4185 472 4257 presbytero,
485 4193 514 4240 ut
527 4185 590 4240 inde
607 4186 725 4240 scientes
735 4201 787 4241 nec
799 4186 914 4240 menda-

124 4274 181 4328 cium
199 4275 302 4338 dirant,
332 4289 383 4330 neo
407 4274 551 4329 veritatem
575 4275 724 4340 reticeant3
747 4284 772 4330 et
792 4275 913 4346 exceptis

963 3202 1132 3263 comparato,
1153 3193 1267 3249 feminas
1292 3195 1419 3261 habeant,
1445 3212 1507 3267 qnae
1528 3196 1638 3251 illorum
1659 3213 1766 3267 pannos

962 3280 1063 3347 lavant,
1080 3291 1107 3336 et
1121 3283 1284 3337 vestimenta
1298 3283 1351 3337 illis
1366 3282 1476 3348 faciunt,
1491 3292 1518 3338 et
1533 3284 1670 3339 interdum
1685 3285 1766 3339 etiam

963 3369 1053 3424 claves
1081 3369 1236 3425 facultatum
1260 3370 1367 3425 illorum
1390 3371 1568 3443 prevideant,
1587 3371 1680 3443 sicque
1703 3388 1766 3428 eum

962 3457 1002 3513 eis
1029 3457 1252 3513 inconvenienter
1280 3459 1447 3524 cohabitent,
1479 3459 1523 3527 ita,
1557 3459 1626 3514 sicut
1656 3469 1765 3516 sanctus

962 3546 1130 3616 Augustinus
1144 3545 1219 3615 dicit,
1237 3546 1310 3601 varia
1325 3547 1481 3602 morborum
1498 3563 1601 3620 genera
1610 3564 1681 3605 nova
1695 3565 1766 3620 que

964 3650 1026 3688 rere
1043 3642 1145 3705 cogunt
1159 3634 1421 3691 medicamentorum
1438 3635 1633 3706 experimenta,
1658 3645 1687 3692 ut
1702 3638 1765 3709 quia

962 3722 1258 3778 interdictocanonum
1274 3724 1406 3796 elfegum
1428 3724 1558 3780 obaudire
1582 3740 1638 3781 non
1659 3734 1763 3792 curam,

963 3826 1086 3866 censurae
1101 3813 1246 3867 severitate
1261 3812 1294 3866 ab
1310 3812 1351 3868 eis
1363 3812 1505 3868 discedere
1516 3813 1635 3870 timeant.
1648 3814 1716 3869 Data
1724 3829 1763 3868 xv

964 3900 1078 3955 Kalend.
1095 3901 1212 3971 Apriles,
1228 3901 1376 3957 indictione
1392 3916 1440 3957 vn.

1208 4040 1378 4098 EPISTOLA
1401 4042 1516 4098 XXXV.

1211 4172 1246 4210 tu
1267 4172 1360 4213 ouras
1386 4173 1511 4213 rennues.

964 4270 1098 4326 Godbaldi
1110 4273 1267 4343 presbyteri
1293 4274 1327 4328 de
1347 4274 1459 4343 semina
1478 4276 1603 4330 convicti
1616 4276 1763 4347 depositio.

124 4363 326 4432 ³⁰⁰¹¹⁵³20¹⁸ib¹¹⁵i
344 4364 912 4434 ⁰1⁸&1⁰⁵¹&jus0ss²·E1P⁰S²h⁰⁰iU¹'a·
963 4386 1042 4442 (Apud
1062 4387 1189 4440 eumdem,
1208 4397 1237 4432 ev
1257 4387 1335 4432 veteri
1357 4387 1443 4434 codice
1461 4388 1540 4434 sancti
1559 4389 1686 4435 Laurentii
1701 4392 1764 4436 Leo-

124 4460 240 4519 nentum,
258 4467 315 4507 non
330 4452 531 4523 interrogamus
546 4453 580 4507 tle
596 4453 740 4507 conerrbitu
760 4442 948 4523 presbyteriD

124 4554 171 4594 curn
186 4557 347 4612 quacunque
363 4539 471 4605 femina,
489 4541 552 4612 quia
567 4557 618 4595 nec
636 4542 688 4596 hoo
713 4555 832 4596 canones
854 4542 907 4595 ha-

124 4624 183 4693 bant,
201 4630 250 4685 sed
266 4629 301 4684 de
316 4645 428 4685 accessu
444 4637 471 4684 et
491 4628 716 4700 frequentatione,
741 4644 774 4683 ac
798 4629 908 4685 cohabi-

124 4718 208 4773 tatione
232 4735 296 4774 eum
325 4717 433 4772 feminis
459 4725 552 4773 contra
577 4717 746 4772 interdictum
768 4734 907 4774 sacrorum

124 4819 252 4873 canonum,
270 4806 343 4862 unde
360 4806 432 4861 mala
446 4807 565 4877 suspicio
576 4807 805 4862 etinconvenieus
815 4822 907 4863 sacer-

124 4894 168 4949 doti
181 4896 252 4951 fama
267 4895 360 4952 exivit.
386 4897 420 4951 Et
434 4903 495 4968 post
515 4895 625 4951 illorum
642 4895 835 4959 testimonium,
860 4913 906 4951 se-

123 4983 208 5051 ptimus
221 4985 308 5053 testis,
326 4985 349 5039 si
364 4984 484 5041 conditio
498 4984 541 5040 rel
555 4984 671 5055 qualitas
692 5000 818 5055 personae
840 5001 907 5055 per-

122 5073 197 5143 nittit,
213 5075 248 5129 ad
260 5073 393 5144 judicium
409 5073 473 5139 exit,
489 5072 608 5145 quodilli
624 5089 670 5128 sex
686 5072 829 5129 veritatem
844 5072 907 5128 inde

120 5176 161 5229 per
173 5169 375 5218 sacramentum
391 5161 517 5216 dixerunt
534 5179 540 5215 ε
558 5160 621 5232 quia
635 5160 712 5216 multi
730 5162 785 5230 jam
805 5161 906 5232 depre-

119 5249 186 5305 hensi
200 5252 272 5322 apud
288 5265 340 5305 nos
355 5251 498 5315 habentur,
523 5249 650 5322 quoniam
670 5249 757 5321 pretio
779 5250 905 5306 conducti

117 5353 142 5393 se
154 5341 370 5410 perjuraverunt.
395 5339 431 5393 Et
449 5339 472 5392 si
487 5338 540 5394 hoc
564 5340 645 5394 modo
669 5338 813 5410 presbyter
837 5354 906 5394 con·

116 5427 193 5485 victus
208 5428 290 5484 fuerit
305 5428 339 5483 de
359 5427 561 5483 inconvenienti
586 5427 787 5483 cohabitatione
811 5436 905 5484 contra

112 5515 182 5590 leges
196 5529 221 5575 et
236 5533 361 5575 canones
377 5532 440 5572 cnm
454 5515 564 5583 femina,
576 5516 731 5589 deponitur,
743 5516 906 5574 sicutsacrae

1305 4440 1420 4496 diensis.)

997 4536 1164 4593 Hircuosus
1179 4539 1324 4611 episcopus
1339 4557 1373 4597 ac
1387 4541 1475 4613 plebis
1489 4541 1541 4597 Dei
1558 4539 1683 4599 famulus.

995 4628 1094 4681 Notum
1106 4627 1139 4681 sit
1147 4629 1274 4684 omnibus
1283 4638 1384 4686 sanctae
1395 4631 1445 4686 Del
1453 4630 1585 4686 Ecclesia.
1598 4631 1761 4700 rectoribus,

958 4715 1091 4769 ministris
1119 4733 1228 4788 quoqne
1256 4734 1288 4773 ac
1311 4718 1384 4785 liliis,
1408 4719 1442 4773 ad
1467 4734 1535 4789 quos
1558 4720 1618 4776 haec
1632 4730 1760 4792 poterunt

959 4805 1113 4875 pervenire,
1130 4806 1194 4876 (quia
1212 4806 1374 4862 Godbaldus
1390 4808 1526 4877 quondam
1535 4809 1679 4881 presbyter
1686 4827 1763 4882 paro·

957 4894 1026 4948 chire
1041 4902 1151 4962 nostrae,
1170 4895 1204 4949 de
1220 4896 1338 4966 quadam
1353 4894 1455 4949 femina
1469 4897 1581 4953 nomine
1606 4899 1685 4955 Doda
1704 4901 1760 4955 cri·
1812 4914 1823 4932 ·

958 4981 1084 5057 minatus,
1102 4991 1128 5038 et
1143 4982 1249 5038 idoneis
1265 4983 1379 5038 testibus
1393 4984 1607 5057 comprobatus„
1618 4995 1644 5043 et
1659 5004 1760 5045 secun·

957 5071 1021 5131 dum
1046 5087 1140 5128 sacros
1167 5087 1287 5127 canones
1316 5072 1500 5142 adjudicium
1522 5085 1695 5147 provocatus,
1721 5080 1756 5134 de

957 5149 1017 5230 ipso
1028 5160 1132 5229 judicio
1146 5159 1311 5216 conscientia
1324 5176 1372 5215 sua
1393 5162 1558 5236 redargutus
1576 5163 1641 5238 fuga
1664 5165 1756 5237 lapsus

958 5257 1008 5305 est.
1038 5250 1185 5320 Propterea
1213 5249 1363 5304 secundnm
1390 5266 1484 5307 sacros
1511 5268 1629 5308 canones
1653 5252 1756 5326 Spiritu

956 5338 1007 5394 Dei
1022 5338 1156 5402 conditos,
1173 5346 1199 5394 et
1214 5339 1398 5395 totinsmnndi
1409 5340 1756 5413 reverentiaconsecratos,

955 5427 1029 5483 omni
1044 5427 1207 5484 sacerdotali
1221 5427 1311 5484 officio
1326 5437 1367 5485 est
1384 5429 1512 5500 privatus,
1539 5431 1653 5488 docente
1677 5433 1757 5490 beato
1795 5483 1803 5497 ,

955 5515 1093 5574 bonifacio
1108 5532 1180 5588 papa
1201 5518 1297 5591 (episi.
1315 5520 1360 5589 lt)
1377 5536 1384 5574 ι
1403 5518 1512 5589 «Quod
1536 5519 1559 5576 si
1582 5521 1680 5578 adesse
1704 5539 1756 5580 ne-
