3794 6104
180 217 234 273 227
641 208 814 269 nincutnl
839 208 1040 268 ananensis
1069 210 1345 270 ARCHlEPlSCOPI.
1786 215 1841 276 ἥδ

183 344 295 394 ornatus
324 335 481 408 praecipius,
498 335 532 393 de
547 335 606 392 viro
617 342 643 391 et
656 335 770 392 muliere
784 335 908 407 Apostoli
922 351 983 392 sen·
996 335 1049 397 A«
1066 335 1209 393 Christiani
1223 351 1279 392 non
1294 345 1365 405 sunt,
1382 336 1428 409 qui
1443 337 1592 412 ligamenta
1615 345 1719 396 sanotae
1741 339 1843 398 Eccle-

183 427 294 482 tentiam
309 441 459 497 exponens,
476 424 541 496 qnid
555 440 606 496 per
620 425 691 480 hano
705 425 923 494 conjunctionem
938 425 983 479 in-
1035 424 1082 480 siae
1106 425 1184 480 vanis
1215 441 1247 481 sc
1270 425 1407 482 aestimant
1430 428 1573 483 conatibus
1601 429 1710 485 solvere
1728 447 1735 482 :
1752 445 1785 486 ac
1795 446 1845 502 per

181 515 268 589 telligi
282 514 398 571 uoluerit
411 513 661 585 patenterostendit
677 515 912 572 :Sacramentum
923 516 984 582 lucc,
1034 512 1086 569 hoc
1100 530 1151 570 nec
1166 514 1366 571 ahsolutionem
1382 523 1482 572 sancta
1492 516 1634 585 Ecclesiae,
1666 533 1750 588 qnam
1769 535 1842 589 prae-

182 604 318 677 inquiens,
334 620 471 677 -mcgacm
485 608 529 660 est
545 619 551 659 :
569 607 719 676 cenantem
733 603 986 661 diceinChristcct
1036 609 1089 658 stat
1104 602 1239 671 fidelihus,
1257 619 1349 659 ueram
1360 612 1465 675 putant,
1482 605 1505 660 si
1515 605 1645 676 ligaturas
1660 607 1720 675 cius
1749 606 1843 666 valere

182 694 215 748 in
228 693 366 762 Ecclesia(
380 692 479 763 Ephea.
496 707 524 759 u,
541 692 597 762 32).
614 692 712 764 Utique
721 692 775 748 duo
784 700 856 759 sunt,
868 694 943 747 Deus
958 700 985 747 et
1036 706 1092 746 non
1105 691 1250 747 aestimant.
1266 693 1365 748 Contra
1380 708 1449 765 quos
1463 693 1565 750 diutius
1580 695 1777 766 disputandum
1787 711 1842 752 non

182 782 274 851 homo,
291 781 414 837 Christus
429 789 457 836 et
471 779 606 846 Ecclesia,
636 796 698 852 quae
727 780 762 836 de
787 781 881 852 sponsi
903 796 986 837 carne
1036 787 1086 846 est,
1104 781 1168 851 quia
1182 797 1232 851 per
1246 781 1336 837 omnia
1363 782 1532 855 despiciendi
1546 791 1573 838 et
1593 784 1843 840 anathematizandi

183 869 309 941 provihit,
325 878 352 925 et
367 870 401 925 de
416 869 501 926 latere
516 866 642 925 Crucilixi
658 876 787 926 manante
801 868 935 941 sanguine
959 876 986 924 et
1037 877 1108 935 sunt,
1126 876 1152 923 et
1166 869 1237 925 unde
1253 886 1284 927 se
1298 868 1392 926 fallere
1420 871 1562 927 veritatem
1593 873 1720 939 credunt,
1736 871 1802 928 inde
1815 873 1842 929 in

182 973 264 1030 aqua,
287 966 491 1016 sacramentum
515 956 712 1029 redemptionis
726 965 753 1014 et
767 957 985 1031 regenerationis
1035 957 1154 1027 peccatis
1169 957 1226 1011 suis
1250 957 1384 1014 veraciter
1403 959 1588 1029 implicantur,
1613 976 1719 1032 eosque
1741 968 1769 1015 et
1790 977 1841 1033 ego
1870 997 1875 1009 ·

183 1047 297 1118 accepit.
317 1068 329 1097 a
1036 1052 1062 1099 et
1075 1059 1171 1100 omnes
1187 1046 1314 1102 catholici
1328 1047 1464 1119 episcopi,
1481 1056 1561 1120 atque
1576 1049 1706 1106 universa
1719 1049 1843 1107 Ecclesia

217 1137 253 1192 Et
265 1136 340 1193 idem
354 1135 418 1192 alibi
435 1152 441 1192 :
458 1136 544 1201 Unde,
561 1135 657 1208 inquit,
674 1152 736 1193 cum
751 1136 867 1193 societas
883 1134 987 1207 nuptia·
1035 1134 1302 1200 anathematizamus,
1332 1136 1396 1208 quia
1419 1136 1527 1192 veritati
1551 1137 1689 1193 contraria
1711 1138 1840 1207 sentiunt,

181 1240 240 1281 rum
253 1224 335 1280 itaah
350 1224 427 1281 initio
442 1225 590 1281 constituta
614 1225 659 1291 sit,
684 1232 713 1280 ut
740 1232 842 1297 praeter
871 1241 986 1280 sexuum
1035 1230 1061 1277 et
1075 1223 1209 1278 contraria
1225 1223 1380 1295 loquuntur.
1407 1246 1418 1275 »

180 1313 401 1383 conjunctionem
415 1314 530 1370 haberet
541 1313 568 1369 in
584 1329 614 1368 se
630 1305 730 1369 Christi
744 1320 770 1369 et
785 1313 918 1370 Ecclesiae
937 1329 984 1369 sa·
1070 1310 1134 1367 llaeo
1148 1311 1250 1368 idcirco
1265 1312 1299 1367 de
1314 1313 1397 1368 rebus
1413 1321 1439 1367 et
1454 1312 1625 1370 facultatibus
1640 1316 1778 1374 Ecclesiae
1799 1319 1839 1375 ri-

181 1411 360 1472 cramentnm,
377 1418 432 1458 non
452 1419 520 1475 ergo
533 1401 684 1459 fornicetur
698 1402 986 1475 quisquam,indebita
1035 1398 1124 1455 duatae
1139 1400 1190 1454 sub
1217 1417 1358 1457 ceconomo
1383 1403 1472 1458 futuro
1500 1405 1677 1460 reservandis
1702 1408 1839 1480 Episcopo

180 1492 320 1548 uoluntate
334 1491 430 1547 abiens
444 1500 505 1562 post
526 1507 639 1548 uxorem
662 1491 786 1563 legitimo
815 1500 841 1547 et
870 1491 985 1563 spiritali
1034 1487 1078 1543 hic
1092 1488 1312 1560 interposuimus,
1328 1499 1357 1545 ut
1371 1492 1492 1547 attendat
1508 1493 1542 1548 de
1557 1508 1611 1565 quo
1625 1493 1718 1565 agitur
1732 1497 1840 1567 episco-

181 1580 233 1635 sihi
249 1580 372 1636 sortitam
387 1580 525 1652 conjugio,
537 1578 695 1653 seddiligat
705 1579 830 1636 etforeat
850 1581 985 1647 eam‚sic·
1035 1592 1095 1646 pus,
1113 1577 1177 1647 quia
1193 1578 1215 1631 si
1229 1578 1330 1634 nemini
1346 1579 1500 1636 Christiano
1515 1597 1561 1636 eas
1576 1581 1640 1638 licet
1658 1600 1837 1655 presumere,

182 1675 212 1724 ut
227 1668 350 1724 Christus
364 1668 515 1725 Ecclesiam
531 1686 537 1722 :
554 1683 643 1740 neque
658 1678 720 1739 post
733 1677 872 1741 pastorem
893 1685 981 1740 suum,
998 1663 1119 1758 Bmulto
1133 1665 1223 1720 minus
1234 1666 1299 1722 item
1314 1668 1468 1739 episcopus,
1485 1669 1544 1726 sine
1559 1670 1601 1726 sui
1616 1679 1706 1727 status
1717 1675 1838 1745 periculo

181 1756 210 1813 in
226 1755 279 1813 fide
293 1766 319 1813 et
333 1757 361 1812 in
375 1757 455 1813 nobis
470 1757 600 1828 operibus
615 1766 780 1825 manentem,
801 1774 883 1830 quem
906 1758 984 1814 ordi·
1034 1768 1066 1809 ac
1081 1752 1178 1809 animae
1193 1755 1366 1823 defrimento,
1383 1758 1619 1816 ecclesiaeinvasae
1640 1777 1688 1816 res
1709 1769 1737 1818 et
1752 1761 1838 1819 facul-

181 1854 264 1903 uante
278 1846 337 1903 Deo
351 1846 474 1920 legitima
489 1854 561 1902 sorte
581 1846 711 1917 suscepit,
739 1847 864 1904 Ecclesia
889 1846 984 1903 abiens
1033 1848 1104 1897 tutes
1119 1842 1248 1913 prevalet
1263 1860 1403 1914 usurpare.
1420 1844 1495 1902 Sicut
1510 1847 1583 1902 enim
1597 1862 1692 1904 comes
1723 1850 1838 1907 civitatis

181 1934 331 1992 fornicetur
345 1935 394 1991 sed
408 1936 437 1991 in
451 1951 484 1992 ea
497 1935 639 1992 vocatione
655 1951 709 2007 qua
723 1936 815 1991 vocati
837 1944 900 1991 sunt
923 1952 984 1991 ma-

180 2030 271 2093 neant,
291 2024 373 2080 veluti
388 2039 475 2080 sacrae
489 2023 639 2095 Scriptura
656 2031 683 2079 et
710 2024 869 2081 traditiones
896 2025 985 2081 cocle-

178 2111 295 2168 siasticae
309 2111 496 2183 praelixernnt.
517 2112 548 2169 Si
562 2111 713 2184 enim,quia
723 2113 894 2169 concedente
908 2115 984 2184 Apo·

180 2191 250 2256 stolo
263 2200 343 2256 unius
357 2201 450 2257 uxoris
466 2201 508 2256 tir
521 2203 623 2256 assumi
644 2201 673 2256 in
702 2201 884 2259 secerdotium
904 2202 985 2271 jube-

179 2297 231 2358 tur,
247 2296 277 2344 ut
291 2304 405 2345 uxorem
429 2306 511 2362 quant
533 2299 595 2347 ante
619 2291 801 2349 sacerdotium
831 2291 924 2347 hahuit
939 2303 984 2346 ca·

179 2377 228 2433 stis
243 2376 332 2433 foueat
349 2385 377 2432 et
391 2385 498 2433 tueatur
512 2379 630 2450 auxiliis,
648 2388 674 2436 et
699 2395 755 2435 nou
779 2395 840 2435 eam
867 2379 984 2436 destitu-

178 2472 245 2531 tam,
261 2464 342 2521 dehet
354 2464 520 2538 relinquere,
534 2467 719 2524 multominus
730 2467 859 2525 sacerdos
873 2466 987 2523 destitu-

180 2562 246 2625 tam,
262 2560 308 2609 aut
321 2569 372 2625 pro
397 2554 598 2626 superinducta,
627 2556 669 2613 vel
699 2572 762 2613 cnm
791 2556 985 2629 superinducta

181 2642 308 2698 deserere
321 2642 366 2698 vel
379 2643 532 2716 negligere,
548 2644 659 2701 minime
673 2653 764 2701 autem
780 2661 843 2701 oum
857 2645 912 2700 alia
931 2660 984 2700 uua

179 2747 241 2788 cnm
256 2732 315 2803 ipsa
331 2731 411 2787 dehet
425 2732 558 2789 maechari
573 2735 689 2791 ecclesia
706 2740 750 2790 :et
764 2734 897 2790 sicutnon
907 2733 985 2789 adul·

178 2828 269 2876 terere
282 2821 397 2876 rerbum
413 2821 472 2887 Dei,
490 2821 526 2877 ita
539 2838 590 2879 nec
606 2822 760 2879 adulterare
779 2823 860 2878 dehet
885 2823 983 2879 Eccle-

181 2907 250 2963 siam
266 2923 354 2963 suam.
368 2907 429 2962 Nisi
443 2908 516 2963 enirn
532 2909 623 2965 viriet
640 2911 733 2967 uxoris
747 2911 845 2984 legalis
868 2911 984 2980 conjun-

1034 1929 1276 2000 homosaecularis,
1292 1941 1319 1988 et
1334 1933 1378 1988 alii
1393 1934 1475 1988 etiam
1497 1936 1650 2002 saculares,
1675 1944 1703 1993 et
1728 1940 1838 2008 majoris

1034 2025 1061 2072 et
1075 2018 1189 2075 minoris
1204 2021 1352 2090 potestatis,
1368 2022 1470 2077 hahent
1482 2024 1555 2079 unde
1569 2024 1598 2078 in
1620 2041 1668 2079 sua
1693 2028 1836 2099 metropoli

1033 2106 1140 2176 possint
1163 2108 1323 2175 consistere,
1350 2117 1377 2165 et
1391 2111 1568 2167 comministri
1583 2112 1643 2181 ejus
1657 2114 1840 2171 ecclesiastici

1034 2195 1126 2251 valent
1139 2196 1240 2251 ibidem
1255 2198 1347 2254 vivere
1359 2217 1367 2265 3
1384 2199 1422 2254 sic
1438 2208 1465 2255 et
1479 2200 1548 2270 ipse,
1563 2201 1616 2256 nisi
1625 2217 1691 2258 eum
1705 2203 1838 2275 cupiditas

1034 2291 1061 2340 et
1075 2284 1187 2340 ambitio
1200 2286 1272 2341 unde
1288 2286 1404 2356 ejiceret,
1422 2287 1524 2344 ibidem
1532 2290 1576 2345 vel
1584 2290 1619 2346 de
1627 2291 1762 2363 operibus
1778 2309 1836 2349 ma·

1033 2389 1126 2438 nuum,
1144 2373 1186 2430 vel
1202 2374 1236 2429 de
1251 2375 1365 2431 decimis
1380 2375 1501 2434 fidelium
1517 2393 1549 2434 ac
1562 2379 1711 2437 collatione
1719 2381 1836 2454 presby·

1032 2468 1164 2528 terorum,
1181 2469 1207 2518 et
1223 2463 1246 2516 si
1261 2463 1342 2519 aliter
1352 2480 1408 2519 non
1423 2473 1526 2537 posset,
1537 2466 1582 2522 vel
1596 2469 1647 2523 suh
1658 2484 1757 2537 censu,
1769 2470 1835 2525 sicut

1033 2548 1229 2622 Hierosolymis
1238 2551 1401 2622 patriarcha,
1418 2561 1445 2608 et
1455 2554 1506 2609 viri
1530 2555 1654 2629 religiosi
1676 2572 1711 2615 ec
1741 2556 1837 2614 fideles

1033 2636 1061 2691 in
1077 2637 1213 2704 Corduba,
1229 2646 1256 2694 et
1270 2640 1298 2694 in
1312 2640 1373 2695 eliis
1388 2641 1541 2698 civitatibus
1555 2660 1606 2715 per
1620 2644 1785 2716 Hispaniam
1800 2645 1840 2702 fa-

1034 2725 1117 2791 ciunt,
1132 2726 1170 2781 ihi
1184 2727 1288 2783 valeret
1306 2745 1426 2797 manere,
1452 2738 1478 2785 et
1505 2733 1646 2788 conservis
1658 2734 1688 2789 in
1715 2741 1838 2807 tempore

1034 2815 1115 2870 tritici
1130 2832 1285 2872 mensuram
1297 2818 1411 2885 donare,
1427 2819 1510 2875 idest
1525 2822 1640 2878 verbum
1663 2824 1839 2894 praedicatio-

1033 2904 1076 2958 nis
1091 2904 1239 2975 impertire,
1256 2914 1282 2961 et
1296 2906 1444 2962 ministeria
1461 2925 1523 2981 quas
1535 2925 1590 2965 non
1606 2911 1658 2966 nisi
1671 2913 1706 2966 ah
1723 2912 1834 2984 episco-

180 2995 276 3052 ctioad
286 2995 407 3066 episcopi
417 2996 573 3054 etecclcsiae
591 2998 642 3053 sihi
659 2999 810 3068 conjunctae
824 2999 985 3071 mysterium
1033 2992 1076 3062 pis
1090 2993 1220 3048 ministris
1236 2994 1429 3052 ecclesiasticis
1443 3004 1470 3052 el
1492 2997 1620 3069 plebibus
1643 3010 1761 3071 possunt
1785 3002 1836 3058 de-

179 3084 334 3154 pertineret¹
350 3098 482 3158 magnum
512 3084 735 3143 chalcedonense
762 3088 909 3143 concilium
932 3088 983 3143 de.
999 3054 1127 3154 Cpendf,
1144 3081 1212 3138 sicut
1228 3090 1290 3138 sunt
1304 3084 1491 3141 ordinationes
1511 3086 1765 3145 CCCfeSiESffolrllm
1785 3090 1838 3145 mi·

180 3171 274 3229 functo
287 3189 337 3228 suo
352 3172 982 3246 episcopoviduatamecclesiamnonvocaret,
1033 3169 1190 3242 nistrorum,
1205 3170 1275 3228 sicut
1297 3181 1338 3228 est
1367 3173 1501 3231 confectio
1530 3176 1602 3231 sacri
1625 3177 1794 3247 chrismatis,
1811 3187 1839 3235 et

180 3261 257 3330 cujm
271 3261 374 3317 reditus
388 3277 474 3333 penes
489 3278 662 3319 oeoonomum
676 3264 768 3322 futuro
783 3265 920 3321 reservari
939 3266 983 3335 ju·
1033 3259 1203 3315 consecratio
1218 3260 1272 3315 olei
1286 3262 1432 3317 exorcizati
1446 3271 1472 3318 et
1487 3263 1522 3319 ed
1535 3262 1710 3321 infirmorum
1730 3267 1839 3325 metio·

179 3349 225 3405 het
240 3350 379 3421 episcopo,
396 3366 448 3407 neo
458 3352 492 3406 ab
507 3350 566 3406 aliis
574 3352 738 3425 quibusque,
748 3352 792 3410 vel
807 3354 915 3411 vivente
939 3353 984 3409 vel
1032 3362 1095 3401 ncm
1108 3348 1270 3415 consecrati,
1286 3349 1354 3407 sicut
1369 3358 1409 3406 cst
1424 3350 1592 3408 confirmatio
1613 3362 1640 3409 et
1663 3355 1836 3428 consignatio

179 3438 306 3496 defuncto
321 3440 506 3512 cujuscunque
522 3440 637 3497 civitatis
652 3443 780 3514 episcopo
794 3442 931 3513 usurpari,
939 3441 983 3497 vel
1031 3433 1238 3506 baptizatorum,
1254 3437 1322 3493 sient
1337 3447 1379 3494 est
1392 3455 1489 3494 manus
1503 3440 1641 3512 impositio
1660 3451 1689 3498 et
1711 3444 1836 3501 reconci-

182 3528 377 3599 pessumdari:
396 3529 469 3601 quod
482 3528 528 3601 qni
543 3530 777 3602 presumpserint,
799 3530 918 3588 verenda
941 3539 983 3586 est
1031 3522 1104 3579 liatio
1118 3525 1226 3594 publice
1245 3527 1444 3596 poenitentium,
1468 3536 1495 3583 et
1518 3529 1619 3585 velatio
1643 3530 1836 3603 virginemn

180 3615 235 3671 illis
251 3616 385 3673 sententia
400 3617 526 3686 ejusdem
542 3619 627 3675 sancti
643 3626 671 3674 et
681 3619 843 3675 universalis
864 3617 981 3686 concilii,
1032 3611 1086 3666 alia
1101 3630 1161 3684 quae
1175 3630 1225 3684 per
1239 3614 1347 3685 singula
1368 3631 1424 3671 nnn
1441 3632 1557 3674 necesse
1587 3627 1628 3674 est
1653 3629 1835 3692 computare:

179 3721 233 3776 que
248 3705 406 3762 maentando
421 3706 545 3763 decernit
560 3708 635 3774 (cau.
654 3709 697 3777 tn)
715 3723 721 3763 :
738 3728 749 3757 «
766 3708 831 3773 Eos,
843 3706 980 3778 inquiens,
1032 3717 1093 3771 quae
1107 3716 1162 3755 non
1174 3701 1226 3756 nisi
1240 3703 1274 3756 ab
1289 3703 1425 3775 episcopis
1435 3704 1526 3761 valent
1535 3705 1698 3779 regulariter
1720 3707 1791 3776 fieri,
1810 3716 1835 3764 et

181 3794 227 3865 qui
243 3793 317 3850 aussi
330 3793 514 3864 luerint,post
524 3791 709 3850 diffinitionem
720 3810 827 3867 magnae
838 3795 982 3851 etuniver-
1030 3797 1058 3851 in
1072 3796 1195 3869 utrisque
1205 3799 1367 3870 civitatibus,
1384 3808 1458 3857 tanto
1475 3803 1562 3873 spatio
1576 3803 1647 3859 inter
1672 3821 1702 3861 se
1723 3804 1827 3861 distan-

180 3882 246 3937 salis
260 3881 341 3950 hujus
356 3880 468 3951 synodi,
486 3880 634 3953 quidquam
648 3899 682 3938 ex
695 3882 738 3938 his
758 3899 818 3954 qnae
846 3883 981 3955 prohibita
1030 3884 1112 3953 tibus,
1128 3887 1162 3940 ah
1176 3903 1230 3942 uno
1244 3888 1372 3961 episcopo
1387 3892 1513 3964 congruis
1528 3892 1694 3963 temporibus
1717 3910 1773 3951 non
1787 3910 1835 3951 va-

180 3975 242 4025 snut
257 3976 428 4040 perpetrare,
445 3969 567 4024 decrevit
579 3978 672 4027 sancte
688 3971 844 4042 Synodusa
868 3971 981 4042 proprio
1030 3972 1095 4044 lent,
1110 3974 1165 4030 imo
1179 3992 1230 4032 nec
1244 3977 1352 4045 dehent,
1369 3994 1419 4034 nec
1440 3980 1542 4052 regulae
1565 3981 1728 4052 permittunt
1751 3999 1829 4041 exse·

179 4056 334 4128 hujusmodi
348 4057 436 4129 gradu
450 4057 591 4113 recedere.
609 4078 621 4109 s
637 4060 671 4114 Et
695 4060 730 4115 de
754 4060 980 4134 transgredienti·
1030 4063 1084 4134 qui.
1102 4063 1168 4133 Quae
1183 4065 1245 4119 etsi
1259 4081 1308 4135 per
1322 4073 1446 4137 tempora
1460 4077 1575 4139 possunt
1588 4069 1616 4124 in
1627 4085 1676 4125 sna
1686 4072 1830 4144 metropoli

180 4147 231 4202 hus
245 4161 306 4218 quaa
322 4144 468 4202 constituta
482 4153 553 4213 sunt,
571 4147 636 4202 item
651 4149 793 4218 conjuncte
814 4149 879 4206 dicit
903 4150 978 4221 (coc.
1029 4152 1065 4206 ob
1075 4167 1107 4207 eo
1117 4151 1185 4220 tieri,
1197 4153 1404 4210 convincitnrin
1415 4171 1448 4211 ca
1458 4173 1541 4228 posse
1560 4159 1713 4227 immorari,
1728 4169 1756 4217 et
1771 4176 1829 4233 qua

180 4238 226 4306 27)
243 4253 250 4289 :
268 4255 280 4286 ι
298 4232 327 4290 Si
341 4233 450 4306 quidem
464 4234 558 4291 clerici
573 4242 645 4304 sunt,
662 4236 789 4292 decidant
804 4237 890 4311 gradu
913 4252 980 4308 pro·
1030 4240 1080 4294 sihi
1102 4257 1118 4294 a
1142 4240 1258 4296 subditis
1280 4252 1437 4314 competunt
1458 4247 1579 4318 exsequi.
1606 4248 1689 4319 Legat
1713 4264 1830 4321 namque

178 4324 259 4396 prio;
275 4323 379 4381 sivero
405 4323 475 4392 laici,
506 4325 807 4381 anathematizentur.»
838 4326 882 4382 Sic
897 4325 980 4382 etiarn
1029 4329 1177 4384 secundam
1191 4331 1335 4400 epistolam
1358 4333 1434 4388 Pauli
1456 4335 1570 4405 apostoli
1600 4335 1634 4391 ad
1660 4336 1828 4406 Corinthios,

179 4413 214 4470 de
228 4429 322 4469 rernm
336 4428 370 4469 ac
384 4412 541 4469 facultatum
556 4415 809 4487 presumptoribus,
825 4423 853 4471 et
868 4414 983 4470 aliorum
996 4411 1022 4473 D
1034 4432 1094 4473 cum
1119 4426 1220 4490 quanta
1243 4418 1398 4475 difficultate
1422 4429 1502 4494 atque
1528 4440 1588 4479 cum
1615 4434 1718 4497 quanto
1742 4426 1836 4482 labore

179 4502 357 4559 conciliorum
373 4516 503 4569 canones,
521 4511 548 4558 et
562 4503 718 4574 apostolicae
742 4505 816 4559 sedis
840 4503 985 4575 pontifices
1033 4505 1234 4577 praedicationis
1275 4508 1454 4565 ministerium
1487 4511 1569 4566 fuerit
1600 4522 1757 4583 exsecutus,
1789 4515 1833 4587 qui

180 4591 317 4648 multoties
331 4592 522 4657 decreverunt,
546 4608 606 4663 quae
629 4608 684 4648 non
712 4592 912 4664 parvipendent
940 4593 987 4665 qui
1034 4601 1132 4665 pranter
1146 4594 1254 4652 labores
1266 4613 1334 4668 quos
1345 4599 1467 4654 sustinuit
1486 4599 1514 4654 iu
1529 4601 1696 4670 carceribus,
1710 4602 1740 4657 in
1749 4603 1836 4676 plagis

183 4680 367 4753 irrefragabili
381 4679 492 4737 Domini
517 4679 658 4736 sententiae
680 4680 802 4745 credunt,
827 4682 943 4738 dicentis
958 4681 986 4736 in
1035 4683 1253 4754 supramodum,
1269 4685 1297 4740 in
1312 4687 1444 4742 mortibus
1469 4687 1632 4760 frequenter,
1655 4691 1685 4745 in
1708 4691 1834 4764 flagellis,

180 4769 270 4836 Petro,
287 4777 313 4824 et
328 4769 457 4839 apostolis
471 4770 608 4836 omnibns,
626 4777 652 4824 et
670 4769 698 4824 in
723 4770 762 4825 eis
787 4770 893 4825 illorum
921 4787 985 4826 suc·
1033 4772 1062 4827 in
1075 4772 1251 4844 lapidatione,
1259 4774 1287 4829 in
1297 4775 1457 4849 naufragiis,
1468 4779 1501 4833 irc
1515 4779 1666 4835 itineribus
1676 4794 1751 4851 saepe
1758 4796 1836 4837 uexa-

180 4857 535 4932 cessorihu'szocoecnnqne
543 4861 673 4932 ligaveris
681 4862 887 4929 superterram,
897 4860 985 4931 ligata
1033 4860 1836 4941 tusluit,pericnlis(luminumpcricntislatronumpcri·

182 4950 268 5002 ernnt
286 4948 354 5001 etin
363 4948 439 5003 ccctis
448 4949 558 5018 (narrt.
572 4965 632 5004 xvi.
646 4950 700 5019 te).
716 4948 788 5003 Nam
804 4947 873 5003 sicut
887 4949 985 5003 Petrus
1034 4951 1107 5006 culis
1118 4955 1596 5026 exgenere,pericnlisexgentibus,
1605 4958 1835 5026 parientiaiaci·

180 5034 320 5107 respondit
334 5049 385 5107 pro
400 5035 599 5109 interrogatisa
615 5037 723 5094 Christo
736 5036 867 5109 apostolis
893 5035 984 5091 omni·
1034 5041 1131 5106 vitute,
1140 5042 1311 5110 paraclisin
1318 5044 1481 5110 solitudine,
1488 5045 1623 5115 periculis
1631 5046 1663 5100 in
1671 5047 1835 5120 amripcri·

185 5125 247 5193 hus,
264 5124 301 5180 ita
315 5132 342 5181 et
357 5123 482 5179 Christus
494 5125 553 5182 haec
568 5127 596 5181 in
610 5128 690 5182 Petro
706 5125 773 5182 dixit
800 5124 942 5196 apostolis,
958 5132 985 5181 ct
1033 5128 1142 5183 calicia
1151 5130 1234 5199 salsis
1243 5132 1530 5201 fratribusinlohorc
1542 5135 1834 5208 ateramuminvipi·

187 5214 394 5271 successoribus
419 5228 514 5268 eorum
538 5215 673 5282 omnihus,
699 5215 798 5287 quihus
823 5222 915 5270 manet
931 5215 984 5271 hoc
1035 5217 1198 5287 liisrrxnltis,
1210 5220 1243 5273 ire
1252 5222 1329 5289 same
1340 5224 1368 5275 ct
1378 5221 1436 5289 siti,
1449 5221 1728 5293 iujejanttsmuttir,
1740 5224 1772 5279 in
1780 5225 1834 5295 sri-

180 5302 362 5375 privilegium,
380 5300 509 5374 aquibus
524 5300 609 5357 fertur
623 5320 656 5359 ex
679 5304 865 5375 apostolorum
895 5303 983 5376 aequi-
1032 5306 1286 5377 porcctnuditnte,
1298 5311 1463 5379 preteritis
1477 5327 1537 5382 qcoe
1552 5312 1736 5368 extrinsecus
1754 5316 1833 5379 suat,

178 5397 233 5445 tate
244 5390 386 5459 judicium,
402 5391 472 5447 sicut
487 5398 595 5447 sanctus
621 5392 676 5448 Leo
700 5402 725 5449 et
751 5393 900 5468 Gregorius
923 5393 983 5450 evi·
1032 5396 1175 5451 instantio
1189 5397 1365 5468 quotidiana,
1378 5400 1538 5456 sollicitudo
1549 5400 1678 5457 muniam
1692 5403 1836 5458 Ecclesia-

180 5489 275 5546 denter
285 5490 443 5549 ostendunt.
455 5491 533 5549 Unde
543 5497 653 5549 sanctus
660 5491 810 5565 Gregorius
821 5493 887 5552 item
898 5492 981 5550 dicit:
1032 5510 1097 5549 ram
1109 5494 1147 5565 (ll
1162 5494 1222 5551 Cor.
1233 5509 1273 5561 xx,
1290 5498 1336 5566 25,
1352 5499 1396 5568 26,
1412 5500 1455 5564 27,
1472 5497 1528 5568 28),
1545 5505 1572 5554 et
1585 5497 1711 5556 manibus
1725 5498 1782 5556 suis
1798 5499 1836 5554 la-
