3794 6104
50 206 123 264 tett'
500 201 503 206 ¹
749 197 938 258 EPISTOLAE.
1654 205 1705 259 186

50 340 161 388 tentum
177 329 336 388 scandalum
359 329 447 403 possit
465 329 540 397 oriri,
561 329 633 401 quod
654 328 733 385 facile
747 342 780 384 ac
799 325 896 388 sineA
911 326 981 384 sicut
996 328 1087 384 multis
1102 337 1145 385 est
1159 336 1264 397 notum,
1281 329 1316 384 ab
1326 345 1359 385 eo
1373 329 1491 401 plurima
1510 327 1619 398 suffero,
1634 336 1661 384 et
1673 329 1708 384 ti-

53 421 202 493 dispendio
216 420 367 494 religionis,
384 419 427 477 vel
441 419 601 477 detrimento
613 418 862 475 ecclesiasticarum
913 432 975 474 meo
989 435 1024 474 ne
1038 417 1067 474 in
1089 419 1234 490 Scripture
1250 419 1397 474 sententias
1411 418 1512 475 incidat
1527 417 1625 490 quibus
1639 417 1709 474 dici·

53 510 238 577 remm,unde
248 510 321 565 servi
337 517 364 565 et
378 508 483 585 ancille
497 508 547 565 Dei
562 508 680 565 debeant
703 507 810 575 nutriri,
836 516 864 565 et
913 515 972 561 tur:
988 509 1040 576 Qut
1049 509 1154 565 meede
1167 513 1209 564 cet
1219 509 1297 564 dare
1308 514 1440 564 corruet:
1455 509 1710 564 abominatioenim

55 598 243 656 ecclesiastice
257 599 369 672 negotia
383 598 527 664 contineri,
543 606 639 669 postea
655 596 803 668 nonpossit
818 612 862 651 ee·
912 598 1027 653 Domino
1042 602 1084 653 est
1099 600 1191 654 omnir
1201 614 1337 669 arrogans
1348 599 1438 667 (Prou.
1461 613 1564 666 xxvrn,
1583 599 1615 653 ll
1628 616 1635 663 ;
1647 610 1707 664 xvr,

54 689 124 757 deri,
142 687 206 761 qnia
224 687 294 744 sicut
308 688 445 743 Abrabam
464 687 530 743 dixit
545 686 579 741 ad
594 687 740 744 Dominum
758 703 765 739 :
781 685 860 742 stata
911 686 954 754 5);
970 692 1014 741 et:
1032 685 1084 752 Qui
1099 703 1128 742 ee
1142 688 1270 752 exaltat,
1287 687 1487 743 humiliabitur
1504 685 1614 758 (datto.
1624 699 1707 752 xxttr,

56 778 105 835 froc
115 795 135 834 a
151 782 190 844 tc,
203 778 356 841 ovamine,
373 792 432 833 non
446 780 489 833 eet
505 777 554 832 lroc
572 779 662 842 taum,
679 775 727 848 qai
744 774 859 847 judices
909 774 965 843 22).
987 776 1020 829 Et
1041 773 1111 831 sicut
1137 775 1182 829 illa
1198 775 1232 830 de
1247 775 1344 848 quibus
1358 774 1428 830 miln
1441 790 1492 847 pro
1508 791 1541 830 co
1561 773 1710 846 scripsistis

55 882 168 923 omnem
184 869 292 922 terrem
302 865 383 935 (Gen.
395 879 476 930 xvur,
488 866 544 935 25).
557 864 590 919 Et
599 865 744 920 liencmee
753 863 859 932 subjec·
909 863 1079 919 mendaciter
1094 862 1167 919 dieta
1182 871 1254 931 sunt,
1269 863 1351 919 etiam
1365 863 1463 935 aliquis
1477 863 1556 918 vobis
1572 862 1712 934 suggessit

55 954 137 1010 tionis
146 952 326 1009 humillimam
337 952 543 1026 suggestionem
557 969 588 1008 ee
595 952 762 1023 benignitate
769 950 858 1007 susci·
908 952 1051 1024 quodeum
1066 953 1108 1008 ire
1124 954 1239 1009 Romam
1252 953 1451 1024 prohibuerim,
1460 951 1503 1010 vel
1519 952 1708 1017 dissuaserim,

55 1044 119 1114 pite,
137 1057 193 1114 que
213 1041 316 1113 primus
341 1040 527 1113 apostolorum
551 1057 605 1096 non
634 1041 723 1097 solum
744 1039 857 1096 minoris
907 1041 1080 1098 mendacium
1096 1041 1174 1098 vobis
1197 1041 1371 1097 nibilominus
1391 1042 1469 1112 dixit,
1490 1041 1560 1097 sicut
1577 1049 1604 1096 et
1617 1039 1710 1112 plures

55 1131 95 1186 sui
114 1130 235 1202 apostoli
249 1129 470 1205 redargutionem
485 1146 536 1201 pro
547 1129 718 1185 simulatione
726 1129 855 1200 suscepit,
906 1130 935 1185 in
949 1130 1009 1186 istis
1020 1130 1178 1202 regionibus
1199 1130 1295 1194 sciunt,
1317 1138 1343 1186 et
1369 1130 1477 1203 scriptis
1497 1130 1533 1186 ad
1556 1145 1618 1186 eum
1634 1143 1708 1201 sepe

56 1235 149 1275 rerum
164 1227 194 1275 et
206 1218 341 1275 minorum
352 1234 462 1275 suorum
478 1218 664 1291 questionem,
682 1233 730 1274 cur
744 1218 857 1290 adpre·
907 1218 1019 1275 directis
1032 1235 1144 1291 possum
1160 1219 1314 1274 ostendere.

28 1306 176 1381 'potietos
197 1307 351 1373 intraverit,
386 1305 544 1364 satisfecere
569 1322 602 1363 ac
635 1306 720 1362 lenire
741 1305 854 1362 curavit.
942 1309 982 1363 De
997 1324 1030 1363 eo
1046 1309 1119 1379 quod
1142 1307 1283 1379 pusillitati
1308 1322 1376 1362 mee
1391 1315 1481 1363 vestre
1495 1307 1638 1379 rescripsit
1659 1323 1707 1364 su-

56 1396 207 1468 Epistolam
221 1404 311 1451 eutem
325 1395 492 1469 generaliter
506 1395 641 1468 episcopis
663 1394 743 1468 regni
764 1394 856 1450 domni
906 1396 1034 1463 blimitas,
1050 1405 1077 1451 ut
1093 1397 1218 1453 eumdem
1234 1397 1423 1461 llincmarum,
1443 1404 1469 1451 et
1484 1396 1553 1452 alios
1568 1404 1625 1452 tres
1648 1397 1708 1467 epi-

57 1485 140 1542 nostri
155 1484 248 1541 Caroli
260 1484 365 1540 avobis
380 1484 512 1541 directam
527 1483 686 1556 quantocius
709 1484 784 1556 potui
799 1500 856 1539 me·
906 1486 1331 1558 scoposomniumepiscoporum
1341 1484 1708 1559 regnidomuiCerolivicem

56 1573 228 1646 tropolitanie
238 1572 319 1646 regni
332 1572 375 1629 sui
389 1572 486 1643 direxi,
497 1581 525 1628 ut
539 1580 565 1629 et
579 1573 631 1644 ipsi
644 1589 695 1644 per
708 1589 774 1628 suos
789 1587 855 1629 coe·
905 1574 1024 1631 ferentes
1037 1576 1071 1630 ad
1090 1575 1225 1648 synodum
1241 1576 1356 1631 Romam
1370 1575 1517 1644 mitterem,
1533 1583 1626 1631 vestra
1641 1573 1710 1631 solat

56 1663 185 1736 piscopos
199 1661 276 1717 illam
291 1661 480 1729 transmittent,
495 1669 628 1734 quatenus
643 1661 761 1718 scientes
782 1677 855 1732 pre·
872 1664 1061 1750 Bauctoritas,
1089 1664 1152 1735 quia
1180 1678 1232 1720 nec
1258 1664 1417 1735 predictum
1445 1664 1630 1728 llincmarum,
1659 1677 1710 1719 nec

58 1751 209 1824 ceptionem
223 1757 353 1821 vestram,
370 1749 443 1822 quod
454 1750 573 1819 jubeatis
594 1750 706 1823 exsequi
721 1749 857 1806 studeant.
911 1753 991 1809 etiem
1006 1754 1152 1824 quemlibet
1163 1753 1355 1824 episcoporum
1366 1753 1518 1809 dioecesecs
1532 1753 1708 1818 Rhemcmm,

58 1841 153 1896 Vestra
169 1839 290 1912 denique
303 1839 450 1895 auctoritas
460 1839 533 1894 misit
543 1839 610 1894 mihi
628 1839 767 1911 preterito
788 1855 860 1895 enno
909 1841 1020 1898 minime
1035 1850 1124 1898 eutem
1143 1842 1257 1898 aliemm
1272 1842 1473 1912 provinciarum
1488 1841 1642 1913 episcopos,
1657 1840 1711 1896 nisi

58 1928 210 2000 epistolem,
224 1944 273 2000 per
291 1928 407 1984 missum
421 1927 577 1999 coepiscopi
602 1928 685 1984 nostri
708 1927 858 1995 llincmeri,
909 1930 1026 1986 domnus
1036 1947 1083 1986 rex
1100 1931 1154 1986 illis
1167 1931 1339 2002 praeceperit,
1356 1932 1481 1996 doniam,
1493 1930 1537 1986 vel
1547 1931 1574 1986 in
1589 1929 1710 2002 aliquem

57 2017 258 2089 precipientem
272 2023 302 2074 ut
321 2016 378 2072 oris
400 2016 455 2072 mei
481 2015 571 2073 oflicio
586 2016 796 2082 Nortmennum,
813 2016 859 2088 qui
909 2027 1022 2090 partem,
1039 2035 1100 2075 mee
1121 2019 1356 2075 commendatione
1378 2019 1502 2075 mittendi
1526 2019 1616 2075 habeo
1631 2027 1709 2089 pote·

58 2122 97 2162 res
111 2105 250 2163 Ecclesiae
264 2104 452 2161 Leudunensis
475 2104 620 2171 invaserat,
637 2105 858 2161 excommunice—
910 2115 1017 2173 statem,
1034 2123 1085 2164 nec
1100 2107 1159 2180 ipso
1175 2124 1228 2181 ego
1243 2108 1314 2164 ultra
1328 2106 1397 2162 fines
1413 2107 1453 2163 sui
1465 2108 1543 2179 regni
1558 2108 1663 2178 absque
1677 2106 1710 2161 il-

58 2209 123 2252 rem.
144 2193 202 2252 Sed
216 2194 275 2267 ipse
298 2194 495 2263 Nortmennus,
518 2193 588 2250 sicut
610 2192 784 2249 manifestum
805 2200 857 2260 est,
909 2195 961 2250 lius
991 2195 1105 2252 scientia
1134 2197 1264 2270 progredi
1292 2196 1379 2263 valeo,
1402 2197 1472 2253 sicut
1494 2195 1585 2250 missis
1612 2202 1710 2252 vestre

58 2284 144 2339 nullis
159 2283 262 2339 inistis
277 2282 447 2354 regionibus,
457 2281 485 2338 in
499 2281 599 2355 quibus
614 2281 690 2354 leges
699 2290 726 2338 et
740 2297 859 2338 canones
908 2285 1058 2340 sanctitatis
1074 2300 1166 2366 cpram
1181 2284 1278 2341 Odcne
1293 2285 1444 2341 venerabili
1459 2285 1599 2356 episcopo,
1614 2287 1708 2340 etla-

60 2380 162 2428 txortas
183 2386 283 2429 causes
310 2371 409 2445 agitari
438 2378 464 2426 et
492 2370 600 2427 definiri
628 2371 798 2442 precipiunt,
815 2386 858 2426 res
908 2373 1001 2446 segiso
1016 2374 1146 2446 religioso
1159 2375 1317 2446 presbytero
1335 2375 1479 2440 etebbate‚
1496 2374 1594 2447 quibus
1609 2381 1710 2430 nostre

59 2461 138 2533 ipsias
152 2460 288 2517 Ecclesiae
300 2475 356 2516 non
365 2458 473 2526 invasit,
487 2474 520 2515 ex
535 2459 633 2531 quibus
643 2461 775 2531 quasdam
785 2459 858 2515 idem
908 2478 996 2518 cause
1010 2471 1072 2518 sunt
1089 2463 1215 2535 cognite,
1239 2463 1304 2517 dixi.
1328 2463 1480 2534 Epistulam
1503 2478 1622 2534 quoque,
1639 2462 1708 2517 sicut

60 2551 218 2607 llincmarus
240 2548 386 2620 epiecopus
397 2549 498 2604 domno
519 2548 579 2620 regi
594 2549 704 2617 Cerolo,
721 2548 781 2604 sine
797 2564 858 2604 meo
907 2550 974 2605 mibi
998 2552 1157 2624 scripsistis,
1181 2553 1282 2607 domno
1297 2559 1392 2607 nostro
1408 2551 1469 2624 regi
1488 2549 1586 2607 Cerolo
1600 2567 1616 2606 a
1631 2550 1709 2607 vobis

60 2648 80 2695 et
93 2638 323 2710 coepiscopomm
337 2652 370 2693 ac
392 2634 638 2692 comministrorum
663 2652 773 2692 suorum
788 2651 856 2693 con·
907 2635 1049 2702 directam,
1066 2645 1092 2691 et
1106 2652 1174 2691 amc
1188 2636 1306 2692 dandam
1315 2651 1364 2706 pro
1374 2636 1533 2700 llincmaro,
1546 2652 1607 2707 quse
1621 2645 1649 2691 ut
1662 2653 1710 2692 co-

60 2743 136 2784 sensu
149 2726 299 2795 concessit,
313 2732 342 2780 ut
352 2740 400 2781 cas
409 2726 580 2782 Nortmenno
588 2724 770 2794 beneficiaret,
787 2725 858 2781 sicut
907 2740 965 2780 rem
979 2724 1026 2780 illo
1042 2724 1220 2798 relegeretur,
1238 2733 1265 2780 et
1286 2724 1359 2796 quod
1373 2724 1400 2778 in
1416 2739 1449 2779 ee
1462 2723 1595 2796 petebatis
1609 2725 1708 2796 imple-

62 2815 164 2884 plnrimi
195 2814 295 2884 sciunt,
324 2822 351 2868 et
377 2812 404 2868 in
419 2813 531 2886 scriptis
545 2813 603 2869 suis
625 2813 726 2870 domno
738 2812 807 2886 regi,
829 2822 856 2869 et
906 2822 947 2869 ret
964 2829 1007 2868 me
1026 2813 1128 2869 instare
1140 2813 1269 2882 jussistis,
1289 2813 1374 2869 frater
1390 2813 1554 2869 llincmarus
1570 2813 1637 2868 mibi
1653 2830 1709 2871 non

61 2904 119 2960 nihi
146 2903 262 2960 directis
290 2901 399 2958 fatetur.
429 2901 503 2972 Ques
531 2902 667 2974 siquidem
695 2918 741 2959 res
768 2919 856 2974 nuper
907 2902 991 2973 dedit,
1002 2918 1053 2958 neo
1068 2903 1149 2957 etiam
1167 2902 1255 2970 misit,
1272 2903 1320 2958 sed
1336 2902 1414 2972 sicut,
1433 2901 1532 2969 audivi,
1552 2902 1709 2975 aRemigio

61 2994 169 3049 domnus
184 3008 233 3048 rex
248 2990 380 3048 Ecclesiae
390 2991 565 3047 laudunensi
579 2992 705 3061 restituit,
721 2992 855 3063 quasdem
906 3000 932 3048 et
961 2992 1097 3048 llurduiro
1126 2991 1341 3064 archiepiscopis
1364 2991 1477 3047 ellamm
1505 2992 1709 3063 provinciemm

63 3083 133 3137 etiem
151 3096 200 3138 res
215 3079 365 3152 predictus
389 3079 534 3151 episcopus
548 3078 605 3136 silio
620 3081 780 3136 Nortmauni
803 3080 854 3135 sibi
869 3044 966 3137 Ceam
982 3080 1042 3154 regi
1052 3080 1111 3136 deri
1124 3081 1250 3136 obtinuit.
1263 3083 1336 3137 Deus
1350 3080 1524 3152 omnipotens
1540 3080 1709 3137 sanctitatem

61 3170 262 3226 tommnendeto
276 3168 306 3225 in
321 3167 483 3225 beneficium
497 3169 583 3235 dedit,
599 3184 666 3241 ques
677 3169 711 3224 ab
726 3185 758 3225 eo
774 3185 853 3226 rece·
905 3179 1033 3240 vestram,
1050 3170 1084 3223 ad
1100 3170 1233 3226 honorem
1248 3177 1349 3226 sancte
1363 3169 1448 3238 sedis,
1466 3178 1493 3224 et
1508 3169 1709 3226 correctionem

62 3269 114 3330 ptas
127 3266 212 3316 tenet.
904 3267 1007 3316 sancte
1021 3275 1078 3314 sue
1092 3258 1233 3323 Ecclesiae,
1246 3259 1273 3313 in
1289 3274 1339 3314 suo
1358 3266 1421 3330 epto
1432 3258 1542 3314 servitio
1554 3274 1604 3329 per
1618 3274 1707 3315 anno·

89 3350 225 3407 Praeterea
247 3346 271 3404 si
286 3354 386 3404 vestre
400 3346 551 3418 complacet
565 3346 723 3414 auctoritati,
746 3348 854 3420 quando
904 3365 965 3404 rum
987 3348 1072 3403 multa
1093 3346 1228 3403 curricula
1250 3361 1414 3402 conservare
1434 3346 1572 3418 dignetur,
1594 3346 1703 3402 domine

63 3438 117 3493 telis
129 3445 157 3494 et
165 3436 325 3508 huiusmodi
335 3436 370 3492 ad
388 3451 438 3492 vos
452 3436 574 3503 veniunt,
590 3444 617 3491 et
630 3435 694 3491 inde
704 3436 854 3508 precipere
904 3436 1076 3492 sanctissime
1091 3445 1118 3492 et
1141 3434 1361 3492 reverentissime
1385 3436 1494 3489 Petrum
1511 3435 1591 3490 Pater
1605 3434 1633 3490 in
1649 3436 1706 3490 Do·

63 3526 237 3597 postulamini,
253 3525 419 3597 interponite
429 3524 452 3579 si
464 3524 500 3580 ita
515 3532 557 3580 est
578 3533 607 3581 ut
629 3524 706 3580 vobis
728 3525 853 3596 innotuit,
903 3525 988 3581 mino.

64 3623 186 3686 maenas
201 3615 295 3670 senius
318 3622 408 3670 vestra
418 3614 507 3683 iussio
525 3613 597 3682 juste
610 3622 636 3670 et
655 3613 855 3670 rationabiliter
1147 3638 1317 3694 EppSTOLA
1329 3638 1455 3693 mm,

64 3704 200 3773 ponderate
213 3702 305 3759 valeat
320 3701 442 3774 exsequi.
458 3702 492 3757 Et
507 3702 731 3773 metropolitanus
746 3702 852 3774 qualis-

65 3807 169 3865 cunque,
191 3791 238 3866 qni
253 3791 405 3848 secundum
420 3805 513 3847 sacros
528 3806 647 3847 canones
661 3792 854 3847 excommuni-

66 3882 172 3937 cationes
196 3881 344 3937 intentatas
360 3895 376 3935 a
391 3879 552 3951 provinciali
577 3880 716 3952 episcopo,
739 3880 762 3935 si
791 3880 854 3935 inde
1096 3872 1188 3929 Caroli
1206 3872 1282 3928 Calai
1300 3872 1373 3943 repis
1388 3873 1513 3927 nominc.

67 3971 93 4024 td
104 3986 145 4027 ne
159 3969 266 4026 venerit
279 3967 464 4042 proclamatio.
486 3969 574 4025 debeo
594 3977 754 4036 retractare,
769 3970 793 4025 si
803 3985 854 4025 ve·
904 3979 984 4052 (vide
998 3978 1068 4036 inter
1090 3978 1219 4052 epistolas
1235 3978 1325 4034 caroli
1340 3978 1426 4044 cetri,
1442 3978 1614 4052 vatrotogtae,
1630 3986 1698 4035 tom.

67 4066 111 4113 atro
123 4058 246 4132 benigno
261 4058 340 4114 sedet
349 4057 451 4123 animo,
468 4058 496 4112 in
510 4058 671 4130 obsequium
686 4057 758 4113 illius
774 4074 854 4130 pero·
1159 4095 1272 4150 CXXIV
1305 4094 1349 4151 00,
1376 4098 1423 4150 33,
1441 4097 1451 4167 )

68 4146 176 4204 ebenum
200 4164 280 4202 suum
301 4146 392 4216 juberi
413 4163 467 4203 non
481 4147 570 4204 debeo
598 4148 849 4204 excommunicare.
1275 4137 1282 4162 '
1353 4138 1358 4149 '
1431 4137 1438 4151 '

69 4234 173 4293 tlterarn
186 4235 322 4308 siquidem
336 4234 403 4290 mibi
416 4251 467 4306 pro
483 4236 593 4309 negotio
612 4236 699 4307 ipsius
714 4237 854 4292 llincmari
1149 4223 1320 4280 EPISTOLA
1349 4224 1454 4279 XXIX·

69 4322 191 4381 direxistis
213 4324 360 4396 epistolam
384 4325 525 4382 dicelliesl
545 4347 556 4375 ί
575 4325 699 4381 Milassdii
715 4333 756 4381 esi
772 4326 853 4397 piane
1026 4354 1062 4394 gp
1078 4354 1242 4395 305¹ngng
1256 4355 1411 4396 gppscopgffl
1426 4354 1586 4396 nmmum,

70 4421 143 4469 restra
156 4413 320 4480 fraternitas,
338 4428 423 4485 quare
441 4413 592 4469 ministerio
603 4414 672 4483 juris
687 4415 851 4486 episcopalis
865 4407 891 4469 D

69 4467 254 4575 asponae
282 4501 337 4557 eus
360 4502 536 4558 enutrierant
564 4502 710 4558 notrorum
733 4503 851 4559 charitas

70 4588 204 4647 claudente
219 4589 342 4662 nequitia
361 4590 542 4663 refrigescere
557 4591 667 4647 dicitur.
688 4591 851 4648 llincmams
1053 4653 1057 4662 .

71 4690 265 4752 tamquenepos
275 4686 302 4734 et
310 4679 466 4751 equivocus
476 4688 535 4735 tuus
545 4679 710 4737 venerabilis
721 4681 852 4735 duntaxat
943 4654 1022 4709 (ΑΜ
1034 4655 1168 4707 ⁸¹¹m⁰¹²d⁰

70 4767 207 4840 episcopus,
225 4768 296 4825 sieut
310 4767 473 4838 audivimus,
489 4783 544 4824 non
558 4769 669 4824 minima
684 4769 712 4824 in
726 4785 776 4824 sua
795 4771 850 4825 Ec.
937 4762 1110 4828 ercntnus,
1127 4764 1293 4818 llbcmcrum
1305 4761 1458 4833 episcopus,
1471 4762 1572 4818 domno
1586 4765 1701 4821 derau-
1747 4809 1751 4817 .

70 4853 134 4911 clesie
144 4857 260 4913 sustinet
274 4857 445 4924 detrimenta,
463 4859 512 4913 sed
527 4858 613 4926 vobis,
630 4866 659 4912 ut
673 4859 711 4913 ita
725 4858 849 4925 dixerim,
901 4865 947 4906 Τῐθ
963 4851 1081 4922 glorioso
1096 4852 1217 4924 pontifici
1232 4851 1358 4907 salutem·

69 4947 263 5013 tepescentibus,
289 4946 393 5002 nullam
420 4945 635 5003 consolationem
662 4947 749 5017 potuit
772 4948 851 5003 inve·
938 4950 1013 5006 Sicut
1028 4950 1157 5019 jussistis,
1186 4950 1262 5005 mitto
1290 4950 1368 5005 vobis
1391 4951 1628 5009 consecrationem
1643 4953 1702 5026 epi·

68 5032 123 5088 tire.
142 5035 250 5092 »Unde
274 5034 415 5090 humiliter
438 5035 588 5090 auctoritati
610 5043 707 5091 vestre
728 5036 851 5092 rescribo
902 5039 988 5109 scopi,
1004 5047 1030 5094 et
1038 5039 1178 5110 exemplar
1188 5038 1301 5105 decreti,
1314 5040 1387 5110 quod
1397 5039 1425 5094 in
1436 5041 1526 5112 ampla
1533 5058 1701 5114 pergamena

67 5125 196 5191 quomodo,
214 5129 243 5178 ut
254 5123 387 5195 scriptum
402 5131 451 5191 est,
469 5124 538 5180 sieut
549 5124 630 5180 audio
642 5125 744 5194 judico,
761 5134 788 5181 et
802 5142 852 5182 vos
902 5128 984 5183 debet
1001 5126 1093 5195 scribi,
1119 5135 1147 5182 ut
1168 5125 1384 5185 confirmationes
1413 5129 1479 5185 cleri
1501 5137 1527 5186 et
1548 5130 1701 5204 legatorum

65 5209 120 5265 aient
142 5211 256 5268 audistis
286 5211 449 5283 scripsistis3
477 5214 526 5268 sed
555 5213 600 5285 qui
628 5221 724 5269 vestre
752 5215 852 5270 sencti-
902 5217 1069 5287 singulorum
1085 5215 1323 5284 monasteriorum,
1338 5225 1365 5272 et
1380 5219 1526 5290 primorum
1555 5220 1700 5290 presbyte-

64 5299 101 5353 tati
126 5301 184 5357 hec
198 5301 290 5359 verbis
319 5300 363 5356 vel
390 5299 486 5356 littoris
511 5301 651 5369 intimavit,
682 5303 852 5358 mendacium
901 5321 992 5360 rorum
1011 5305 1149 5375 perociriae
1172 5320 1204 5361 ec
1218 5305 1316 5376 plebis,
1343 5307 1380 5362 ibi
1399 5308 1506 5363 valeant
1522 5307 1601 5363 scribi
1618 5323 1625 5363 :
1643 5309 1704 5364 etsi

63 5387 129 5443 rabis
143 5389 220 5445 dixit.
238 5389 390 5445 Plurimum
404 5389 476 5444 enim
491 5406 540 5462 pro
555 5406 588 5446 eo
603 5399 629 5446 et
637 5392 709 5462 apud
721 5408 815 5465 regem
825 5401 852 5449 et
902 5393 988 5448 isdem
1002 5393 1103 5448 electus
1122 5394 1151 5449 in
1161 5394 1278 5450 diaconii
1292 5396 1381 5468 gradu
1395 5396 1483 5451 adbuc
1497 5402 1548 5458 est,
1568 5397 1699 5454 canonico

61 5477 121 5547 apud
136 5478 203 5535 elios
224 5478 359 5546 laboravi,
377 5477 426 5534 sed
454 5485 480 5535 et
493 5494 509 5533 a
522 5480 739 5550 precedentibus
760 5481 850 5548 annis,
902 5489 1024 5553 temporo
1049 5482 1131 5539 debet
1158 5485 1305 5556 presbyter
1324 5483 1453 5541 ordinari.
1472 5484 1592 5543 Sabbata
1610 5494 1700 5544 eutem

1144 3769 1180 3809 Al)
1200 3768 1346 3810 destertuit
1365 3768 1466 3809 elenu.

904 4450 1702 4526 Quodebeantordineconsecrcrimctropolitaattsatque

1126 4540 1300 4597 dioeceacmts
1316 4543 1469 4614 episcopas.

1179 4666 1209 4702 cx
1224 4656 1310 4703 codice
1321 4657 1345 4703 s.
1357 4654 1484 4702 Laurentii
1496 4654 1658 4711 leodiensis.)
