3826 6098
134 234 185 288 ns
648 217 817 285 emunim
836 228 1034 287 ntmmssxs
1053 217 1329 291 remmiscere
1728 238 1781 303 tat

133 364 160 410 et
167 353 321 427 petentibus
331 354 529 409 communionis
539 354 655 426 gratiam
664 353 805 426 denegari,
817 354 930 408 mortuis
940 356 972 416 *A
982 354 1023 408 lus
1037 354 1154 427 ambigit
1166 355 1344 422 Christianus,
1369 371 1465 417 ornnes
1489 358 1648 429 complices,
1659 367 1784 424 seauto-

134 443 276 514 sepultarae
291 441 484 496 humanitatem
498 458 553 496 non
567 441 666 496 tribui?
680 462 690 491 ι
703 440 841 512 Quidquid
852 457 929 512 ergo,
981 458 1035 506 res,
1052 443 1295 501 communicatores
1309 445 1443 501 damnatae
1464 446 1549 502 semel
1565 446 1706 516 pravitatis
1720 448 1784 518 pari

133 531 220 604 inquit
243 531 377 595 Gelasius,
402 546 451 600 pm
472 529 534 597 fide,
560 529 760 598 communione,
777 538 802 583 et
817 530 930 585 veritate
947 516 950 523 ¹
980 539 1052 585 sorte
1067 540 1222 587 censentur.
1238 555 1249 579 r
1266 533 1300 588 Et
1313 532 1377 589 item
1389 550 1396 588 :
1410 557 1420 580 a
1435 533 1582 600 lnautlitos,
1595 534 1782 607 indiscussos,

134 620 264 676 catholica
279 626 359 691 atque
375 618 522 688 apostolica
536 618 653 686 majores
668 619 754 673 nostri
769 619 929 690 promulga-
981 619 1150 675 inconvictos
1165 635 1218 675 non
1234 620 1335 677 debere
1356 621 1477 691 percelli,
1494 622 1611 678 maxime
1624 639 1688 679 cum
1702 639 1785 683 novae

133 718 238 776 verunt,
256 723 309 762 non
325 707 443 763 siverunt
457 707 535 762 novis
551 708 671 777 posthmc
695 706 931 762 retractationibus
979 722 1069 762 causae
1084 715 1111 762 et
1125 723 1194 762 nova
1213 725 1306 764 rerum
1327 708 1412 766 iacies
1433 718 1591 780 appareret,
1612 719 1641 766 ul
1659 720 1784 771 rectores

132 797 260 866 mutilari,
277 812 310 850 ne
327 796 417 865 pravis
433 795 542 850 occasio
557 795 728 865 praeberetur
742 812 803 866 quae
818 795 930 851 medici·
978 795 1025 849 isti
1040 796 1160 866 plebium
1175 784 1325 866 repentinis
1343 798 1554 864 incursionibus,
1568 815 1620 870 pro
1634 800 1784 863 mundanos

132 886 229 940 naliter
257 892 355 938 statuta
382 882 491 938 suerunt
513 883 639 954 pulsandi
662 901 669 936 ι
694 884 742 938 sed
766 884 930 955 generaliter
979 884 1107 953 potentie
1122 885 1275 950 voluntate,
1291 886 1376 941 sacris
1398 886 1575 959 dignitatibus
1589 887 1783 958 privaremur,

132 981 242 1029 auctore
257 972 400 1042 cujuslibet
414 972 527 1026 insaniae
536 987 567 1028 ac
578 972 677 1042 pariter
686 987 778 1026 errore
788 972 928 1037 damnato,
980 988 1011 1026 ex
1026 972 1100 1026 nulla
1113 973 1199 1027 veteri
1211 988 1302 1032 causa.
1325 990 1359 1028 ex
1377 975 1451 1029 nullo
1470 975 1587 1048 collegio
1610 984 1713 1042 reatus,
1729 991 1784 1035 noo

132 1060 252 1117 sufficere
264 1060 431 1130 judicarunt,
448 1060 608 1131 utquisque
628 1059 774 1130 aliquando
789 1060 869 1128 hujus
883 1075 929 1115 er·
979 1060 1186 1131 participatione
1212 1061 1355 1130 cujuslibet
1369 1063 1470 1118 erroris
1480 1065 1539 1131 jam
1559 1072 1623 1120 ante
1644 1064 1779 1133 damnati,

131 1151 199 1205 roris
227 1149 442 1230 communicatpr
468 1149 603 1213 existeret,
629 1147 771 1218 principali
798 1151 929 1203 sententia
980 1150 1064 1204 teneri
1088 1165 1136 1204 eos
1159 1149 1338 1222 convincique
1361 1158 1518 1216 consortes,
1544 1160 1572 1207 ut
1594 1160 1725 1223 tanquam
1746 1169 1781 1215 ex

131 1239 311 1294 damnationis
325 1238 384 1306 ejus
399 1245 471 1291 esset
482 1236 637 1300 obstrictus,
650 1235 777 1307 quoniam
787 1236 928 1291 manifeste
979 1237 1116 1307 praeterita
1131 1236 1290 1293 diffinitione
1302 1238 1487 1306 iudicarentur
1497 1239 1632 1296 obstricti.
1652 1263 1664 1288 a
1682 1241 1739 1298 Sed
1754 1249 1783 1301 et

131 1326 244 1398 quilibet
258 1326 301 1381 vel
316 1323 487 1396 professione
502 1339 560 1389 sua,
573 1323 617 1377 vel
631 1325 822 1379 communione
833 1333 930 1394 posset
980 1326 1052 1380 beati
1080 1324 1208 1396 Gregorii
1237 1326 1372 1397 condigna
1406 1327 1524 1384 invectio
1551 1328 1585 1384 ad
1614 1328 1783 1385 Vitalianum

130 1414 254 1488 agnosci.
270 1414 327 1468 »iit
336 1413 399 1467 item
415 1412 487 1467 idem
503 1412 627 1466 Gelasius
641 1413 706 1467 dicit
720 1413 763 1477 (in
777 1415 929 1469 accamoni·
979 1414 1137 1483 episcopum
1151 1413 1320 1483 sipontinum
1329 1414 1489 1470 memoriam
1497 1431 1588 1471 meam
1597 1430 1650 1472 non
1661 1415 1782 1482 transiit,

131 1502 214 1573 torio)
226 1519 258 1555 :r
278 1503 467 1565 Decessorem,
485 1500 619 1572 inquiens,
636 1516 727 1554 meum
741 1509 929 1556 exsecutorem
980 1501 1088 1580 quando
1115 1509 1188 1555 tuam
1216 1501 1409 1574 alligationem,
1432 1502 1553 1574 quinimo
1580 1504 1783 1563 exsecrabilem

129 1589 214 1645 luisse
232 1589 333 1645 veteris
363 1589 518 1658 constituti,
543 1605 597 1644 non
623 1605 701 1644 novm
730 1589 929 1644 constitutionis
979 1589 1199 1645 maledictionem
1214 1589 1337 1655 dissolvi,
1353 1591 1494 1662 quoidam
1507 1591 1602 1648 beatus
1616 1593 1700 1649 homo
1713 1591 1783 1649 dicit

131 1687 268 1734 auctorem
281 1696 287 1732 :
300 1677 371 1749 quod
383 1693 437 1733 non
448 1677 535 1732 solum
549 1677 660 1748 praesuli
673 1678 823 1748 apostolico
837 1677 966 1764 lacereB
980 1679 1039 1748 (tlt.
1053 1692 1115 1743 vm,
1132 1679 1214 1749 epist.
1231 1680 1259 1745 9)
1272 1694 1278 1732 :
1293 1699 1304 1727 ι
1317 1678 1347 1734 Si
1361 1687 1454 1734 custos
1469 1679 1592 1753 religiosi
1604 1679 1726 1745 habitus,
1735 1688 1784 1739 aut

132 1767 203 1830 licet,
216 1767 265 1821 sed
280 1767 432 1838 cuicunque
446 1764 597 1836 pontifici.»
613 1764 681 1834 Quia
690 1781 754 1821 vero
769 1781 823 1821 non
837 1774 929 1821 vetera
981 1782 1042 1822 esse
1057 1780 1154 1821 nosses
1168 1765 1323 1836 episcopus,
1340 1765 1403 1822 titis
1416 1765 1544 1838 gloriosae
1557 1768 1699 1826 memorie
1714 1768 1783 1825 Tul·

131 1855 274 1911 constituta
288 1854 429 1910 retmctari
438 1854 481 1909 rel
497 1853 630 1927 refragari
647 1853 735 1919 liceat,
748 1854 842 1910 sedde
852 1854 931 1909 novis
979 1854 1045 1909 liani
1066 1854 1191 1926 magistri
1213 1853 1324 1923 militiae,
1341 1863 1367 1910 te
1382 1855 1437 1910 illic
1456 1855 1562 1926 posito,
1578 1872 1630 1913 nec
1651 1857 1783 1927 proiectis

131 1943 334 2015 emergentibus
351 1943 433 1998 rebus
448 1958 526 1997 novae
539 1942 746 1998 constitutiones
761 1943 863 2013 requiri
879 1943 931 1998 de·
980 1942 1119 2015 religiosis
1142 1941 1263 1997 vestibus
1281 1942 1317 1997 ad
1332 1941 1491 1999 secularem
1516 1944 1617 2001 reverti
1638 1945 1780 2012 habitum,

131 2032 221 2096 beant,
234 2047 294 2103 quae
309 2037 401 2086 tamen
417 2030 582 2103 evangelicae
592 2030 698 2085 veritati
713 2045 768 2084 non
780 2031 932 2085 habeantur
979 2046 1031 2087 nec
1046 2031 1080 2085 ad
1096 2046 1146 2085 nos
1162 2030 1283 2087 licuisset
1297 2047 1456 2102 perversam
1470 2031 1612 2103 epistolam
1625 2032 1779 2095 manare

129 2120 276 2185 contraria,
304 2135 356 2175 nec
379 2119 498 2174 decretis
522 2127 677 2173 sanctorum
701 2119 834 2184 adversa3
858 2119 930 2174 idem
978 2121 1050 2174 Nam
1060 2119 1092 2187 si,
1104 2127 1133 2174 nt
1141 2118 1248 2192 prefati
1263 2135 1367 2186 sumus,
1383 2118 1516 2176 sollicitus
1530 2120 1692 2189 exstitisses,
1704 2121 1783 2192 prius

130 2216 238 2264 sanctus
251 2207 377 2262 Gelasius
391 2207 418 2260 in
434 2206 553 2262 decretis
568 2207 635 2273 suis,
646 2207 689 2262 bis
703 2207 870 2261 enumeratis
884 2207 931 2279 qui
979 2208 1015 2263 ad
1029 2223 1079 2263 nos
1093 2207 1160 2264 altio
1174 2207 1295 2263 mobaris
1315 2208 1484 2278 pravissimae
1498 2224 1578 2280 quam
1592 2207 1673 2280 culpa
1687 2210 1783 2267 debuit

128 2294 286 2351 diffinitione
305 2294 449 2350 constituta
467 2294 566 2349 viritim
581 2301 607 2348 et
622 2311 671 2365 per
684 2294 795 2349 diversa
809 2302 929 2364 tempora
978 2297 1132 2367 pervenire.
1153 2297 1216 2350 »Et
1229 2296 1292 2351 hinc
1310 2297 1346 2351 ad
1368 2296 1496 2369 Sergium
1519 2296 1694 2354 defensorem
1717 2299 1780 2370 (lib.

129 2382 204 2439 luere
220 2382 350 2448 damnati,
362 2383 414 2437 hoc
429 2382 511 2437 modo
526 2383 694 2437 demonstrat
708 2382 802 2453 (epist.
819 2384 861 2448 ll,
879 2382 929 2436 sub
978 2384 1255 2456 eodem,epist.10):
1270 2404 1280 2433 ι
1294 2383 1323 2439 Si
1333 2384 1414 2439 horno
1424 2400 1510 2449 esses,
1526 2392 1571 2440 aut
1584 2384 1781 2445 discretionem

128 2470 245 2540 initium)
258 2488 264 2525 :
279 2492 289 2521 r
302 2471 439 2541 synodus,
456 2470 592 2541 inquiens,
607 2470 693 2525 semel
707 2478 784 2542 gesta
799 2471 939 2525 condem·
978 2467 1097 2538 aliquam
1113 2467 1263 2535 habuisses,
1280 2467 1315 2522 ita
1328 2467 1465 2540 regularis
1488 2467 1640 2538 disciplinae
1659 2468 1781 2533 debuisti

128 2575 205 2625 nans,
220 2558 283 2630 quin
299 2557 438 2629 praefatos,
453 2557 567 2613 ulterius
577 2559 612 2612 ad
623 2573 691 2612 nova
706 2558 822 2613 concilia
837 2559 928 2614 venire
978 2563 1070 2610 custos
1085 2555 1211 2618 existere,
1228 2562 1256 2608 ut
1271 2569 1305 2610 ea
1318 2571 1380 2627 quae
1393 2555 1449 2610 illic
1463 2554 1781 2623 illicitaoommittuntur,

128 2663 182 2702 non
206 2646 277 2714 sivit,
300 2647 347 2702 sed
371 2646 514 2702 universos
537 2661 701 2718 quocunque
724 2646 806 2702 modo
828 2647 856 2700 in
880 2647 929 2701 has
977 2652 1039 2698 aute
1055 2643 1174 2699 vindicta
1188 2642 1350 2715 corrigeret,
1362 2643 1655 2714 quamadnoseorum
1668 2645 1781 2709 nundus

126 2735 310 2806 blasphemias
325 2735 478 2791 recidentes
497 2735 595 2790 tradito
618 2735 669 2790 sibi
692 2735 777 2790 limite
805 2734 929 2806 synodali
976 2731 1140 2802 perveniret.
1160 2732 1220 2786 »Et
1247 2739 1309 2801 post
1336 2747 1447 2802 pauca:
1475 2733 1578 2791 «Nam
1606 2732 1629 2787 si
1658 2732 1783 2804 quolibet

127 2823 253 2879 refutavit
267 2823 391 2879 Ecclesia
403 2841 410 2876 :
422 2838 474 2878 nec
488 2838 606 2894 unquam
622 2831 697 2878 recte
711 2823 828 2878 cessisse
843 2823 929 2877 mani·
977 2821 1060 2876 modo
1072 2821 1098 2874 in
1114 2821 1167 2875 bac
1181 2836 1209 2875 re
1224 2819 1368 2892 negligens
1390 2820 1434 2876 vel
1457 2819 1549 2876 lentus
1572 2820 1721 2888 suberis,
1741 2821 1782 2876 ita

128 2910 225 2966 festum
242 2919 292 2978 est,
305 2909 423 2982 qualibet
440 2910 601 2964 necessitate
612 2918 738 2982 cogente,
751 2911 858 2965 noviter
868 2928 929 2982 quae
976 2909 1005 2963 iu
1019 2917 1046 2963 te
1060 2909 1169 2963 noveris
1182 2907 1382 2963 districtissime
1396 2908 1599 2975 vindicandum,
1607 2915 1644 2971 nt,
1656 2909 1736 2982 qaod
1744 2925 1781 2973 ex

126 2997 233 3053 fuerant
260 2997 405 3052 salubriter
431 2997 576 3052 constituta
603 3005 763 3065 temerasse.
784 3023 795 3046 r
811 2999 845 3053 Et
866 3015 903 3069 po
976 3005 1004 3051 te
1018 2997 1119 3062 nescis,
1135 3011 1215 3066 poena
1229 2996 1318 3066 possis
1342 3004 1482 3052 reserante
1505 3011 1678 3068 cognoscere
1692 3014 1700 3051 ι
1714 2997 1782 3068 quis

125 3086 287 3157 aliquanta:
307 3084 468 3153 «Quoniam
496 3085 568 3140 idem
596 3087 655 3156 ipse
677 3101 764 3152 error,
782 3087 827 3157 qui
842 3007 963 3142 semiiC
977 3085 1047 3140 sicut
1072 3084 1199 3150 diximus,
1229 3084 1251 3138 si
1279 3082 1447 3140 intellectum
1475 3083 1592 3140 hominis
1620 3084 1780 3156 habuisses,

126 3184 166 3230 est
182 3191 243 3230 cum
259 3190 309 3230 suo
324 3181 434 3230 auctore
449 3174 601 3240 damnatus,
619 3174 646 3228 in
661 3174 792 3245 participe
806 3175 926 3245 quolibet
976 3173 1034 3229 haec
1049 3189 1111 3244 quae
1124 3173 1207 3227 modo
1228 3171 1317 3227 lacere
1338 3172 1507 3243 praeciperis,
1523 3180 1581 3233 ate
1593 3172 1781 3231 debueramus

125 3280 218 3336 pravae
229 3263 429 3320 communionis
439 3261 546 3328 effecto,
559 3263 774 3318 exsecrationem
786 3264 828 3318 sui
839 3272 926 3334 gestat
976 3261 1058 3316 etiarn
1082 3276 1145 3316 cum
1167 3260 1269 3315 ultione
1293 3268 1356 3315 ante
1379 3259 1451 3315 lacta
1472 3276 1649 3332 cognoscere.
1673 3285 1685 3307 ν
1706 3260 1781 3329 Quid

125 3359 151 3406 et
165 3366 285 3422 poenam.
305 3371 316 3399 r
332 3351 367 3404 Et
388 3350 450 3406 item
471 3367 477 3405 :
496 3373 507 3398 r
525 3349 594 3420 Quia
617 3359 643 3404 et
665 3365 736 3405 nova
758 3351 786 3404 in
811 3358 925 3422 utroque
975 3351 1056 3405 etiam
1072 3350 1134 3405 binc
1148 3350 1219 3404 sacri
1233 3364 1354 3404 canones
1366 3365 1416 3419 per
1432 3348 1538 3422 singula
1553 3348 1667 3407 machia
1681 3348 1781 3406 decer-

124 3437 252 3511 pontifice
267 3454 348 3495 causa
364 3446 437 3495 esset
451 3447 552 3507 exorta,
570 3446 596 3493 et
610 3454 708 3493 novam
727 3438 926 3494 discussionem
976 3446 1051 3504 nant,
1066 3438 1191 3493 devitans
1209 3437 1401 3507 prolixitatem,
1418 3437 1520 3508 etquis
1539 3437 1681 3494 potissim
1702 3446 1779 3503 sunt,

124 3536 324 3600 consequenter
344 3527 501 3597 inquireret,
521 3534 551 3581 ut
566 3527 634 3581 sicut
649 3543 757 3598 semper
769 3534 842 3582 esset
857 3525 925 3581 effe·
975 3527 1019 3582 bic
1042 3541 1146 3597 ponere
1161 3526 1347 3596 praetermitto.
1366 3526 1481 3580 Tantum
1507 3525 1542 3582 de
1565 3525 1781 3599 Carthaginensi

125 3622 208 3679 ctum,
235 3615 396 3672 sacerdotali
419 3615 534 3672 concilio
558 3615 593 3670 de
616 3615 805 3670 sacerdotibus
824 3615 926 3685 iudicia
975 3615 1092 3670 concilio
1116 3614 1308 3681 testimonium,
1335 3614 1408 3684 quod
1431 3620 1458 3669 et
1481 3628 1564 3683 supra
1587 3613 1677 3684 posui,
1692 3629 1781 3680 unum

124 3703 307 3774 provenirent.
328 3725 338 3752 r
357 3703 392 3757 Et
406 3704 469 3758 item
488 3722 494 3757 ε
513 3728 524 3752 ι
541 3703 609 3757 Cum
625 3718 702 3758 novae
718 3711 809 3757 essent
823 3719 924 3765 causae,
975 3718 1058 3773 pono,
1070 3703 1171 3758 Gratus
1181 3701 1326 3772 episcopus
1336 3701 1403 3756 dixit
1413 3703 1504 3771 (conc.
1517 3717 1538 3766 r,
1547 3716 1610 3758 can.
1623 3701 1669 3772 ts)
1681 3719 1688 3756 :
1701 3725 1714 3750 s
1725 3701 1782 3765 No·

124 3808 197 3847 nova
219 3792 313 3846 debuit
336 3791 523 3846 ecclesiastico
535 3791 681 3862 provenire
701 3791 845 3846 discussio.
865 3793 926 3846 »Et
975 3791 1053 3845 velle
1078 3789 1279 3861 suggestiones
1297 3806 1358 3859 quae
1372 3789 1415 3845 vel
1430 3789 1650 3855 obscurissimi,
1666 3789 1780 3857 velsub

125 3880 189 3934 item
208 3895 214 3933 :
234 3901 244 3927 c
262 3880 347 3935 Novae
361 3887 436 3934 certe
451 3885 527 3933 erant
540 3894 637 3942 causae,
654 3886 679 3933 et
694 3879 737 3932 his
753 3895 925 3950 consequen·
975 3894 1076 3949 genere
1098 3879 1190 3944 latent,
1213 3878 1342 3948 inspectae
1357 3893 1373 3931 a
1388 3877 1467 3932 nobis
1490 3877 1608 3934 lormam
1629 3877 1778 3948 accipiant.

123 3974 166 4022 ter
181 3982 251 4021 nova
274 3966 395 4036 synodus
419 3966 580 4021 debebatur.
601 3987 611 4015 r
629 3967 741 4021 latitem
758 3984 764 4020 :
784 3991 794 4012 u
811 3968 852 4022 rln
867 3968 926 4023 baec
975 3968 1108 4022 Caeterum
1136 3966 1170 4021 de
1199 3965 1297 4036 quihus
1324 3965 1496 4036 apertissime
1519 3965 1611 4022 dimna
1639 3965 1783 4037 Soeiptnra

125 4053 199 4109 licuit
215 4053 337 4109 saeculari
351 4054 487 4124 potestati,
503 4062 529 4109 et
544 4053 612 4109 actis
628 4054 728 4108 talibus
743 4054 843 4110 acacio
858 4069 925 4110 oon·
975 4055 1073 4119 sanxit,
1103 4071 1158 4110 non
1184 4053 1334 4109 differenda
1363 4054 1498 4110 sententia
1524 4062 1576 4119 est,
1605 4055 1656 4110 sed
1684 4054 1781 4125 potius

124 4142 275 4208 sentiente,
301 4142 403 4213 absque
426 4141 481 4196 ulla
506 4142 624 4213 synodo,
647 4159 727 4213 quam
750 4143 809 4213 ipsa
833 4159 924 4198 rerum
975 4144 1157 4214 exsequenda.
1181 4163 1192 4192 s
1218 4143 1290 4214 Lege
1314 4142 1483 4197 Breviarium
1503 4141 1606 4198 Airioae
1627 4143 1781 4212 provinciae

124 4230 231 4286 novitas
246 4229 381 4302 exigebat,
399 4231 502 4301 absque
524 4230 597 4285 sedis
619 4230 775 4301 apostolicae
789 4231 925 4286 consulta·
974 4247 1117 4298 canonum,
1134 4231 1193 4286 sedi
1207 4230 1363 4301 apostolica
1377 4231 1501 4298 missum,
1512 4238 1538 4285 et
1548 4229 1781 4288 abeadomsede

125 4319 197 4375 tione
211 4316 353 4391 perficere,
371 4327 396 4373 et
412 4319 471 4374 sedi
485 4319 641 4389 apostolieae
655 4335 709 4373 non
724 4319 808 4387 licuit,
825 4336 925 4375 secun·
974 4320 1187 4384 corroboratum,
1214 4326 1239 4372 et
1263 4318 1321 4373 hmo
1341 4317 1368 4372 in
1392 4317 1479 4374 ironte
1500 4333 1638 4374 canonrm
1651 4317 1780 4388 ipsorum

124 4409 187 4463 dum
203 4415 325 4462 tenorem
337 4407 433 4479 synodi
445 4408 687 4468 Chalcedonensis,
699 4408 726 4461 in
736 4408 823 4463 veteri
832 4407 960 4479 utiqbeD
976 4408 1109 4464 invenies.

123 4512 216 4561 causa,
242 4505 268 4551 et
289 4495 373 4550 veteri
400 4496 556 4563 constituto,
577 4496 650 4562 iusta
672 4495 828 4551 diffinitione
849 4497 926 4551 dam·
1250 4520 1362 4576 CApUT
1382 4520 1496 4575 xxxv·

122 4591 195 4651 nata,
210 4583 326 4639 inimicis
340 4583 437 4653 synodi
454 4583 683 4638 Chalcedonensis
703 4585 833 4639 Acacium
847 4599 924 4639 com·
1035 4629 1052 4683 d
1136 4629 1185 4684 m.
1203 4627 1410 4682 amenum
1431 4627 1488 4682 mo
1507 4624 1710 4683 mmmm
1750 4627 1780 4682 m.

123 4673 306 4727 municantem
334 4688 348 4725 a
378 4687 426 4726 sua
452 4671 643 4728 communione
672 4671 860 4742 depelleret»
890 4673 925 4726 Et
978 4630 1164 4755 ozam„
1175 4644 1310 4753 ‘iunones
1326 4644 1471 4768 judicat,
1487 4643 1609 4768 itm]
1624 4711 1684 4753 mm
1709 4644 1780 4752 iim

124 4760 187 4815 item
207 4777 212 4814 :
232 4781 241 4812 r
258 4761 315 4816 Nec
330 4775 398 4831 opus
428 4759 477 4814 tuit
503 4762 573 4815 notia
602 4761 716 4831 synodo,
746 4776 808 4815 cum
824 4761 924 4815 veteris
1010 4770 1168 4840 interligat,
1184 4772 1218 4822 ut
1238 4768 1472 4838 metropolitam
1491 4767 1592 4838 apsque
1612 4767 1780 4836 propium.

123 4848 261 4903 constituti
277 4847 439 4904 sufficienter
460 4849 512 4904 hoo
536 4847 622 4903 forma
642 4849 843 4919 praescriberet.
863 4870 873 4898 r
890 4850 925 4903 Et
1011 4842 1082 4896 litim
1096 4841 1239 4895 imantia
1253 4854 1353 4894 callisti
1367 4854 1425 4895 '⁸07³
1440 4837 1549 4893 scant.

123 4936 205 4992 item:
221 4958 231 4985 r
246 4934 313 5004 Quae
328 4937 505 5010 congregatio
521 4936 591 4993 facta
606 4936 773 5008 pontificum,
790 4952 845 4992 non
859 4953 923 4992 eon·
1010 4944 1171 5016 Quicunque
1199 4943 1282 5015 igitur
1309 4943 1438 5013 primates
1464 4940 1667 5012 provinciarum
1680 4955 1699 4994 a
1719 4942 1780 4996 Do·

122 5034 165 5081 tra
193 5024 453 5094 chalcedonensem,
480 5040 534 5081 non
558 5035 685 5097 tanquam
710 5041 779 5081 nova
804 5027 924 5098 synodus
973 5034 1048 5088 mino
1081 5032 1236 5098 constituti,
1269 5040 1296 5086 et
1329 5029 1480 5101 apostolica
1511 5029 1674 5085 anctoritate
1705 5045 1778 5086 oon-

123 5123 215 5170 contra
242 5121 362 5169 veterem
390 5113 563 5186 primamque
590 5114 716 5169 convenit
734 5131 740 5167 ε
758 5113 807 5169 sed
835 5113 924 5183 potius
974 5121 1089 5186 firmati,
1129 5121 1177 5176 sed
1205 5129 1232 5175 er
1264 5119 1365 5191 quique
1402 5117 1528 5173 cemelici
1564 5116 1702 5188 episcopi,
1743 5118 1779 5173 de

123 5203 271 5257 seeundum
287 5210 409 5259 tenorem
424 5202 525 5257 veteris
546 5202 684 5258 constituti
704 5201 842 5272 particeps
858 5217 923 5272 apo·
974 5210 1055 5265 certis
1087 5216 1113 5263 et
1146 5207 1295 5263 manifestis
1326 5206 1424 5272 rebus,
1458 5204 1493 5260 de
1524 5204 1625 5276 quibus
1647 5219 1780 5275 expressa

124 5290 226 5347 stoliaco
254 5290 436 5347 exsecutionis
464 5288 559 5345 effecta
584 5299 634 5344 est.
654 5311 664 5339 r
682 5291 716 5344 lit
730 5290 793 5345 item
811 5308 818 5344 ε
838 5311 848 5339 x
865 5291 924 5346 Nec
971 5297 1084 5367 Judicia‚
1105 5305 1132 5352 et
1151 5294 1377 5369 irrefragabiliter
1408 5302 1489 5366 atque
1521 5292 1681 5349 inconvulse
1699 5308 1780 5350 con·

124 5378 235 5432 dubium
261 5381 333 5451 quod
348 5380 417 5435 sicui
432 5379 460 5433 in
474 5394 635 5450 unaquaque
659 5379 765 5449 haeresi,
791 5379 862 5451 quod
883 5378 924 5432 in-
946 5418 951 5427 -
975 5385 1121 5442 servandas
1158 5384 1311 5440 diffinitivas
1347 5383 1479 5438 habemus
1515 5381 1664 5440 sententias
1682 5422 1688 5448 ⁸
1707 5422 1713 5427 ,
1730 5397 1780 5439 gg..

124 5476 294 5530 cessabititer
313 5477 490 5548 repetendum
503 5483 555 5537 est,
572 5474 633 5545 quia
655 5474 770 5530 firmum·
782 5491 849 5530 esse
863 5474 923 5530 nul-
958 5476 1092 5531 eundum
1103 5490 1216 5530 “sacros
1228 5507 1240 5514 -·
1249 5488 1378 5531 canones.
1399 5479 1440 5526 ·et
1456 5470 1585 5529 ,marna
1595 5469 1781 5541 ,sedisfstto-
