3794 6104
115 201 185 255 tons
601 202 649 261 nn
667 200 853 258 mnxuuus
880 201 908 255 s.
936 199 1106 256 annuant.
1132 200 1282 257 -unx
1693 212 1763 271 vost
1861 172 1864 177 ⁴

115 321 250 381 Germani
263 326 354 398 ignem
362 335 456 399 terque
467 333 615 399 quaterque
625 342 780 397 supponere
790 326 907 381 nitentes
923 325 950 384 Α
964 323 1105 378 orantibus
1120 323 1155 378 ad
1169 324 1308 380 dexteram
1324 325 1374 380 sita
1391 336 1459 394 erat,
1479 331 1613 388 tredecies
1628 335 1764 408 totiusque

116 428 180 470 cum
204 414 381 482 defecissent,
403 431 451 471 eas
474 416 621 472 incendere
643 415 786 471 amborum
809 414 914 470 meritis
964 413 1088 483 corporis
1103 413 1199 467 adnisu
1223 415 1304 470 veluti
1327 417 1456 486 capulans
1481 420 1587 475 bostem
1601 432 1762 493 percuteret.

116 520 172 559 non
186 504 318 570 valentes,
335 505 456 560 claustra
471 503 592 574 ejusdem
607 503 690 559 Cellae
699 503 914 576 taudemegres-
965 500 1013 554 Cui
1042 502 1168 556 continuo
1192 503 1228 557 ila
1256 520 1353 559 1111111113
1375 505 1504 572 (lenem,
1530 525 1585 579 qut
1611 512 1765 568 columnam

117 592 159 657 si,
176 593 308 648 horreum
323 593 395 664 quod
411 593 447 647 ibi
461 602 520 648 erat
532 593 609 661 juxta
631 593 748 663 positum
770 608 914 649 cremave-
965 590 1051 659 ipsam
1067 591 1207 657 inciderat,
1224 592 1338 647 virilitas
1355 596 1472 660 evanuit,
1484 605 1511 650 ut
1528 607 1589 668 post
1603 599 1678 655 illum
1693 601 1766 656 bem

117 690 198 736 runt:
215 698 248 736 ex
268 696 322 753 quo
344 689 433 736 tantus
458 682 625 736 llammarum
648 681 748 752 globus
771 681 841 736 aeris
861 680 915 736 alte
965 678 1207 749 (quemadmodum
1224 681 1294 735 idem
1311 682 1406 738 liobbo
1427 685 1502 748 vidit,
1527 687 1572 757 qui
1592 697 1618 742 et
1633 704 1681 744 eas
1695 689 1766 746 inci-

116 778 214 841 petena
228 768 371 836 ascendit,
388 770 434 840 qui
449 769 584 840 quasdam
608 770 721 825 arbores
742 768 812 824 ultra
835 769 915 824 etiam
966 767 1057 821 siones
1078 768 1155 822 uobis
1177 769 1366 840 ignorantibus
1389 788 1510 842 presens
1533 777 1661 847 ostendit)
1680 793 1767 850 usque

112 858 169 926 jam
184 857 284 914 dicum
304 858 406 912 Collum
428 858 548 912 virentes
568 859 736 920 incenderet,
761 857 836 928 ipsas
851 874 915 914 vero
966 855 1001 908 ad
1017 854 1151 910 infelicem
1167 857 1225 925 ejus
1240 874 1273 912 ex
1288 860 1339 914 bac
1354 860 1408 914 vita
1424 861 1576 918 discessum
1591 881 1701 936 semper
1714 865 1769 920 im-

117 946 249 1003 ccclesias
263 947 380 1002 intactas
396 947 516 1018 integras
532 954 560 1001 ut
570 955 649 1001 erant
659 947 836 1018 relinqueret.
849 947 916 1001 Cum
966 942 1075 998 mobilis
1098 944 1230 1015 aridaque
1256 955 1280 1001 et
1300 956 1329 1000 ut
1345 947 1432 1003 fuerat
1447 958 1559 1007 extensa
1573 961 1768 1023 permaneret:

117 1035 339 1107 insuperventus
353 1035 479 1090 australis
494 1035 661 1091 validissime
670 1036 747 1090 flaret
760 1079 766 1099 ,
778 1044 916 1106 totumque
966 1031 1139 1085 manubrium
1163 1049 1228 1088 ver0
1250 1034 1315 1088 ferri
1334 1035 1371 1090 ila
1393 1051 1475 1092 manu
1490 1041 1710 1114 compaginatum
1723 1041 1769 1096 ἰ11·

117 1122 176 1179 fere
190 1123 347 1180 incendium
368 1123 494 1179 eamdem
511 1124 540 1178 in
555 1132 656 1195 partem
671 1124 832 1195 projiceret,
844 1123 917 1178 illico
967 1120 1093 1184 baeserat,
1110 1129 1138 1174 ut
1162 1138 1299 1193 nunquam
1321 1124 1356 1191 ab
1372 1141 1403 1179 ea
1417 1126 1509 1197 aliquo
1525 1128 1634 1201 ingenio
1649 1130 1693 1187 vel
1708 1139 1767 1187 arte

118 1212 341 1283 septentrionalis
354 1229 370 1268 e
385 1212 498 1284 regione
513 1213 622 1283 spirans
637 1212 778 1267 intumuit:
794 1220 874 1283 atque
888 1211 916 1266 in
966 1208 1020 1262 nisi
1034 1225 1093 1263 cum
1117 1210 1187 1264 cutis
1208 1220 1286 1280 parte
1301 1213 1381 1267 avelli
1396 1216 1523 1283 potuerit.
1540 1216 1592 1285 Qui
1606 1218 1709 1273 tamdiu
1723 1219 1769 1274 ni·

117 1300 228 1357 alterium
242 1300 327 1372 partis
340 1299 411 1356 latus
430 1300 577 1355 australem
592 1301 658 1355 mira
678 1300 856 1357 conversione
871 1316 916 1356 re·
967 1296 1022 1350 mia
1046 1297 1186 1353 vexatione
1207 1300 1398 1369 compatientis
1422 1305 1545 1374 corporis
1567 1306 1702 1361 cruciatus
1716 1315 1767 1373 est,

117 1388 250 1456 flectens,
266 1405 376 1445 omnem
390 1389 445 1444 vim
460 1389 563 1461 pariter
584 1388 703 1445 retorsit.
721 1390 760 1443 lta
783 1388 917 1443 mirabilis
967 1385 1055 1440 donec
1069 1385 1251 1441 miserrimam
1266 1386 1354 1443 finiret
1377 1390 1469 1456 vitam,
1490 1392 1587 1462 plenus
1602 1394 1769 1467 indignatio·

117 1478 212 1543 Deus,
228 1478 274 1551 qui
289 1477 405 1533 famulos
425 1493 490 1533 suos
514 1492 607 1534 mcum
632 1476 768 1550 fulgentes
789 1477 815 1531 in
840 1475 918 1533 coelis
967 1472 1010 1527 uis
1025 1474 1122 1542 etirae,
1138 1475 1265 1529 manibus
1291 1477 1487 1533 demoniorum
1508 1480 1638 1537 devectus
1658 1484 1694 1538 ad
1712 1491 1769 1540 tar-

118 1581 230 1647 eemper
251 1567 319 1621 mira
333 1565 469 1623 communi
492 1566 600 1637 pietatis
625 1566 711 1639 gratia
735 1572 867 1637 operatur
888 1564 918 1619 in
968 1568 1059 1616 turcas
1074 1562 1155 1616 sedes
1169 1564 1257 1635 cocyti
1272 1563 1451 1638 loetidumque
1466 1567 1555 1624 laeum
1572 1571 1678 1626 averni.

117 1644 210 1691 Μ·
932 1679 958 1740 Β
1282 1688 1460 1746 cirurtx.

433 1769 545 1825 CAPUT
565 1770 621 1824 Vll.
1003 1772 1104 1844 Operae
1118 1774 1241 1845 praetium
1258 1775 1317 1832 fore
1331 1778 1477 1845 eredimus,
1488 1780 1511 1835 si
1520 1790 1547 1836 et
1561 1781 1628 1839 illud
1643 1800 1773 1858 magnum

154 1889 223 1944 cum
237 1887 917 1962 ,gimmbbmpmhafidiffmmiummssi,
967 1871 1094 1918 norietur
1118 1863 1290 1919 miraculum.
1315 1866 1399 1936 igitur
1422 1869 1486 1922 dum
1515 1870 1605 1940 ipsum
1630 1875 1772 1930 sanctissi-

118 1978 257 2040 ΜΨ.
289 1986 318 2032 u,
339 1992 424 2048 sum
454 1976 568 2032 remum
593 1985 651 2042 es„
678 1978 866 2047 ,mmm
889 1978 917 2032 ,n
968 1967 1042 2005 inum
1078 1952 1226 2007 oratorium
1258 1969 1274 2007 a
1305 1955 1486 2011 crudelissimi
1514 1958 1597 2030 impie
1625 1961 1774 2018 violaretur

119 2067 269 2123 crastinum
284 2081 346 2121 cum
367 2065 503 2133 mosim
519 2064 560 2119 sol
583 2064 708 2120 lucifluos
722 2065 916 2121 ,mmmm-
970 2040 1060 2138 turbo,
1077 2048 1150 2095 tanta
1171 2041 1260 2096 subito
1283 2042 1390 2098 nebulae
1413 2052 1454 2098 est
1475 2046 1606 2103 densitate
1627 2049 1770 2118 repletum,

118 2153 180 2209 dios
196 2154 306 2225 propria
321 2162 407 2209 ,mum
422 2153 561 2208 ,numus
581 2153 708 2224 lampade
734 2154 917 2220 mundum,
968 2128 1146 2224 ejusdemque
1162 2130 1275 2227 obsceni
1289 2130 1436 2187 violatores
1459 2133 1497 2188 itu
1512 2135 1596 2190 divini
1608 2137 1702 2204 judicii
1716 2153 1773 2194 oae-

119 2243 235 2297 umbus
259 2250 487 2313 prorumpenoes,
518 2242 605 2312 ipsun
619 2242 767 2308 omem,
792 2250 820 2296 u,
849 2259 917 2313 pm,
968 2224 1049 2313 citato
1073 2216 1202 2316 perculsi,
1226 2227 1360 2289 quatenus
1382 2221 1447 2275 illud
1461 2232 1535 2277 metu
1549 2239 1581 2279 eo
1596 2233 1713 2281 tremore
1727 2226 1772 2280 ni·

118 2331 264 2397 misimus,
284 2331 428 2402 vicinaque
447 2330 601 2384 suburbana
625 2331 730 2401 absque
753 2331 916 2386 „abi„„0,i,
967 2320 1022 2359 mio
1033 2304 1169 2375 pavefacti
1184 2307 1308 2377 linquere
1323 2309 1474 2378 cupientes,
1492 2310 1535 2365 vix
1554 2312 1622 2366 ostia
1636 2314 1682 2369 vel
1698 2313 1773 2371 fores

120 2420 173 2474 bus
198 2428 374 2489 mmmm„
400 2417 573 2492 ingoessique
596 2419 791 2475 moms,e,ium
819 2420 918 2475 beans,
966 2408 1018 2463 per
1038 2409 1107 2463 quos
1130 2393 1299 2450 intraverant
1323 2396 1445 2453 invenire
1466 2399 1597 2456 valerent.
1627 2401 1726 2474 Sicque
1745 2403 1773 2459 in

118 2504 181 2558 ,imi
198 2504 346 2570 Gema„
369 2504 419 2559 De,
443 2503 535 2559 smum
559 2505 751 2576 ,esiduumque
772 2503 915 2570 ecclesi&
967 2480 1120 2537 oberrando
1135 2482 1234 2538 diutius
1249 2483 1362 2555 fatigati,
1378 2487 1487 2541 tandem
1499 2497 1672 2560 erumpentes
1687 2508 1773 2562 quan·

118 2589 194 2660 quod
225 2588 378 2645 securim,
416 2588 515 2645 damno
547 2599 715 2644 ,emaum
744 2599 916 2660 apparatum,
967 2568 1053 2623 tocius
1075 2569 1239 2643 ellegerunt,
1264 2573 1309 2626 tali
1331 2575 1366 2627 ab
1387 2574 1434 2629 illo
1455 2576 1499 2630 die
1515 2585 1643 2650 tantoque
1671 2594 1771 2649 pervus

118 2674 325 2743 mmmmm,
356 2673 518 2745 populisque
550 2675 676 2729 manibus
701 2682 842 2745 coepefflm
866 2673 917 2729 de.
968 2664 1082 2728 terrore,
1112 2676 1166 2730 quo
1190 2677 1244 2715 non
1267 2662 1324 2715 ausi
1349 2662 1462 2717 ulterius
1489 2673 1582 2720 essent
1609 2682 1770 2740 quacunque

118 2766 237 2813 seruere,
253 2757 308 2813 Sed
323 2757 385 2828 quia
399 2758 515 2812 Domino
530 2759 677 2813 miserante
698 2774 749 2813 nec
771 2758 809 2812 ibi
831 2758 917 2813 ,virius
967 2745 1090 2802 foeditatc
1118 2748 1204 2818 ipsam
1227 2751 1412 2806 contaminare
1434 2752 1589 2808 ecclesiam.
1615 2755 1730 2827 lnsuper
1744 2764 1770 2812 et

117 2841 204 2897 defuit
226 2842 346 2911 ejusdem
371 2828 537 2898 sanctissimi
555 2843 659 2909 Patris,
683 2841 794 2896 minime
817 2841 918 2896 debent
969 2834 1007 2889 ita
1022 2835 1178 2906 dysentiriae
1200 2839 1295 2892 morbo
1310 2839 1408 2894 exinde
1423 2840 1464 2910 (ut
1487 2849 1528 2895 est
1543 2842 1693 2916 vulgatum)
1709 2854 1772 2900 sunt

118 2930 246 3000 reticeri,
272 2925 337 3001 quas
357 2938 419 2986 tunc
444 2930 499 2986 illie
524 2932 605 2986 totius
630 2931 724 2985 mundi
749 2931 861 2985 creator
882 2930 917 2984 nd
967 2922 1067 2990 afflicti,
1084 2925 1188 2979 utdum
1205 2926 1325 2996 quotidie
1340 2937 1520 2997 morerentur,
1537 2931 1628 2986 nullus
1650 2948 1683 2988 ex
1697 2940 1768 2987 tauta

118 3019 226 3075 laudem
247 3020 288 3073 sui
308 3019 425 3075 nominis
450 3020 541 3090 gratia
561 3019 647 3089 ipsius
663 3017 799 3089 pontilicis
822 3027 917 3074 osten·
935 3011 1141 3095 Cmultitudine
1157 3030 1188 3068 se
1201 3022 1309 3084 putaret
1323 3016 1451 3072 evadere.

117 3108 185 3163 dere
200 3108 328 3180 diguatus
342 3117 384 3163 est
398 3107 543 3163 miracula.
578 3107 645 3176 Quae
675 3107 740 3180 quia
768 3124 849 3162 nemo
864 3124 916 3163 no-

116 3196 343 3260 struminterfuit,
360 3197 467 3266 penitus
483 3197 696 3269 ignorabamus:
709 3205 806 3267 postea
822 3205 915 3252 tamen

118 3300 134 3340 a
158 3284 283 3339 fidelibus
310 3284 401 3339 missis
429 3285 558 3341 Ludovici
588 3285 791 3353 bejuvariorum
820 3285 914 3357 regis,

119 3373 252 3429 Kobbone
267 3373 391 3430 videlicet
405 3372 519 3445 aliisque
534 3389 604 3444 quos
619 3374 814 3444 adprincipem
830 3374 915 3427 Nort-

117 3476 282 3518 maunorum
297 3462 399 3517 llorich
413 3462 523 3516 nomine
540 3462 684 3533 legationis
706 3478 789 3518 causa
809 3462 916 3518 direxe-

119 3555 176 3613 rat,
192 3561 225 3602 ea
239 3546 433 3618 eognovimus:
450 3546 496 3617 qui
518 3545 597 3600 nobis
610 3546 655 3600 illa
680 3544 796 3601 fideliter
822 3561 916 3600 narra·

117 3643 235 3700 verunt,
252 3634 480 3705 quemadmodum
495 3634 546 3705 ipsi
562 3635 602 3702 (ut
617 3634 707 3689 testati
731 3636 805 3704 sunt)
824 3649 916 3690 coram

118 3723 220 3778 lioricb
234 3731 382 3793 presentes
397 3739 429 3777 ex
445 3730 520 3793 parte
533 3722 678 3788 viderunt,
695 3731 777 3795 atque
787 3739 820 3777 ex
835 3731 914 3793 perte

120 3813 155 3867 ab
168 3810 237 3882 ipsis
250 3812 296 3882 qui
311 3819 375 3866 tunc
389 3811 418 3865 in
425 3811 486 3882 ipsa
500 3811 617 3867 ecclesie
629 3854 636 3876 ,
649 3811 759 3882 quando
770 3812 914 3881 benegesto

117 3908 200 3965 aunt,
216 3899 297 3954 simul
310 3901 422 3954 aderant
436 3899 595 3955 Christianis
605 3900 757 3954 audierunt.
774 3900 915 3954 Nemeum

117 3989 212 4044 trabes
222 3989 345 4044 eeclesiae
359 3989 530 4043 miserrimus
545 3989 590 4044 ille
605 3989 732 4059 populus,
752 3989 816 4059 quia
838 3997 915 4043 erant

116 4078 260 4149 abiegnae,
277 4076 418 4133 etidcirco
447 4077 551 4133 habiles
578 4078 705 4150 navigio,
721 4078 843 4133 incidere
858 4087 915 4132 ten-

116 4162 266 4229 tavissent,
281 4171 337 4217 tres
352 4178 385 4217 ex
399 4163 519 4234 maligno
543 4177 638 4217 eorum
662 4178 775 4217 numero
796 4171 858 4217 ante
872 4162 914 4216 al-

115 4251 184 4306 taris
213 4251 382 4321 crepidinem
408 4251 481 4306 beati
518 4249 662 4321 Stephani,
693 4250 805 4304 invalidi
833 4251 914 4304 totius

85 4324 89 4330 ’
116 4338 225 4394 νίηιιιὶε
246 4339 345 4395 robore
367 4347 477 4395 ruentes
497 4339 670 4404 ceciderunt,
686 4347 767 4409 atque
783 4337 913 4392 confracti

114 4428 274 4484 incredulas
288 4429 400 4498 Deoque
411 4428 527 4483 odibiles
536 4427 641 4482 animas
656 4427 716 4480 aliis
744 4427 840 4481 timore
851 4444 913 4497 per·

115 4516 203 4572 culsis
226 4517 401 4582 exhalantes,
417 4523 562 4587 perpetuas
585 4516 787 4570 descenderunt
800 4516 834 4570 ad
849 4532 913 4571 um-

115 4605 201 4670 bras,
218 4604 264 4658 ubi
278 4605 348 4660 edax
362 4605 464 4660 vermis
478 4620 573 4660 comm
589 4620 644 4659 non
668 4603 815 4671 morietur,
832 4611 858 4660 et
873 4604 915 4659 ni·

113 4694 189 4749 mins
204 4709 297 4748 eorum
312 4693 384 4765 ignis
398 4709 452 4749 non
462 4693 661 4766 exstinguetur.

414 4877 527 4933 CAPUT
545 4876 616 4931 vttl.

152 4998 276 5072 Cumque
291 4998 358 5055 illud
373 5000 424 5056 Dei
452 5000 581 5072 templum
596 4999 743 5055 atrabibus
768 4999 806 5055 ita
828 5014 915 5055 cessa

113 5097 326 5162 tumtotumque
346 5090 426 5144 simul
454 5090 686 5162 depopularentur
709 5090 912 5156 monasterium,

114 5179 217 5236 accidit
232 5187 260 5233 ut
274 5196 345 5234 unus
360 5195 456 5235 eorum
471 5179 552 5234 etiam
576 5179 647 5249 apud
675 5195 723 5233 eos
752 5177 914 5233 nefandissi·

114 5283 178 5323 mus
194 5268 229 5323 ad
245 5267 444 5324 confessionem
456 5268 548 5325 domni
566 5267 696 5325 Germani
708 5268 848 5325 strinetum
859 5267 916 5339 gle-

114 5357 192 5411 dium
207 5357 312 5427 polluta
327 5366 439 5431 gestans
452 5375 535 5414 manu
556 5359 636 5426 (miro
653 5356 763 5430 quidem
778 5357 913 5428 dicentur)

113 5446 275 5511 deveniret,
293 5447 501 5521 columnamque
520 5463 717 5515 marmoream,
740 5462 800 5519 quae
813 5446 914 5503 ibidem

276 5565 398 5624 Parnon.
417 5566 541 5627 CXXVI.

1273 3134 1385 3189 CAPUT
1395 3135 1431 3188 X.

1003 3221 1109 3274 luteres
1133 3221 1257 3274 simulato
1284 3222 1424 3291 languore,
1448 3222 1592 3294 legationis
1607 3241 1688 3281 causa
1704 3227 1773 3282 diri-

967 3315 1035 3379 gunt
1059 3308 1092 3361 ad
1110 3308 1392 3378 precellentissimam
1414 3326 1510 3380 regem
1530 3311 1666 3379 Carnium,
1682 3322 1712 3368 ut
1726 3332 1775 3371 eos

967 3410 1029 3450 cum
1043 3411 1111 3465 paee
1126 3394 1220 3450 fideles
1235 3397 1396 3466 suscipiens,
1414 3398 1449 3451 ad
1463 3399 1600 3468 propriam
1615 3400 1679 3456 dato
1693 3403 1773 3474 regni

967 3483 1068 3538 tributo
1087 3484 1179 3538 redire
1196 3484 1363 3553 permitteret
1377 3485 1505 3555 patriam.
1525 3488 1572 3541 His
1587 3488 1624 3542 ita
1651 3490 1769 3559 placitis,

967 3587 1034 3643 rege
1049 3571 1160 3641 quidem
1184 3571 1302 3636 nolente,
1321 3572 1592 3643 principibus—tamen
1607 3577 1772 3647 quibusdam

966 3659 1007 3730 (ut
1038 3659 1186 3722 fatebatur)
1214 3661 1374 3714 muneribus
1404 3661 1486 3727 laesis,
1518 3663 1690 3736 Regenarius
1717 3668 1772 3723 dux

967 3764 1072 3814 eorum,
1096 3748 1241 3819 cunctique
1266 3748 1405 3819 principes
1427 3750 1461 3804 ad
1483 3767 1589 3823 regem,
1606 3754 1652 3823 qui
1666 3762 1729 3810 tunc
1743 3756 1771 3810 in

967 3837 1132 3891 monasterio
1154 3837 1284 3891 blacharii
1306 3837 1429 3909 Dionysii
1454 3839 1598 3907 residebat,
1625 3841 1769 3898 adducun-

965 3937 1011 3983 tur
1027 3943 1033 3979 :
1050 3925 1188 3995 perdens,
1206 3941 1310 3996 perque
1326 3942 1359 3980 ee
1378 3925 1476 3997 quibus
1486 3928 1604 3983 maxime
1619 3946 1648 3984 se
1661 3932 1770 4005 protegi

964 4029 996 4069 ac
1010 4014 1109 4069 salvari
1125 4015 1258 4084 putabant
1272 4022 1404 4070 testantes
1420 4016 1541 4071 numima
1555 4018 1598 4073 vel
1608 4035 1694 4084 arma,
1704 4036 1768 4093 qua·

966 4110 1046 4158 tenus
1070 4119 1242 4173 nequaquam
1264 4103 1377 4158 ulterius
1401 4104 1445 4159 vel
1467 4103 1536 4160 fines
1561 4106 1603 4161 sui
1624 4107 1701 4179 regni
1715 4109 1769 4164 nisi

965 4190 1080 4245 fortasse
1094 4193 1267 4246 auxiliatores
1291 4192 1422 4247 intrarent
1436 4201 1483 4247 aut
1497 4195 1697 4268 contingerent.
1714 4196 1766 4266 Qui

964 4278 1003 4333 ita
1025 4279 1130 4333 dimissi
1151 4287 1233 4350 atque
1262 4295 1312 4349 pro
1333 4280 1374 4333 sui
1398 4281 1527 4335 evasione
1553 4297 1634 4352 mam
1655 4283 1765 4340 minime

927 4374 1145 4442 Dsperaverant
1168 4366 1266 4438 gavisi,
1295 4367 1397 4437 pariter
1423 4383 1476 4439 quo
1499 4377 1631 4425 venerant
1651 4381 1765 4443 accepta

962 4456 1020 4510 auri
1047 4455 1207 4528 argentique
1239 4455 1363 4526 imposita
1388 4472 1495 4511 summa
1523 4457 1578 4512 teti
1601 4458 1762 4516 redierunt:

964 4544 1013 4600 sed
1041 4552 1218 4610 revertentes,
1243 4544 1415 4615 morboque
1443 4545 1471 4598 in
1498 4545 1625 4616 praedicta
1645 4547 1763 4605 ecclesia

963 4632 1083 4705 perculsi
1106 4631 1214 4687 fuerant
1244 4633 1364 4703 quotidie
1384 4631 1542 4689 deficientes
1562 4636 1762 4705 eruciabantur,¹

964 4721 1129 4792 cruciatique
1149 4721 1330 4793 nequissimas
1348 4721 1539 4778 miserabiliter
1551 4724 1654 4779 animas
1670 4727 1763 4798 exspi-

964 4810 1072 4875 rabant,
1088 4811 1196 4865 nemioe
1212 4826 1280 4881 quos
1296 4810 1534 4866 secumhabebant
1548 4812 1762 4870 Christianorum

964 4898 1120 4967 hujusmodi
1130 4898 1238 4971 plagam
1253 4898 1394 4953 sentiente.
1411 4899 1441 4953 ln
1457 4899 1556 4969 quibus
1569 4902 1696 4957 omnibus
1713 4902 1766 4960 Dei

965 4995 1007 5042 est
1030 4986 1229 5043 consideranda
1253 4987 1383 5057 potentia,
1412 4987 1525 5059 eiusque
1549 4989 1637 5060 pietas
1657 4992 1763 5063 ample-

965 5075 1072 5140 ctenda,
1088 5075 1134 5147 qui
1147 5082 1201 5128 tarn
1214 5074 1425 5130 misericorditer
1439 5076 1524 5131 salvat
1539 5077 1680 5149 innocuos,
1697 5088 1766 5135 tam·

965 5178 1017 5232 que
1032 5162 1178 5218 terribliter
1192 5170 1302 5218 sanctos
1322 5179 1386 5220 suos
1406 5163 1576 5225 mirificando
1600 5169 1676 5241 punit
1696 5185 1764 5241 pro·

964 5249 1052 5307 fanos.

1271 5361 1383 5418 CAPUT
1397 5363 1445 5417 xt.

940 5518 943 5524 Ι
1001 5443 1073 5518 Quid
1096 5449 1124 5504 in
1145 5448 1241 5504 endem
1265 5449 1390 5520 ecclesia,
1423 5458 1569 5522 postquam
1589 5455 1677 5525 major
1698 5472 1764 5529 pars

1533 5580 1567 5634 33
