<?xml version="1.0" encoding="UTF-8"?>
<!DOCTYPE html PUBLIC "-//W3C//DTD XHTML 1.0 Transitional//EN"
    "http://www.w3.org/TR/xhtml1/DTD/xhtml1-transitional.dtd">
<html xmlns="http://www.w3.org/1999/xhtml" xml:lang="en" lang="en">
 <head>
  <title>
</title>
<meta http-equiv="Content-Type" content="text/html;charset=utf-8" />
  <meta name='ocr-system' content='tesseract 3.04.00' />
  <meta name='ocr-capabilities' content='ocr_page ocr_carea ocr_par ocr_line ocrx_word'/>
</head>
<body>
  <div class='ocr_page' id='page_1' title='image "./patrologiaecurs81unkngoog/patrologiaecurs81unkngoog_0039.png"; bbox 0 0 3794 6104; ppageno 0'>
   <div class='ocr_carea' id='block_1_1' title="bbox 184 165 1832 264">
    <p class='ocr_par' dir='ltr' id='par_1_1' title="bbox 184 165 1832 264">
     <span class='ocr_line' id='line_1_1' title="bbox 184 165 1832 264; baseline -0.007 0"><span class='ocrx_word' id='word_1_1' title='bbox 184 200 219 264; x_wconf 84' lang='lat' dir='ltr'>st</span> <span class='ocrx_word' id='word_1_2' title='bbox 238 165 240 172; x_wconf 38' lang='lat'><strong>¹</strong></span> <span class='ocrx_word' id='word_1_3' title='bbox 670 205 842 262; x_wconf 81' lang='lat' dir='ltr'>urucuxxr</span> <span class='ocrx_word' id='word_1_4' title='bbox 856 197 1056 260; x_wconf 80' lang='lat' dir='ltr'>ananensis</span> <span class='ocrx_word' id='word_1_5' title='bbox 1070 197 1347 256; x_wconf 77' lang='lat' dir='ltr'>ancumrrscorr.</span> <span class='ocrx_word' id='word_1_6' title='bbox 1797 200 1832 253; x_wconf 81' lang='lat' dir='ltr'>aa</span> 
     </span>
    </p>
   </div>
   <div class='ocr_carea' id='block_1_2' title="bbox 181 326 1839 495">
    <p class='ocr_par' dir='ltr' id='par_1_2' title="bbox 181 326 1839 495">
     <span class='ocr_line' id='line_1_2' title="bbox 183 326 1839 413; baseline -0.006 -6"><span class='ocrx_word' id='word_1_7' title='bbox 183 335 313 392; x_wconf 67' lang='lat' dir='ltr'><strong>ROmflnae</strong></span> <span class='ocrx_word' id='word_1_8' title='bbox 328 333 497 405; x_wconf 85' lang='lat' dir='ltr'>pontificum,</span> <span class='ocrx_word' id='word_1_9' title='bbox 506 332 605 404; x_wconf 87' lang='lat' dir='ltr'>quibus</span> <span class='ocrx_word' id='word_1_10' title='bbox 616 331 667 402; x_wconf 65' lang='lat' dir='ltr'>ipsi</span> <span class='ocrx_word' id='word_1_11' title='bbox 682 328 803 401; x_wconf 62' lang='lat' dir='ltr'>episcopi</span> <span class='ocrx_word' id='word_1_12' title='bbox 813 329 863 382; x_wconf 78' lang='lat' dir='ltr'>h⁰⁵</span> <span class='ocrx_word' id='word_1_13' title='bbox 882 326 1018 385; x_wconf 66' lang='lat' dir='ltr'>fr⁸²l0⁵A</span> <span class='ocrx_word' id='word_1_14' title='bbox 1033 350 1128 411; x_wconf 87' lang='lat' dir='ltr'>postea</span> <span class='ocrx_word' id='word_1_15' title='bbox 1143 341 1264 412; x_wconf 84' lang='lat' dir='ltr'>tractavi,</span> <span class='ocrx_word' id='word_1_16' title='bbox 1282 341 1350 396; x_wconf 89' lang='lat' dir='ltr'>sieut</span> <span class='ocrx_word' id='word_1_17' title='bbox 1364 356 1457 396; x_wconf 89' lang='lat' dir='ltr'>coram</span> <span class='ocrx_word' id='word_1_18' title='bbox 1468 341 1535 412; x_wconf 89' lang='lat' dir='ltr'>ipsis</span> <span class='ocrx_word' id='word_1_19' title='bbox 1549 340 1576 396; x_wconf 92' lang='lat' dir='ltr'>in</span> <span class='ocrx_word' id='word_1_20' title='bbox 1591 342 1696 413; x_wconf 76' lang='lat' dir='ltr'>synodo</span> <span class='ocrx_word' id='word_1_21' title='bbox 1711 357 1839 412; x_wconf 90' lang='lat' dir='ltr'>compro·</span> 
     </span>
     <span class='ocr_line' id='line_1_3' title="bbox 181 417 980 495; baseline -0.013 -16"><span class='ocrx_word' id='word_1_22' title='bbox 181 424 382 495; x_wconf 87' lang='lat' dir='ltr'>judicaverunt,</span> <span class='ocrx_word' id='word_1_23' title='bbox 411 431 437 477; x_wconf 91' lang='lat' dir='ltr'>et</span> <span class='ocrx_word' id='word_1_24' title='bbox 461 422 508 493; x_wconf 91' lang='lat' dir='ltr'>qui</span> <span class='ocrx_word' id='word_1_25' title='bbox 537 421 626 476; x_wconf 91' lang='lat' dir='ltr'>eidem</span> <span class='ocrx_word' id='word_1_26' title='bbox 648 419 752 490; x_wconf 81' lang='lat' dir='ltr'>synode</span> <span class='ocrx_word' id='word_1_27' title='bbox 768 417 980 487; x_wconf 90' lang='lat' dir='ltr'>suscripserunt,</span> 
     </span>
    </p>
   </div>
   <div class='ocr_carea' id='block_1_3' title="bbox 183 505 982 852">
    <p class='ocr_par' dir='ltr' id='par_1_3' title="bbox 183 505 982 852">
     <span class='ocr_line' id='line_1_4' title="bbox 184 505 982 576; baseline -0.013 -8"><span class='ocrx_word' id='word_1_28' title='bbox 184 530 228 568; x_wconf 90' lang='lat' dir='ltr'>me</span> <span class='ocrx_word' id='word_1_29' title='bbox 243 521 348 569; x_wconf 90' lang='lat' dir='ltr'>tacente</span> <span class='ocrx_word' id='word_1_30' title='bbox 368 528 482 576; x_wconf 81' lang='lat' dir='ltr'>necesse</span> <span class='ocrx_word' id='word_1_31' title='bbox 503 511 636 564; x_wconf 85' lang='lat' dir='ltr'>habebant</span> <span class='ocrx_word' id='word_1_32' title='bbox 651 509 702 562; x_wconf 94' lang='lat' dir='ltr'>hoc</span> <span class='ocrx_word' id='word_1_33' title='bbox 718 515 834 561; x_wconf 77' lang='lat' dir='ltr'>statuere</span> <span class='ocrx_word' id='word_1_34' title='bbox 850 506 923 576; x_wconf 88' lang='lat' dir='ltr'>quod</span> <span class='ocrx_word' id='word_1_35' title='bbox 938 505 982 573; x_wconf 86' lang='lat' dir='ltr'>ju·</span> 
     </span>
     <span class='ocr_line' id='line_1_5' title="bbox 183 590 981 670; baseline -0.014 -13"><span class='ocrx_word' id='word_1_36' title='bbox 183 602 342 657; x_wconf 82' lang='lat' dir='ltr'>dicaverunt</span> <span class='ocrx_word' id='word_1_37' title='bbox 356 609 382 655; x_wconf 90' lang='lat' dir='ltr'>et</span> <span class='ocrx_word' id='word_1_38' title='bbox 398 600 626 670; x_wconf 90' lang='lat' dir='ltr'>subscripserunt,</span> <span class='ocrx_word' id='word_1_39' title='bbox 645 604 690 650; x_wconf 89' lang='lat' dir='ltr'>aut</span> <span class='ocrx_word' id='word_1_40' title='bbox 710 590 806 650; x_wconf 84' lang='lat' dir='ltr'>contra</span> <span class='ocrx_word' id='word_1_41' title='bbox 829 593 981 664; x_wconf 85' lang='lat' dir='ltr'>professio-</span> 
     </span>
     <span class='ocr_line' id='line_1_6' title="bbox 183 683 980 759; baseline -0.014 -13"><span class='ocrx_word' id='word_1_42' title='bbox 183 708 245 747; x_wconf 86' lang='lat' dir='ltr'>nem</span> <span class='ocrx_word' id='word_1_43' title='bbox 261 699 286 745; x_wconf 89' lang='lat' dir='ltr'>et</span> <span class='ocrx_word' id='word_1_44' title='bbox 295 689 521 759; x_wconf 89' lang='lat' dir='ltr'>subscriptionem</span> <span class='ocrx_word' id='word_1_45' title='bbox 537 703 612 741; x_wconf 91' lang='lat' dir='ltr'>suam</span> <span class='ocrx_word' id='word_1_46' title='bbox 622 692 728 747; x_wconf 89' lang='lat' dir='ltr'>euntes,</span> <span class='ocrx_word' id='word_1_47' title='bbox 744 683 896 737; x_wconf 88' lang='lat' dir='ltr'>secundum</span> <span class='ocrx_word' id='word_1_48' title='bbox 913 683 980 737; x_wconf 88' lang='lat' dir='ltr'>Car·</span> 
     </span>
     <span class='ocr_line' id='line_1_7' title="bbox 185 771 980 852; baseline -0.014 -18"><span class='ocrx_word' id='word_1_49' title='bbox 185 781 346 852; x_wconf 89' lang='lat' dir='ltr'>thaginonse</span> <span class='ocrx_word' id='word_1_50' title='bbox 375 778 522 833; x_wconf 87' lang='lat' dir='ltr'>concilium</span> <span class='ocrx_word' id='word_1_51' title='bbox 551 792 580 829; x_wconf 91' lang='lat' dir='ltr'>se</span> <span class='ocrx_word' id='word_1_52' title='bbox 591 776 694 829; x_wconf 82' lang='lat' dir='ltr'>honore</span> <span class='ocrx_word' id='word_1_53' title='bbox 711 772 865 842; x_wconf 82' lang='lat' dir='ltr'>privarent:</span> <span class='ocrx_word' id='word_1_54' title='bbox 882 779 908 824; x_wconf 86' lang='lat' dir='ltr'>et</span> <span class='ocrx_word' id='word_1_55' title='bbox 922 771 980 841; x_wconf 91' lang='lat' dir='ltr'>pri-</span> 
     </span>
    </p>
   </div>
   <div class='ocr_carea' id='block_1_4' title="bbox 182 858 982 1470">
    <p class='ocr_par' dir='ltr' id='par_1_4' title="bbox 182 858 982 1470">
     <span class='ocr_line' id='line_1_8' title="bbox 184 858 982 942; baseline -0.015 -18"><span class='ocrx_word' id='word_1_56' title='bbox 184 869 284 942; x_wconf 81' lang='lat' dir='ltr'>vilegia</span> <span class='ocrx_word' id='word_1_57' title='bbox 305 868 387 923; x_wconf 94' lang='lat' dir='ltr'>sedis.</span> <span class='ocrx_word' id='word_1_58' title='bbox 415 865 579 936; x_wconf 77' lang='lat' dir='ltr'>Apostolicae</span> <span class='ocrx_word' id='word_1_59' title='bbox 590 864 707 919; x_wconf 91' lang='lat' dir='ltr'>duorum</span> <span class='ocrx_word' id='word_1_60' title='bbox 721 858 878 932; x_wconf 81' lang='lat' dir='ltr'>pontificum</span> <span class='ocrx_word' id='word_1_61' title='bbox 892 859 982 930; x_wconf 91' lang='lat' dir='ltr'>qualia</span> 
     </span>
     <span class='ocr_line' id='line_1_9' title="bbox 184 947 982 1028; baseline -0.015 -15"><span class='ocrx_word' id='word_1_62' title='bbox 184 966 245 1013; x_wconf 91' lang='lat' dir='ltr'>sunt</span> <span class='ocrx_word' id='word_1_63' title='bbox 258 966 284 1012; x_wconf 87' lang='lat' dir='ltr'>et</span> <span class='ocrx_word' id='word_1_64' title='bbox 299 973 359 1028; x_wconf 66' lang='lat' dir='ltr'>quse</span> <span class='ocrx_word' id='word_1_65' title='bbox 382 954 611 1010; x_wconf 73' lang='lat' dir='ltr'>confirmaverunt</span> <span class='ocrx_word' id='word_1_66' title='bbox 625 951 699 1023; x_wconf 90' lang='lat' dir='ltr'>quod</span> <span class='ocrx_word' id='word_1_67' title='bbox 715 949 768 1021; x_wconf 88' lang='lat' dir='ltr'>ipsi</span> <span class='ocrx_word' id='word_1_68' title='bbox 797 947 920 1019; x_wconf 81' lang='lat' dir='ltr'>episcopi</span> <span class='ocrx_word' id='word_1_69' title='bbox 936 949 982 1017; x_wconf 87' lang='lat' dir='ltr'>ju-</span> 
     </span>
     <span class='ocr_line' id='line_1_10' title="bbox 182 1040 981 1115; baseline -0.015 -13"><span class='ocrx_word' id='word_1_70' title='bbox 182 1047 348 1111; x_wconf 80' lang='lat' dir='ltr'>dicaverunt,</span> <span class='ocrx_word' id='word_1_71' title='bbox 361 1044 411 1115; x_wconf 91' lang='lat' dir='ltr'>ipsi</span> <span class='ocrx_word' id='word_1_72' title='bbox 426 1043 533 1099; x_wconf 86' lang='lat' dir='ltr'>vidistis</span> <span class='ocrx_word' id='word_1_73' title='bbox 546 1049 573 1097; x_wconf 90' lang='lat' dir='ltr'>et</span> <span class='ocrx_word' id='word_1_74' title='bbox 588 1041 716 1096; x_wconf 88' lang='lat' dir='ltr'>audistis.</span> <span class='ocrx_word' id='word_1_75' title='bbox 733 1040 835 1092; x_wconf 88' lang='lat' dir='ltr'>Tamen</span> <span class='ocrx_word' id='word_1_76' title='bbox 850 1053 885 1091; x_wconf 92' lang='lat' dir='ltr'>ne</span> <span class='ocrx_word' id='word_1_77' title='bbox 900 1053 981 1091; x_wconf 89' lang='lat' dir='ltr'>scan-</span> 
     </span>
     <span class='ocr_line' id='line_1_11' title="bbox 183 1125 982 1201; baseline -0.016 -9"><span class='ocrx_word' id='word_1_78' title='bbox 183 1136 274 1192; x_wconf 90' lang='lat' dir='ltr'>dalum</span> <span class='ocrx_word' id='word_1_79' title='bbox 304 1134 388 1201; x_wconf 86' lang='lat' dir='ltr'>tieret,</span> <span class='ocrx_word' id='word_1_80' title='bbox 407 1141 515 1188; x_wconf 88' lang='lat' dir='ltr'>secutus</span> <span class='ocrx_word' id='word_1_81' title='bbox 545 1129 698 1200; x_wconf 89' lang='lat' dir='ltr'>exemplum</span> <span class='ocrx_word' id='word_1_82' title='bbox 715 1126 823 1182; x_wconf 87' lang='lat' dir='ltr'>Domini</span> <span class='ocrx_word' id='word_1_83' title='bbox 844 1125 892 1196; x_wconf 93' lang='lat' dir='ltr'>qui</span> <span class='ocrx_word' id='word_1_84' title='bbox 916 1126 982 1180; x_wconf 80' lang='lat' dir='ltr'>dixit</span> 
     </span>
     <span class='ocr_line' id='line_1_12' title="bbox 182 1214 981 1281; baseline -0.013 -2"><span class='ocrx_word' id='word_1_85' title='bbox 182 1224 216 1279; x_wconf 88' lang='lat' dir='ltr'>ad</span> <span class='ocrx_word' id='word_1_86' title='bbox 242 1225 375 1278; x_wconf 89' lang='lat' dir='ltr'>l‘etrum:</span> <span class='ocrx_word' id='word_1_87' title='bbox 400 1223 584 1276; x_wconf 88' lang='lat' dir='ltr'>Noscensum</span> <span class='ocrx_word' id='word_1_88' title='bbox 608 1235 663 1273; x_wconf 90' lang='lat' dir='ltr'>oon</span> <span class='ocrx_word' id='word_1_89' title='bbox 691 1216 832 1281; x_wconf 87' lang='lat' dir='ltr'>debemus,</span> <span class='ocrx_word' id='word_1_90' title='bbox 860 1214 908 1268; x_wconf 90' lang='lat' dir='ltr'>sed</span> <span class='ocrx_word' id='word_1_91' title='bbox 947 1230 981 1269; x_wconf 87' lang='lat' dir='ltr'>ne</span> 
     </span>
     <span class='ocr_line' id='line_1_13' title="bbox 182 1302 981 1379; baseline -0.014 -11"><span class='ocrx_word' id='word_1_92' title='bbox 182 1312 401 1369; x_wconf 79' lang='lat' dir='ltr'>scandalizemus</span> <span class='ocrx_word' id='word_1_93' title='bbox 413 1326 471 1374; x_wconf 89' lang='lat' dir='ltr'>eos,</span> <span class='ocrx_word' id='word_1_94' title='bbox 489 1309 616 1363; x_wconf 87' lang='lat' dir='ltr'>videlicet</span> <span class='ocrx_word' id='word_1_95' title='bbox 631 1307 677 1379; x_wconf 88' lang='lat' dir='ltr'>qui</span> <span class='ocrx_word' id='word_1_96' title='bbox 695 1320 808 1361; x_wconf 90' lang='lat' dir='ltr'>censum</span> <span class='ocrx_word' id='word_1_97' title='bbox 826 1302 981 1373; x_wconf 79' lang='lat' dir='ltr'>exigebant,</span> 
     </span>
     <span class='ocr_line' id='line_1_14' title="bbox 182 1394 980 1470; baseline -0.014 -11"><span class='ocrx_word' id='word_1_98' title='bbox 182 1404 218 1459; x_wconf 80' lang='lat' dir='ltr'>dc</span> <span class='ocrx_word' id='word_1_99' title='bbox 233 1400 467 1458; x_wconf 77' lang='lat' dir='ltr'>steteremdeore</span> <span class='ocrx_word' id='word_1_100' title='bbox 479 1400 622 1470; x_wconf 84' lang='lat' dir='ltr'>piscispro</span> <span class='ocrx_word' id='word_1_101' title='bbox 641 1401 723 1452; x_wconf 84' lang='lat' dir='ltr'>meet</span> <span class='ocrx_word' id='word_1_102' title='bbox 737 1415 788 1469; x_wconf 89' lang='lat' dir='ltr'>pro</span> <span class='ocrx_word' id='word_1_103' title='bbox 816 1400 844 1450; x_wconf 85' lang='lat' dir='ltr'>te</span> <span class='ocrx_word' id='word_1_104' title='bbox 870 1394 980 1464; x_wconf 79' lang='lat' dir='ltr'>(llaltlt.</span> 
     </span>
    </p>
   </div>
   <div class='ocr_carea' id='block_1_5' title="bbox 1032 415 1839 1475">
    <p class='ocr_par' dir='ltr' id='par_1_5' title="bbox 1032 415 1839 1475">
     <span class='ocr_line' id='line_1_15' title="bbox 1033 415 1838 497; baseline 0.002 -14"><span class='ocrx_word' id='word_1_105' title='bbox 1033 429 1104 497; x_wconf 87' lang='lat' dir='ltr'>bavi,</span> <span class='ocrx_word' id='word_1_106' title='bbox 1121 447 1154 485; x_wconf 91' lang='lat' dir='ltr'>ne</span> <span class='ocrx_word' id='word_1_107' title='bbox 1171 415 1252 485; x_wconf 79' lang='lat' dir='ltr'>talem</span> <span class='ocrx_word' id='word_1_108' title='bbox 1277 447 1321 485; x_wconf 92' lang='lat' dir='ltr'>me</span> <span class='ocrx_word' id='word_1_109' title='bbox 1336 431 1458 493; x_wconf 73' lang='lat' dir='ltr'>aestimet,</span> <span class='ocrx_word' id='word_1_110' title='bbox 1481 431 1550 486; x_wconf 92' lang='lat' dir='ltr'>sicut</span> <span class='ocrx_word' id='word_1_111' title='bbox 1565 447 1608 485; x_wconf 91' lang='lat' dir='ltr'>me</span> <span class='ocrx_word' id='word_1_112' title='bbox 1623 430 1714 486; x_wconf 72' lang='lat' dir='ltr'>aemuli</span> <span class='ocrx_word' id='word_1_113' title='bbox 1730 431 1784 484; x_wconf 90' lang='lat' dir='ltr'>mei</span> <span class='ocrx_word' id='word_1_114' title='bbox 1799 430 1838 485; x_wconf 93' lang='lat' dir='ltr'>illi</span> 
     </span>
     <span class='ocr_line' id='line_1_16' title="bbox 1034 518 1839 592; baseline 0.002 -20"><span class='ocrx_word' id='word_1_115' title='bbox 1034 518 1194 592; x_wconf 85' lang='lat' dir='ltr'>depingunt.</span> <span class='ocrx_word' id='word_1_116' title='bbox 1221 520 1254 573; x_wconf 85' lang='lat' dir='ltr'>Et</span> <span class='ocrx_word' id='word_1_117' title='bbox 1267 519 1365 573; x_wconf 89' lang='lat' dir='ltr'>habete</span> <span class='ocrx_word' id='word_1_118' title='bbox 1392 520 1558 589; x_wconf 88' lang='lat' dir='ltr'>exemplaria</span> <span class='ocrx_word' id='word_1_119' title='bbox 1572 520 1606 573; x_wconf 91' lang='lat' dir='ltr'>de</span> <span class='ocrx_word' id='word_1_120' title='bbox 1622 519 1739 590; x_wconf 89' lang='lat' dir='ltr'>epistola</span> <span class='ocrx_word' id='word_1_121' title='bbox 1755 535 1839 589; x_wconf 77' lang='lat' dir='ltr'>syno-</span> 
     </span>
     <span class='ocr_line' id='line_1_17' title="bbox 1033 606 1837 680; baseline 0.002 -20"><span class='ocrx_word' id='word_1_122' title='bbox 1033 607 1097 674; x_wconf 88' lang='lat' dir='ltr'>dali,</span> <span class='ocrx_word' id='word_1_123' title='bbox 1114 606 1189 661; x_wconf 88' lang='lat' dir='ltr'>etde</span> <span class='ocrx_word' id='word_1_124' title='bbox 1204 623 1264 661; x_wconf 89' lang='lat' dir='ltr'>mea</span> <span class='ocrx_word' id='word_1_125' title='bbox 1284 607 1400 679; x_wconf 90' lang='lat' dir='ltr'>epistola</span> <span class='ocrx_word' id='word_1_126' title='bbox 1418 627 1425 661; x_wconf 91' lang='lat'>:</span> <span class='ocrx_word' id='word_1_127' title='bbox 1442 617 1469 662; x_wconf 90' lang='lat' dir='ltr'>ut</span> <span class='ocrx_word' id='word_1_128' title='bbox 1484 607 1506 660; x_wconf 89' lang='lat' dir='ltr'>si</span> <span class='ocrx_word' id='word_1_129' title='bbox 1521 608 1602 680; x_wconf 84' lang='lat' dir='ltr'>aliqui</span> <span class='ocrx_word' id='word_1_130' title='bbox 1627 608 1690 662; x_wconf 92' lang='lat' dir='ltr'>inde</span> <span class='ocrx_word' id='word_1_131' title='bbox 1706 607 1837 678; x_wconf 84' lang='lat' dir='ltr'>quiddam</span> 
     </span>
     <span class='ocr_line' id='line_1_18' title="bbox 1033 695 1834 767; baseline 0.002 -18"><span class='ocrx_word' id='word_1_132' title='bbox 1033 695 1167 750; x_wconf 86' lang='lat' dir='ltr'>voluerint</span> <span class='ocrx_word' id='word_1_133' title='bbox 1182 695 1282 759; x_wconf 84' lang='lat' dir='ltr'>dicere,</span> <span class='ocrx_word' id='word_1_134' title='bbox 1300 705 1445 767; x_wconf 91' lang='lat' dir='ltr'>postquam</span> <span class='ocrx_word' id='word_1_135' title='bbox 1460 697 1520 751; x_wconf 88' lang='lat' dir='ltr'>illas</span> <span class='ocrx_word' id='word_1_136' title='bbox 1531 696 1681 767; x_wconf 89' lang='lat' dir='ltr'>apostolico</span> <span class='ocrx_word' id='word_1_137' title='bbox 1692 697 1834 763; x_wconf 90' lang='lat' dir='ltr'>dederitis,</span> 
     </span>
     <span class='ocr_line' id='line_1_19' title="bbox 1033 784 1836 855; baseline 0.004 -18"><span class='ocrx_word' id='word_1_138' title='bbox 1033 784 1156 838; x_wconf 90' lang='lat' dir='ltr'>habeatis</span> <span class='ocrx_word' id='word_1_139' title='bbox 1182 800 1277 839; x_wconf 89' lang='lat' dir='ltr'>earum</span> <span class='ocrx_word' id='word_1_140' title='bbox 1298 784 1470 855; x_wconf 88' lang='lat' dir='ltr'>exemplaria,</span> <span class='ocrx_word' id='word_1_141' title='bbox 1501 792 1527 838; x_wconf 86' lang='lat' dir='ltr'>et</span> <span class='ocrx_word' id='word_1_142' title='bbox 1548 785 1670 839; x_wconf 83' lang='lat' dir='ltr'>habeatis</span> <span class='ocrx_word' id='word_1_143' title='bbox 1694 800 1743 840; x_wconf 88' lang='lat' dir='ltr'>eas</span> <span class='ocrx_word' id='word_1_144' title='bbox 1767 785 1836 841; x_wconf 89' lang='lat' dir='ltr'>bene</span> 
     </span>
     <span class='ocr_line' id='line_1_20' title="bbox 1033 872 1837 944; baseline 0.002 -18"><span class='ocrx_word' id='word_1_145' title='bbox 1033 872 1166 942; x_wconf 88' lang='lat' dir='ltr'>cognitas.</span> <span class='ocrx_word' id='word_1_146' title='bbox 1194 872 1323 927; x_wconf 89' lang='lat' dir='ltr'>Similiter</span> <span class='ocrx_word' id='word_1_147' title='bbox 1344 873 1466 944; x_wconf 81' lang='lat' dir='ltr'>satagite,</span> <span class='ocrx_word' id='word_1_148' title='bbox 1486 881 1515 927; x_wconf 90' lang='lat' dir='ltr'>ut</span> <span class='ocrx_word' id='word_1_149' title='bbox 1529 873 1588 927; x_wconf 91' lang='lat' dir='ltr'>illas</span> <span class='ocrx_word' id='word_1_150' title='bbox 1612 874 1752 944; x_wconf 86' lang='lat' dir='ltr'>epistolas,</span> <span class='ocrx_word' id='word_1_151' title='bbox 1770 890 1837 944; x_wconf 90' lang='lat' dir='ltr'>quas</span> 
     </span>
     <span class='ocr_line' id='line_1_21' title="bbox 1033 960 1835 1031; baseline 0.001 -16"><span class='ocrx_word' id='word_1_152' title='bbox 1033 961 1149 1015; x_wconf 89' lang='lat' dir='ltr'>domnus</span> <span class='ocrx_word' id='word_1_153' title='bbox 1173 961 1337 1031; x_wconf 83' lang='lat' dir='ltr'>apostolicus</span> <span class='ocrx_word' id='word_1_154' title='bbox 1366 962 1400 1016; x_wconf 91' lang='lat' dir='ltr'>de</span> <span class='ocrx_word' id='word_1_155' title='bbox 1428 961 1577 1017; x_wconf 88' lang='lat' dir='ltr'>istacausa</span> <span class='ocrx_word' id='word_1_156' title='bbox 1599 960 1691 1018; x_wconf 77' lang='lat' dir='ltr'>facere</span> <span class='ocrx_word' id='word_1_157' title='bbox 1719 963 1835 1031; x_wconf 87' lang='lat' dir='ltr'>jubebit,</span> 
     </span>
     <span class='ocr_line' id='line_1_22' title="bbox 1033 1048 1837 1122; baseline 0.005 -20"><span class='ocrx_word' id='word_1_158' title='bbox 1033 1048 1131 1121; x_wconf 87' lang='lat' dir='ltr'>legatis</span> <span class='ocrx_word' id='word_1_159' title='bbox 1146 1059 1291 1121; x_wconf 88' lang='lat' dir='ltr'>antequam</span> <span class='ocrx_word' id='word_1_160' title='bbox 1315 1050 1368 1105; x_wconf 90' lang='lat' dir='ltr'>huc</span> <span class='ocrx_word' id='word_1_161' title='bbox 1393 1050 1541 1116; x_wconf 88' lang='lat' dir='ltr'>mittantur,</span> <span class='ocrx_word' id='word_1_162' title='bbox 1559 1066 1593 1105; x_wconf 92' lang='lat' dir='ltr'>ne</span> <span class='ocrx_word' id='word_1_163' title='bbox 1606 1050 1725 1122; x_wconf 88' lang='lat' dir='ltr'>aliquem</span> <span class='ocrx_word' id='word_1_164' title='bbox 1746 1051 1837 1106; x_wconf 89' lang='lat' dir='ltr'>dolum</span> 
     </span>
     <span class='ocr_line' id='line_1_23' title="bbox 1032 1137 1836 1212; baseline 0.006 -22"><span class='ocrx_word' id='word_1_165' title='bbox 1032 1137 1061 1191; x_wconf 92' lang='lat' dir='ltr'>in</span> <span class='ocrx_word' id='word_1_166' title='bbox 1071 1137 1110 1193; x_wconf 91' lang='lat' dir='ltr'>eis</span> <span class='ocrx_word' id='word_1_167' title='bbox 1120 1138 1279 1208; x_wconf 81' lang='lat' dir='ltr'>scriptores,</span> <span class='ocrx_word' id='word_1_168' title='bbox 1296 1137 1364 1194; x_wconf 91' lang='lat' dir='ltr'>sicut</span> <span class='ocrx_word' id='word_1_169' title='bbox 1380 1138 1505 1193; x_wconf 86' lang='lat' dir='ltr'>dicuntur</span> <span class='ocrx_word' id='word_1_170' title='bbox 1520 1138 1619 1205; x_wconf 84' lang='lat' dir='ltr'>lacere,</span> <span class='ocrx_word' id='word_1_171' title='bbox 1629 1139 1736 1209; x_wconf 87' lang='lat' dir='ltr'>possint</span> <span class='ocrx_word' id='word_1_172' title='bbox 1746 1139 1836 1212; x_wconf 87' lang='lat' dir='ltr'>irnpe-</span> 
     </span>
     <span class='ocr_line' id='line_1_24' title="bbox 1033 1226 1836 1298; baseline 0.007 -20"><span class='ocrx_word' id='word_1_173' title='bbox 1033 1241 1107 1281; x_wconf 89' lang='lat' dir='ltr'>nere.</span> <span class='ocrx_word' id='word_1_174' title='bbox 1124 1227 1158 1281; x_wconf 86' lang='lat' dir='ltr'>Et</span> <span class='ocrx_word' id='word_1_175' title='bbox 1168 1242 1222 1280; x_wconf 89' lang='lat' dir='ltr'>nou</span> <span class='ocrx_word' id='word_1_176' title='bbox 1237 1226 1435 1282; x_wconf 86' lang='lat' dir='ltr'>obliviscamini</span> <span class='ocrx_word' id='word_1_177' title='bbox 1450 1235 1478 1281; x_wconf 90' lang='lat' dir='ltr'>ut</span> <span class='ocrx_word' id='word_1_178' title='bbox 1494 1226 1597 1282; x_wconf 82' lang='lat' dir='ltr'>faciatis</span> <span class='ocrx_word' id='word_1_179' title='bbox 1613 1236 1717 1282; x_wconf 91' lang='lat' dir='ltr'>certum</span> <span class='ocrx_word' id='word_1_180' title='bbox 1732 1237 1836 1298; x_wconf 84' lang='lat' dir='ltr'>aposto</span> 
     </span>
     <span class='ocr_line' id='line_1_25' title="bbox 1033 1313 1835 1387; baseline 0.007 -20"><span class='ocrx_word' id='word_1_181' title='bbox 1033 1313 1124 1380; x_wconf 90' lang='lat' dir='ltr'>licum,</span> <span class='ocrx_word' id='word_1_182' title='bbox 1156 1314 1219 1386; x_wconf 91' lang='lat' dir='ltr'>quia</span> <span class='ocrx_word' id='word_1_183' title='bbox 1243 1315 1290 1368; x_wconf 83' lang='lat' dir='ltr'>illa</span> <span class='ocrx_word' id='word_1_184' title='bbox 1319 1315 1434 1385; x_wconf 90' lang='lat' dir='ltr'>epistola</span> <span class='ocrx_word' id='word_1_185' title='bbox 1461 1316 1550 1386; x_wconf 88' lang='lat' dir='ltr'>quarti</span> <span class='ocrx_word' id='word_1_186' title='bbox 1579 1316 1677 1370; x_wconf 87' lang='lat' dir='ltr'>Leonis</span> <span class='ocrx_word' id='word_1_187' title='bbox 1700 1334 1779 1387; x_wconf 73' lang='lat' dir='ltr'>papae</span> <span class='ocrx_word' id='word_1_188' title='bbox 1802 1318 1835 1372; x_wconf 94' lang='lat' dir='ltr'>de</span> 
     </span>
     <span class='ocr_line' id='line_1_26' title="bbox 1032 1401 1836 1475; baseline 0.004 -18"><span class='ocrx_word' id='word_1_189' title='bbox 1032 1403 1146 1458; x_wconf 90' lang='lat' dir='ltr'>istorum</span> <span class='ocrx_word' id='word_1_190' title='bbox 1172 1401 1285 1457; x_wconf 81' lang='lat' dir='ltr'>fratrum</span> <span class='ocrx_word' id='word_1_191' title='bbox 1311 1403 1513 1469; x_wconf 86' lang='lat' dir='ltr'>reclamatione,</span> <span class='ocrx_word' id='word_1_192' title='bbox 1544 1420 1627 1475; x_wconf 89' lang='lat' dir='ltr'>quam</span> <span class='ocrx_word' id='word_1_193' title='bbox 1650 1415 1785 1460; x_wconf 89' lang='lat' dir='ltr'>memorat</span> <span class='ocrx_word' id='word_1_194' title='bbox 1810 1406 1836 1460; x_wconf 92' lang='lat' dir='ltr'>in</span> 
     </span>
    </p>
   </div>
   <div class='ocr_carea' id='block_1_6' title="bbox 179 1485 1838 3158">
    <p class='ocr_par' dir='ltr' id='par_1_6' title="bbox 179 1485 1838 3158">
     <span class='ocr_line' id='line_1_27' title="bbox 183 1485 1835 1565; baseline 0.002 -19"><span class='ocrx_word' id='word_1_195' title='bbox 183 1506 252 1556; x_wconf 82' lang='lat' dir='ltr'>xvir,</span> <span class='ocrx_word' id='word_1_196' title='bbox 278 1491 334 1555; x_wconf 70' lang='grc'>26),</span> <span class='ocrx_word' id='word_1_197' title='bbox 362 1486 584 1543; x_wconf 81' lang='lat' dir='ltr'>uitatoscandalo</span> <span class='ocrx_word' id='word_1_198' title='bbox 606 1487 802 1557; x_wconf 74' lang='lat' dir='ltr'>etpraeJ&#39;udicio</span> <span class='ocrx_word' id='word_1_199' title='bbox 830 1485 903 1541; x_wconf 86' lang='lat' dir='ltr'>sedis</span> <span class='ocrx_word' id='word_1_200' title='bbox 913 1499 982 1553; x_wconf 81' lang='lat' dir='ltr'>apo·</span> <span class='ocrx_word' id='word_1_201' title='bbox 1033 1491 1089 1545; x_wconf 91' lang='lat' dir='ltr'>suis</span> <span class='ocrx_word' id='word_1_202' title='bbox 1105 1491 1237 1561; x_wconf 90' lang='lat' dir='ltr'>epistolis,</span> <span class='ocrx_word' id='word_1_203' title='bbox 1264 1492 1323 1546; x_wconf 87' lang='lat' dir='ltr'>istis</span> <span class='ocrx_word' id='word_1_204' title='bbox 1342 1492 1487 1563; x_wconf 74' lang='lat' dir='ltr'>cisalpinis</span> <span class='ocrx_word' id='word_1_205' title='bbox 1510 1493 1669 1565; x_wconf 87' lang='lat' dir='ltr'>regionibus</span> <span class='ocrx_word' id='word_1_206' title='bbox 1684 1509 1739 1548; x_wconf 94' lang='lat' dir='ltr'>non</span> <span class='ocrx_word' id='word_1_207' title='bbox 1755 1495 1835 1549; x_wconf 91' lang='lat' dir='ltr'>inno-</span> 
     </span>
     <span class='ocr_line' id='line_1_28' title="bbox 185 1572 1834 1655; baseline 0.002 -21"><span class='ocrx_word' id='word_1_208' title='bbox 185 1580 297 1645; x_wconf 82' lang='lat' dir='ltr'>stolicae,</span> <span class='ocrx_word' id='word_1_209' title='bbox 314 1586 342 1632; x_wconf 93' lang='lat' dir='ltr'>ut</span> <span class='ocrx_word' id='word_1_210' title='bbox 358 1593 413 1632; x_wconf 92' lang='lat' dir='ltr'>non</span> <span class='ocrx_word' id='word_1_211' title='bbox 427 1592 487 1645; x_wconf 92' lang='lat' dir='ltr'>nos,</span> <span class='ocrx_word' id='word_1_212' title='bbox 504 1575 552 1631; x_wconf 92' lang='lat' dir='ltr'>sed</span> <span class='ocrx_word' id='word_1_213' title='bbox 567 1575 653 1647; x_wconf 86' lang='lat' dir='ltr'>ipsius</span> <span class='ocrx_word' id='word_1_214' title='bbox 663 1577 809 1631; x_wconf 87' lang='lat' dir='ltr'>auctoritas</span> <span class='ocrx_word' id='word_1_215' title='bbox 824 1575 846 1629; x_wconf 91' lang='lat' dir='ltr'>si</span> <span class='ocrx_word' id='word_1_216' title='bbox 856 1572 981 1638; x_wconf 90' lang='lat' dir='ltr'>voluerit,</span> <span class='ocrx_word' id='word_1_217' title='bbox 1034 1579 1090 1647; x_wconf 82' lang='lat' dir='ltr'>tuit,</span> <span class='ocrx_word' id='word_1_218' title='bbox 1108 1579 1159 1634; x_wconf 83' lang='lat' dir='ltr'>nisi</span> <span class='ocrx_word' id='word_1_219' title='bbox 1174 1597 1223 1651; x_wconf 88' lang='lat' dir='ltr'>per</span> <span class='ocrx_word' id='word_1_220' title='bbox 1237 1597 1299 1635; x_wconf 85' lang='lat' dir='ltr'>suas</span> <span class='ocrx_word' id='word_1_221' title='bbox 1315 1597 1402 1651; x_wconf 88' lang='lat' dir='ltr'>nuper</span> <span class='ocrx_word' id='word_1_222' title='bbox 1416 1581 1515 1635; x_wconf 89' lang='lat' dir='ltr'>missas</span> <span class='ocrx_word' id='word_1_223' title='bbox 1537 1582 1681 1652; x_wconf 89' lang='lat' dir='ltr'>epistolas;</span> <span class='ocrx_word' id='word_1_224' title='bbox 1699 1592 1726 1638; x_wconf 86' lang='lat' dir='ltr'>et</span> <span class='ocrx_word' id='word_1_225' title='bbox 1742 1593 1834 1655; x_wconf 88' lang='lat' dir='ltr'>rogate</span> 
     </span>
     <span class='ocr_line' id='line_1_29' title="bbox 184 1661 1835 1744; baseline -0.005 -20"><span class='ocrx_word' id='word_1_226' title='bbox 184 1669 272 1725; x_wconf 64' lang='lat' dir='ltr'>solvat</span> <span class='ocrx_word' id='word_1_227' title='bbox 300 1675 326 1722; x_wconf 78' lang='lat' dir='ltr'>et</span> <span class='ocrx_word' id='word_1_228' title='bbox 349 1667 560 1721; x_wconf 76' lang='lat' dir='ltr'>lmlrllleiStlilm</span> <span class='ocrx_word' id='word_1_229' title='bbox 576 1665 738 1720; x_wconf 66' lang='lat' dir='ltr'>Sententiam</span> <span class='ocrx_word' id='word_1_230' title='bbox 753 1681 833 1736; x_wconf 79' lang='lat' dir='ltr'>qllam</span> <span class='ocrx_word' id='word_1_231' title='bbox 847 1661 942 1735; x_wconf 73' lang='lat' dir='ltr'>ligavit</span> <span class='ocrx_word' id='word_1_232' title='bbox 957 1667 1155 1743; x_wconf 69' lang='lat' dir='ltr'>etBaliquom</span> <span class='ocrx_word' id='word_1_233' title='bbox 1179 1669 1213 1723; x_wconf 80' lang='lat' dir='ltr'>(le</span> <span class='ocrx_word' id='word_1_234' title='bbox 1230 1669 1328 1724; x_wconf 71' lang='lat' dir='ltr'>vestris</span> <span class='ocrx_word' id='word_1_235' title='bbox 1351 1685 1536 1724; x_wconf 76' lang='lat' dir='ltr'>memorosum</span> <span class='ocrx_word' id='word_1_236' title='bbox 1560 1671 1708 1737; x_wconf 60' lang='lat' dir='ltr'>hominem,</span> <span class='ocrx_word' id='word_1_237' title='bbox 1727 1672 1773 1744; x_wconf 79' lang='lat' dir='ltr'>qui</span> <span class='ocrx_word' id='word_1_238' title='bbox 1788 1688 1835 1727; x_wconf 67' lang='lat' dir='ltr'>vos</span> 
     </span>
     <span class='ocr_line' id='line_1_30' title="bbox 184 1753 1834 1829; baseline 0.001 -15"><span class='ocrx_word' id='word_1_239' title='bbox 184 1756 369 1822; x_wconf 85' lang='lat' dir='ltr'>confirmavit,</span> <span class='ocrx_word' id='word_1_240' title='bbox 386 1754 548 1811; x_wconf 85' lang='lat' dir='ltr'>servandam</span> <span class='ocrx_word' id='word_1_241' title='bbox 579 1753 634 1808; x_wconf 87' lang='lat' dir='ltr'>vidi</span> <span class='ocrx_word' id='word_1_242' title='bbox 661 1753 790 1808; x_wconf 89' lang='lat' dir='ltr'>unitatem</span> <span class='ocrx_word' id='word_1_243' title='bbox 814 1754 922 1826; x_wconf 90' lang='lat' dir='ltr'>spiritus</span> <span class='ocrx_word' id='word_1_244' title='bbox 956 1757 983 1813; x_wconf 91' lang='lat' dir='ltr'>in</span> <span class='ocrx_word' id='word_1_245' title='bbox 1034 1773 1107 1826; x_wconf 76' lang='lat' dir='ltr'>saepe</span> <span class='ocrx_word' id='word_1_246' title='bbox 1135 1758 1290 1821; x_wconf 88' lang='lat' dir='ltr'>admoneat,</span> <span class='ocrx_word' id='word_1_247' title='bbox 1321 1759 1449 1829; x_wconf 89' lang='lat' dir='ltr'>quoniam</span> <span class='ocrx_word' id='word_1_248' title='bbox 1478 1759 1602 1829; x_wconf 90' lang='lat' dir='ltr'>occupati</span> <span class='ocrx_word' id='word_1_249' title='bbox 1626 1760 1712 1826; x_wconf 90' lang='lat' dir='ltr'>eritis,</span> <span class='ocrx_word' id='word_1_250' title='bbox 1737 1769 1834 1816; x_wconf 88' lang='lat' dir='ltr'>utnon</span> 
     </span>
     <span class='ocr_line' id='line_1_31' title="bbox 184 1842 1835 1918; baseline 0.001 -16"><span class='ocrx_word' id='word_1_251' title='bbox 184 1846 293 1903; x_wconf 87' lang='lat' dir='ltr'>vinculo</span> <span class='ocrx_word' id='word_1_252' title='bbox 321 1844 407 1917; x_wconf 89' lang='lat' dir='ltr'>pacis,</span> <span class='ocrx_word' id='word_1_253' title='bbox 429 1843 554 1898; x_wconf 90' lang='lat' dir='ltr'>similiter</span> <span class='ocrx_word' id='word_1_254' title='bbox 568 1850 594 1897; x_wconf 88' lang='lat' dir='ltr'>ct</span> <span class='ocrx_word' id='word_1_255' title='bbox 609 1842 636 1896; x_wconf 93' lang='lat' dir='ltr'>in</span> <span class='ocrx_word' id='word_1_256' title='bbox 651 1844 704 1898; x_wconf 91' lang='lat' dir='ltr'>hoc</span> <span class='ocrx_word' id='word_1_257' title='bbox 732 1844 801 1898; x_wconf 92' lang='lat' dir='ltr'>sicut</span> <span class='ocrx_word' id='word_1_258' title='bbox 829 1855 855 1900; x_wconf 90' lang='lat' dir='ltr'>et</span> <span class='ocrx_word' id='word_1_259' title='bbox 880 1847 926 1917; x_wconf 90' lang='lat' dir='ltr'>ibi,</span> <span class='ocrx_word' id='word_1_260' title='bbox 955 1857 984 1902; x_wconf 91' lang='lat' dir='ltr'>ut</span> <span class='ocrx_word' id='word_1_261' title='bbox 1033 1844 1232 1900; x_wconf 83' lang='lat' dir='ltr'>obliviscamini</span> <span class='ocrx_word' id='word_1_262' title='bbox 1251 1846 1395 1917; x_wconf 87' lang='lat' dir='ltr'>impetrare</span> <span class='ocrx_word' id='word_1_263' title='bbox 1419 1855 1496 1918; x_wconf 82' lang='lat' dir='ltr'>gesta</span> <span class='ocrx_word' id='word_1_264' title='bbox 1520 1846 1688 1918; x_wconf 84' lang='lat' dir='ltr'>pontificum,</span> <span class='ocrx_word' id='word_1_265' title='bbox 1708 1849 1743 1903; x_wconf 89' lang='lat' dir='ltr'>ab</span> <span class='ocrx_word' id='word_1_266' title='bbox 1760 1849 1835 1905; x_wconf 88' lang='lat' dir='ltr'>initio</span> 
     </span>
     <span class='ocr_line' id='line_1_32' title="bbox 184 1931 1836 2007; baseline 0.002 -17"><span class='ocrx_word' id='word_1_267' title='bbox 184 1936 287 1990; x_wconf 91' lang='lat' dir='ltr'>nullum</span> <span class='ocrx_word' id='word_1_268' title='bbox 297 1950 350 2007; x_wconf 88' lang='lat' dir='ltr'>ego</span> <span class='ocrx_word' id='word_1_269' title='bbox 366 1932 497 2003; x_wconf 91' lang='lat' dir='ltr'>scriptum</span> <span class='ocrx_word' id='word_1_270' title='bbox 512 1931 633 1998; x_wconf 90' lang='lat' dir='ltr'>mittam,</span> <span class='ocrx_word' id='word_1_271' title='bbox 649 1948 701 1988; x_wconf 87' lang='lat' dir='ltr'>nec</span> <span class='ocrx_word' id='word_1_272' title='bbox 711 1949 760 1988; x_wconf 83' lang='lat' dir='ltr'>vos</span> <span class='ocrx_word' id='word_1_273' title='bbox 775 1933 848 1989; x_wconf 88' lang='lat' dir='ltr'>aliud</span> <span class='ocrx_word' id='word_1_274' title='bbox 856 1936 981 2006; x_wconf 89' lang='lat' dir='ltr'>portetis,</span> <span class='ocrx_word' id='word_1_275' title='bbox 1033 1940 1173 2005; x_wconf 88' lang='lat' dir='ltr'>gestorum</span> <span class='ocrx_word' id='word_1_276' title='bbox 1189 1934 1280 2006; x_wconf 79' lang='lat' dir='ltr'>Sergii</span> <span class='ocrx_word' id='word_1_277' title='bbox 1290 1949 1377 2005; x_wconf 86' lang='lat' dir='ltr'>papae,</span> <span class='ocrx_word' id='word_1_278' title='bbox 1388 1935 1417 1988; x_wconf 91' lang='lat' dir='ltr'>in</span> <span class='ocrx_word' id='word_1_279' title='bbox 1427 1937 1525 2006; x_wconf 89' lang='lat' dir='ltr'>quibus</span> <span class='ocrx_word' id='word_1_280' title='bbox 1535 1936 1741 1992; x_wconf 83' lang='lat' dir='ltr'>inveniturEbo</span> <span class='ocrx_word' id='word_1_281' title='bbox 1751 1937 1836 1994; x_wconf 86' lang='lat' dir='ltr'>luisse</span> 
     </span>
     <span class='ocr_line' id='line_1_33' title="bbox 183 2020 1834 2096; baseline 0 -16"><span class='ocrx_word' id='word_1_282' title='bbox 183 2025 235 2080; x_wconf 88' lang='lat' dir='ltr'>nisi</span> <span class='ocrx_word' id='word_1_283' title='bbox 250 2025 321 2096; x_wconf 92' lang='lat' dir='ltr'>quod</span> <span class='ocrx_word' id='word_1_284' title='bbox 333 2039 394 2078; x_wconf 91' lang='lat' dir='ltr'>cum</span> <span class='ocrx_word' id='word_1_285' title='bbox 403 2038 469 2095; x_wconf 85' lang='lat' dir='ltr'>rege</span> <span class='ocrx_word' id='word_1_286' title='bbox 485 2029 587 2077; x_wconf 88' lang='lat' dir='ltr'>etcum</span> <span class='ocrx_word' id='word_1_287' title='bbox 602 2020 825 2092; x_wconf 88' lang='lat' dir='ltr'>episcopisnobis</span> <span class='ocrx_word' id='word_1_288' title='bbox 845 2026 980 2081; x_wconf 87' lang='lat' dir='ltr'>conuenit.</span> <span class='ocrx_word' id='word_1_289' title='bbox 1034 2022 1186 2089; x_wconf 89' lang='lat' dir='ltr'>damnatus,</span> <span class='ocrx_word' id='word_1_290' title='bbox 1210 2039 1298 2094; x_wconf 92' lang='lat' dir='ltr'>usque</span> <span class='ocrx_word' id='word_1_291' title='bbox 1313 2024 1347 2077; x_wconf 92' lang='lat' dir='ltr'>ad</span> <span class='ocrx_word' id='word_1_292' title='bbox 1361 2032 1524 2094; x_wconf 76' lang='lat' dir='ltr'>presentem</span> <span class='ocrx_word' id='word_1_293' title='bbox 1550 2040 1651 2079; x_wconf 89' lang='lat' dir='ltr'>annum</span> <span class='ocrx_word' id='word_1_294' title='bbox 1669 2025 1748 2080; x_wconf 92' lang='lat' dir='ltr'>istius</span> <span class='ocrx_word' id='word_1_295' title='bbox 1762 2043 1834 2096; x_wconf 82' lang='lat' dir='ltr'>prae·</span> 
     </span>
     <span class='ocr_line' id='line_1_34' title="bbox 179 2109 1835 2183; baseline -0.001 -13"><span class='ocrx_word' id='word_1_296' title='bbox 179 2114 282 2170; x_wconf 84' lang='lat' dir='ltr'>Eamus</span> <span class='ocrx_word' id='word_1_297' title='bbox 298 2112 457 2183; x_wconf 87' lang='lat' dir='ltr'>simpliciter</span> <span class='ocrx_word' id='word_1_298' title='bbox 475 2109 539 2182; x_wconf 92' lang='lat' dir='ltr'>quia</span> <span class='ocrx_word' id='word_1_299' title='bbox 556 2109 624 2165; x_wconf 90' lang='lat' dir='ltr'>sicut</span> <span class='ocrx_word' id='word_1_300' title='bbox 655 2111 792 2182; x_wconf 88' lang='lat' dir='ltr'>Scriptura</span> <span class='ocrx_word' id='word_1_301' title='bbox 821 2112 908 2167; x_wconf 90' lang='lat' dir='ltr'>dicit:</span> <span class='ocrx_word' id='word_1_302' title='bbox 932 2115 984 2182; x_wconf 81' lang='lat' dir='ltr'>Qui</span> <span class='ocrx_word' id='word_1_303' title='bbox 1034 2110 1146 2181; x_wconf 90' lang='lat' dir='ltr'>sulatus,</span> <span class='ocrx_word' id='word_1_304' title='bbox 1163 2111 1225 2182; x_wconf 89' lang='lat' dir='ltr'>quia</span> <span class='ocrx_word' id='word_1_305' title='bbox 1253 2128 1303 2166; x_wconf 89' lang='lat' dir='ltr'>nos</span> <span class='ocrx_word' id='word_1_306' title='bbox 1317 2112 1344 2166; x_wconf 95' lang='lat' dir='ltr'>in</span> <span class='ocrx_word' id='word_1_307' title='bbox 1360 2112 1418 2166; x_wconf 91' lang='lat' dir='ltr'>istis</span> <span class='ocrx_word' id='word_1_308' title='bbox 1434 2113 1592 2183; x_wconf 87' lang='lat' dir='ltr'>regionibus</span> <span class='ocrx_word' id='word_1_309' title='bbox 1617 2114 1835 2170; x_wconf 89' lang='lat' dir='ltr'>satishcciudl-</span> 
     </span>
     <span class='ocr_line' id='line_1_35' title="bbox 184 2200 1834 2275; baseline -0.001 -16"><span class='ocrx_word' id='word_1_310' title='bbox 184 2204 312 2259; x_wconf 82' lang='lat' dir='ltr'>ambulct</span> <span class='ocrx_word' id='word_1_311' title='bbox 327 2201 507 2273; x_wconf 81' lang='lat' dir='ltr'>siutpliciter,</span> <span class='ocrx_word' id='word_1_312' title='bbox 519 2200 646 2255; x_wconf 75' lang='lat' dir='ltr'>cardulet</span> <span class='ocrx_word' id='word_1_313' title='bbox 661 2200 836 2268; x_wconf 80' lang='lat' dir='ltr'>confidenter</span> <span class='ocrx_word' id='word_1_314' title='bbox 846 2202 938 2272; x_wconf 82' lang='lat' dir='ltr'>(Pron.</span> <span class='ocrx_word' id='word_1_315' title='bbox 951 2220 981 2270; x_wconf 93' lang='lat' dir='ltr'>x,</span> <span class='ocrx_word' id='word_1_316' title='bbox 1033 2216 1140 2271; x_wconf 88' lang='lat' dir='ltr'>gemus.</span> <span class='ocrx_word' id='word_1_317' title='bbox 1166 2201 1237 2255; x_wconf 83' lang='lat' dir='ltr'>Nam</span> <span class='ocrx_word' id='word_1_318' title='bbox 1252 2201 1367 2256; x_wconf 91' lang='lat' dir='ltr'>aliorum</span> <span class='ocrx_word' id='word_1_319' title='bbox 1389 2201 1547 2271; x_wconf 84' lang='lat' dir='ltr'>pontificum</span> <span class='ocrx_word' id='word_1_320' title='bbox 1571 2212 1660 2275; x_wconf 88' lang='lat' dir='ltr'>gesta,</span> <span class='ocrx_word' id='word_1_321' title='bbox 1677 2203 1701 2257; x_wconf 93' lang='lat' dir='ltr'>si</span> <span class='ocrx_word' id='word_1_322' title='bbox 1716 2220 1767 2259; x_wconf 83' lang='lat' dir='ltr'>vos</span> <span class='ocrx_word' id='word_1_323' title='bbox 1782 2219 1834 2258; x_wconf 91' lang='lat' dir='ltr'>non</span> 
     </span>
     <span class='ocr_line' id='line_1_36' title="bbox 184 2287 1824 2362; baseline -0.001 -15"><span class='ocrx_word' id='word_1_324' title='bbox 184 2292 222 2361; x_wconf 85' lang='grc'>9).</span> <span class='ocrx_word' id='word_1_325' title='bbox 232 2291 286 2346; x_wconf 91' lang='lat' dir='ltr'>Sed</span> <span class='ocrx_word' id='word_1_326' title='bbox 302 2290 324 2344; x_wconf 91' lang='lat' dir='ltr'>si</span> <span class='ocrx_word' id='word_1_327' title='bbox 341 2290 430 2345; x_wconf 90' lang='lat' dir='ltr'>locum</span> <span class='ocrx_word' id='word_1_328' title='bbox 441 2287 572 2352; x_wconf 80' lang='lat' dir='ltr'>videritis,</span> <span class='ocrx_word' id='word_1_329' title='bbox 589 2287 670 2342; x_wconf 90' lang='lat' dir='ltr'>domo</span> <span class='ocrx_word' id='word_1_330' title='bbox 700 2288 850 2358; x_wconf 89' lang='lat' dir='ltr'>apostolico</span> <span class='ocrx_word' id='word_1_331' title='bbox 874 2290 983 2359; x_wconf 88' lang='lat' dir='ltr'>aperire</span> <span class='ocrx_word' id='word_1_332' title='bbox 1033 2288 1149 2354; x_wconf 91' lang='lat' dir='ltr'>habetis,</span> <span class='ocrx_word' id='word_1_333' title='bbox 1166 2305 1273 2358; x_wconf 80' lang='lat' dir='ltr'>perine</span> <span class='ocrx_word' id='word_1_334' title='bbox 1288 2298 1333 2344; x_wconf 89' lang='lat' dir='ltr'>aut</span> <span class='ocrx_word' id='word_1_335' title='bbox 1348 2305 1398 2360; x_wconf 91' lang='lat' dir='ltr'>per</span> <span class='ocrx_word' id='word_1_336' title='bbox 1413 2290 1566 2346; x_wconf 90' lang='lat' dir='ltr'>Fulericum</span> <span class='ocrx_word' id='word_1_337' title='bbox 1581 2291 1683 2346; x_wconf 90' lang='lat' dir='ltr'>habere</span> <span class='ocrx_word' id='word_1_338' title='bbox 1702 2293 1824 2362; x_wconf 85' lang='lat' dir='ltr'>poteritis</span> 
     </span>
     <span class='ocr_line' id='line_1_37' title="bbox 184 2375 1832 2449; baseline 0 -13"><span class='ocrx_word' id='word_1_339' title='bbox 184 2380 300 2446; x_wconf 90' lang='lat' dir='ltr'>debetis,</span> <span class='ocrx_word' id='word_1_340' title='bbox 319 2376 532 2449; x_wconf 89' lang='lat' dir='ltr'>quoniammulti</span> <span class='ocrx_word' id='word_1_341' title='bbox 543 2375 597 2444; x_wconf 88' lang='lat' dir='ltr'>jam</span> <span class='ocrx_word' id='word_1_342' title='bbox 611 2375 720 2442; x_wconf 90' lang='lat' dir='ltr'>dicunt,</span> <span class='ocrx_word' id='word_1_343' title='bbox 737 2376 760 2430; x_wconf 92' lang='lat' dir='ltr'>si</span> <span class='ocrx_word' id='word_1_344' title='bbox 775 2376 819 2430; x_wconf 87' lang='lat' dir='ltr'>illa</span> <span class='ocrx_word' id='word_1_345' title='bbox 835 2376 912 2433; x_wconf 86' lang='lat' dir='ltr'>suma</span> <span class='ocrx_word' id='word_1_346' title='bbox 928 2394 983 2433; x_wconf 92' lang='lat' dir='ltr'>non</span> <span class='ocrx_word' id='word_1_347' title='bbox 1033 2377 1073 2432; x_wconf 88' lang='lat' dir='ltr'>De</span> <span class='ocrx_word' id='word_1_348' title='bbox 1101 2377 1228 2432; x_wconf 91' lang='lat' dir='ltr'>omnibus</span> <span class='ocrx_word' id='word_1_349' title='bbox 1257 2378 1315 2432; x_wconf 90' lang='lat' dir='ltr'>istis</span> <span class='ocrx_word' id='word_1_350' title='bbox 1342 2395 1402 2449; x_wconf 83' lang='lat' dir='ltr'>quae</span> <span class='ocrx_word' id='word_1_351' title='bbox 1429 2379 1567 2435; x_wconf 88' lang='lat' dir='ltr'>dilectioni</span> <span class='ocrx_word' id='word_1_352' title='bbox 1597 2388 1694 2435; x_wconf 75' lang='lat' dir='ltr'>vestrm</span> <span class='ocrx_word' id='word_1_353' title='bbox 1723 2381 1832 2442; x_wconf 87' lang='lat' dir='ltr'>mando,</span> 
     </span>
     <span class='ocr_line' id='line_1_38' title="bbox 185 2462 1832 2539; baseline -0.001 -16"><span class='ocrx_word' id='word_1_354' title='bbox 185 2467 294 2523; x_wconf 84' lang='lat' dir='ltr'>fuerunt</span> <span class='ocrx_word' id='word_1_355' title='bbox 317 2482 376 2537; x_wconf 80' lang='lat' dir='ltr'>qirae</span> <span class='ocrx_word' id='word_1_356' title='bbox 402 2473 465 2520; x_wconf 87' lang='lat' dir='ltr'>tunc</span> <span class='ocrx_word' id='word_1_357' title='bbox 484 2464 548 2518; x_wconf 89' lang='lat' dir='ltr'>inde</span> <span class='ocrx_word' id='word_1_358' title='bbox 568 2462 729 2519; x_wconf 88' lang='lat' dir='ltr'>confirmata</span> <span class='ocrx_word' id='word_1_359' title='bbox 752 2472 824 2529; x_wconf 92' lang='lat' dir='ltr'>sunt,</span> <span class='ocrx_word' id='word_1_360' title='bbox 855 2482 905 2521; x_wconf 92' lang='lat' dir='ltr'>nec</span> <span class='ocrx_word' id='word_1_361' title='bbox 933 2466 983 2521; x_wconf 89' lang='lat' dir='ltr'>ista</span> <span class='ocrx_word' id='word_1_362' title='bbox 1033 2464 1149 2536; x_wconf 85' lang='lat' dir='ltr'>qualiter</span> <span class='ocrx_word' id='word_1_363' title='bbox 1179 2465 1256 2520; x_wconf 76' lang='lat' dir='ltr'>rolris</span> <span class='ocrx_word' id='word_1_364' title='bbox 1284 2466 1419 2536; x_wconf 86' lang='lat' dir='ltr'>placeant,</span> <span class='ocrx_word' id='word_1_365' title='bbox 1452 2476 1496 2522; x_wconf 91' lang='lat' dir='ltr'>aut</span> <span class='ocrx_word' id='word_1_366' title='bbox 1520 2468 1634 2539; x_wconf 90' lang='lat' dir='ltr'>qualiter</span> <span class='ocrx_word' id='word_1_367' title='bbox 1661 2469 1832 2538; x_wconf 83' lang='lat' dir='ltr'>displiceant,</span> 
     </span>
     <span class='ocr_line' id='line_1_39' title="bbox 184 2551 1835 2635; baseline 0.002 -24"><span class='ocrx_word' id='word_1_368' title='bbox 184 2573 245 2629; x_wconf 85' lang='lat' dir='ltr'>quae</span> <span class='ocrx_word' id='word_1_369' title='bbox 261 2555 341 2611; x_wconf 91' lang='lat' dir='ltr'>modo</span> <span class='ocrx_word' id='word_1_370' title='bbox 356 2551 509 2609; x_wconf 81' lang='lat' dir='ltr'>fiuntdrma</span> <span class='ocrx_word' id='word_1_371' title='bbox 520 2560 606 2607; x_wconf 83' lang='lat' dir='ltr'>euint.</span> <span class='ocrx_word' id='word_1_372' title='bbox 624 2553 657 2606; x_wconf 87' lang='lat' dir='ltr'>Et</span> <span class='ocrx_word' id='word_1_373' title='bbox 668 2552 734 2606; x_wconf 91' lang='lat' dir='ltr'>nihil</span> <span class='ocrx_word' id='word_1_374' title='bbox 753 2560 794 2607; x_wconf 89' lang='lat' dir='ltr'>est</span> <span class='ocrx_word' id='word_1_375' title='bbox 804 2552 861 2621; x_wconf 75' lang='lat' dir='ltr'>iam</span> <span class='ocrx_word' id='word_1_376' title='bbox 877 2553 983 2609; x_wconf 83' lang='lat' dir='ltr'>firmum</span> <span class='ocrx_word' id='word_1_377' title='bbox 999 2616 1013 2635; x_wconf 49' lang='lat'><strong>·</strong></span> <span class='ocrx_word' id='word_1_378' title='bbox 1033 2561 1163 2624; x_wconf 90' lang='lat' dir='ltr'>quanturn</span> <span class='ocrx_word' id='word_1_379' title='bbox 1187 2555 1264 2609; x_wconf 77' lang='lat' dir='ltr'>robis</span> <span class='ocrx_word' id='word_1_380' title='bbox 1288 2555 1421 2626; x_wconf 86' lang='lat' dir='ltr'>placuerit</span> <span class='ocrx_word' id='word_1_381' title='bbox 1445 2564 1472 2610; x_wconf 88' lang='lat' dir='ltr'>et</span> <span class='ocrx_word' id='word_1_382' title='bbox 1491 2556 1607 2622; x_wconf 87' lang='lat' dir='ltr'>licuerit,</span> <span class='ocrx_word' id='word_1_383' title='bbox 1632 2565 1659 2612; x_wconf 89' lang='lat' dir='ltr'>et</span> <span class='ocrx_word' id='word_1_384' title='bbox 1683 2574 1745 2628; x_wconf 79' lang='lat' dir='ltr'>quae</span> <span class='ocrx_word' id='word_1_385' title='bbox 1760 2559 1835 2614; x_wconf 88' lang='lat' dir='ltr'>mitte</span> 
     </span>
     <span class='ocr_line' id='line_1_40' title="bbox 183 2641 1834 2718; baseline 0.001 -18"><span class='ocrx_word' id='word_1_386' title='bbox 183 2646 255 2718; x_wconf 91' lang='lat' dir='ltr'>quod</span> <span class='ocrx_word' id='word_1_387' title='bbox 271 2643 390 2715; x_wconf 91' lang='lat' dir='ltr'>episcopi</span> <span class='ocrx_word' id='word_1_388' title='bbox 405 2651 432 2698; x_wconf 88' lang='lat' dir='ltr'>et</span> <span class='ocrx_word' id='word_1_389' title='bbox 447 2641 594 2712; x_wconf 88' lang='lat' dir='ltr'>apostoliea</span> <span class='ocrx_word' id='word_1_390' title='bbox 613 2642 693 2696; x_wconf 90' lang='lat' dir='ltr'>sedes</span> <span class='ocrx_word' id='word_1_391' title='bbox 704 2641 854 2696; x_wconf 90' lang='lat' dir='ltr'>decernunt</span> <span class='ocrx_word' id='word_1_392' title='bbox 871 2660 878 2708; x_wconf 91' lang='lat'>;</span> <span class='ocrx_word' id='word_1_393' title='bbox 895 2659 983 2714; x_wconf 90' lang='lat' dir='ltr'>neque</span> <span class='ocrx_word' id='word_1_394' title='bbox 1033 2641 1148 2713; x_wconf 89' lang='lat' dir='ltr'>qualiter</span> <span class='ocrx_word' id='word_1_395' title='bbox 1162 2643 1197 2697; x_wconf 91' lang='lat' dir='ltr'>ad</span> <span class='ocrx_word' id='word_1_396' title='bbox 1212 2659 1261 2698; x_wconf 84' lang='lat' dir='ltr'>vos</span> <span class='ocrx_word' id='word_1_397' title='bbox 1276 2643 1351 2697; x_wconf 85' lang='lat' dir='ltr'>salva</span> <span class='ocrx_word' id='word_1_398' title='bbox 1375 2645 1560 2714; x_wconf 79' lang='lat' dir='ltr'>pervenerint,</span> <span class='ocrx_word' id='word_1_399' title='bbox 1587 2662 1637 2717; x_wconf 87' lang='lat' dir='ltr'>per</span> <span class='ocrx_word' id='word_1_400' title='bbox 1660 2645 1743 2700; x_wconf 91' lang='lat' dir='ltr'>istum</span> <span class='ocrx_word' id='word_1_401' title='bbox 1767 2647 1834 2701; x_wconf 87' lang='lat' dir='ltr'>rnis-</span> 
     </span>
     <span class='ocr_line' id='line_1_41' title="bbox 184 2730 1835 2802; baseline 0.001 -13"><span class='ocrx_word' id='word_1_402' title='bbox 184 2735 219 2789; x_wconf 92' lang='lat' dir='ltr'>de</span> <span class='ocrx_word' id='word_1_403' title='bbox 234 2733 334 2790; x_wconf 89' lang='lat' dir='ltr'>nostris</span> <span class='ocrx_word' id='word_1_404' title='bbox 350 2731 471 2802; x_wconf 87' lang='lat' dir='ltr'>judiciis,</span> <span class='ocrx_word' id='word_1_405' title='bbox 487 2746 538 2786; x_wconf 90' lang='lat' dir='ltr'>nec</span> <span class='ocrx_word' id='word_1_406' title='bbox 553 2731 632 2785; x_wconf 89' lang='lat' dir='ltr'>etiam</span> <span class='ocrx_word' id='word_1_407' title='bbox 648 2731 683 2786; x_wconf 91' lang='lat' dir='ltr'>de</span> <span class='ocrx_word' id='word_1_408' title='bbox 706 2730 982 2788; x_wconf 86' lang='lat' dir='ltr'>excommunicatione</span> <span class='ocrx_word' id='word_1_409' title='bbox 1034 2747 1093 2784; x_wconf 88' lang='lat' dir='ltr'>sum</span> <span class='ocrx_word' id='word_1_410' title='bbox 1109 2739 1233 2785; x_wconf 90' lang='lat' dir='ltr'>nostrum</span> <span class='ocrx_word' id='word_1_411' title='bbox 1248 2732 1314 2786; x_wconf 88' lang='lat' dir='ltr'>mihi</span> <span class='ocrx_word' id='word_1_412' title='bbox 1329 2732 1427 2787; x_wconf 89' lang='lat' dir='ltr'>litteris</span> <span class='ocrx_word' id='word_1_413' title='bbox 1442 2735 1607 2788; x_wconf 88' lang='lat' dir='ltr'>remandate.</span> <span class='ocrx_word' id='word_1_414' title='bbox 1620 2736 1650 2788; x_wconf 93' lang='lat' dir='ltr'>ln</span> <span class='ocrx_word' id='word_1_415' title='bbox 1660 2735 1835 2791; x_wconf 86' lang='lat' dir='ltr'>conclusione</span> 
     </span>
     <span class='ocr_line' id='line_1_42' title="bbox 184 2813 1836 2896; baseline 0.004 -23"><span class='ocrx_word' id='word_1_416' title='bbox 184 2825 298 2883; x_wconf 73' lang='lat' dir='ltr'>curant,</span> <span class='ocrx_word' id='word_1_417' title='bbox 316 2832 366 2871; x_wconf 90' lang='lat' dir='ltr'>nec</span> <span class='ocrx_word' id='word_1_418' title='bbox 378 2814 532 2886; x_wconf 85' lang='lat' dir='ltr'>presbyteri</span> <span class='ocrx_word' id='word_1_419' title='bbox 545 2831 560 2866; x_wconf 92' lang='lat' dir='ltr'>a</span> <span class='ocrx_word' id='word_1_420' title='bbox 573 2813 652 2868; x_wconf 88' lang='lat' dir='ltr'>nobis</span> <span class='ocrx_word' id='word_1_421' title='bbox 663 2813 803 2885; x_wconf 86' lang='lat' dir='ltr'>degradati</span> <span class='ocrx_word' id='word_1_422' title='bbox 826 2824 983 2885; x_wconf 88' lang='lat' dir='ltr'>pronastro</span> <span class='ocrx_word' id='word_1_423' title='bbox 1033 2828 1124 2874; x_wconf 91' lang='lat' dir='ltr'>autem</span> <span class='ocrx_word' id='word_1_424' title='bbox 1140 2820 1218 2874; x_wconf 86' lang='lat' dir='ltr'>vobis</span> <span class='ocrx_word' id='word_1_425' title='bbox 1242 2821 1342 2885; x_wconf 90' lang='lat' dir='ltr'>scribo,</span> <span class='ocrx_word' id='word_1_426' title='bbox 1370 2822 1443 2893; x_wconf 89' lang='lat' dir='ltr'>quod</span> <span class='ocrx_word' id='word_1_427' title='bbox 1464 2831 1572 2877; x_wconf 89' lang='lat' dir='ltr'>sanetus</span> <span class='ocrx_word' id='word_1_428' title='bbox 1589 2824 1684 2878; x_wconf 84' lang='lat' dir='ltr'>Petrus</span> <span class='ocrx_word' id='word_1_429' title='bbox 1698 2826 1836 2896; x_wconf 87' lang='lat' dir='ltr'>apostolus</span> 
     </span>
     <span class='ocr_line' id='line_1_43' title="bbox 181 2902 1836 2984; baseline 0.005 -24"><span class='ocrx_word' id='word_1_430' title='bbox 181 2905 284 2976; x_wconf 85' lang='lat' dir='ltr'>judicio</span> <span class='ocrx_word' id='word_1_431' title='bbox 300 2921 378 2958; x_wconf 90' lang='lat' dir='ltr'>suum</span> <span class='ocrx_word' id='word_1_432' title='bbox 393 2902 574 2983; x_wconf 79' lang='lat' dir='ltr'>ministerium</span> <span class='ocrx_word' id='word_1_433' title='bbox 601 2902 745 2966; x_wconf 90' lang='lat' dir='ltr'>dimittent,</span> <span class='ocrx_word' id='word_1_434' title='bbox 768 2903 831 2974; x_wconf 91' lang='lat' dir='ltr'>quia</span> <span class='ocrx_word' id='word_1_435' title='bbox 845 2903 912 2956; x_wconf 91' lang='lat' dir='ltr'>nihil</span> <span class='ocrx_word' id='word_1_436' title='bbox 941 2912 983 2958; x_wconf 89' lang='lat' dir='ltr'>est</span> <span class='ocrx_word' id='word_1_437' title='bbox 1034 2908 1185 2978; x_wconf 79' lang='lat' dir='ltr'>Apollinari</span> <span class='ocrx_word' id='word_1_438' title='bbox 1200 2909 1275 2974; x_wconf 88' lang='lat' dir='ltr'>dixit,</span> <span class='ocrx_word' id='word_1_439' title='bbox 1293 2911 1401 2980; x_wconf 89' lang='lat' dir='ltr'>quando</span> <span class='ocrx_word' id='word_1_440' title='bbox 1417 2926 1478 2964; x_wconf 91' lang='lat' dir='ltr'>eum</span> <span class='ocrx_word' id='word_1_441' title='bbox 1503 2911 1662 2967; x_wconf 84' lang='lat' dir='ltr'>Ravennam</span> <span class='ocrx_word' id='word_1_442' title='bbox 1685 2913 1836 2984; x_wconf 67' lang='lat' dir='ltr'>praedicare</span> 
     </span>
     <span class='ocr_line' id='line_1_44' title="bbox 185 2990 1838 3065; baseline 0.005 -17"><span class='ocrx_word' id='word_1_443' title='bbox 185 2993 293 3048; x_wconf 81' lang='lat' dir='ltr'>firmum</span> <span class='ocrx_word' id='word_1_444' title='bbox 312 2991 385 3065; x_wconf 90' lang='lat' dir='ltr'>quod</span> <span class='ocrx_word' id='word_1_445' title='bbox 401 2991 507 3064; x_wconf 85' lang='lat' dir='ltr'>agimus</span> <span class='ocrx_word' id='word_1_446' title='bbox 543 2990 591 3045; x_wconf 93' lang='lat' dir='ltr'>sed</span> <span class='ocrx_word' id='word_1_447' title='bbox 623 2990 694 3046; x_wconf 89' lang='lat' dir='ltr'>sicut</span> <span class='ocrx_word' id='word_1_448' title='bbox 712 2990 768 3044; x_wconf 91' lang='lat' dir='ltr'>vult</span> <span class='ocrx_word' id='word_1_449' title='bbox 796 3007 853 3059; x_wconf 89' lang='lat' dir='ltr'>rex,</span> <span class='ocrx_word' id='word_1_450' title='bbox 872 2991 984 3047; x_wconf 91' lang='lat' dir='ltr'>etsicut</span> <span class='ocrx_word' id='word_1_451' title='bbox 1035 2996 1194 3065; x_wconf 84' lang='lat' dir='ltr'>transmisit,</span> <span class='ocrx_word' id='word_1_452' title='bbox 1225 2997 1356 3052; x_wconf 89' lang='lat' dir='ltr'>Dominus</span> <span class='ocrx_word' id='word_1_453' title='bbox 1384 3015 1460 3052; x_wconf 86' lang='lat' dir='ltr'>meus</span> <span class='ocrx_word' id='word_1_454' title='bbox 1489 3000 1567 3054; x_wconf 84' lang='lat' dir='ltr'>lesus</span> <span class='ocrx_word' id='word_1_455' title='bbox 1600 3001 1725 3055; x_wconf 88' lang='lat' dir='ltr'>Christus</span> <span class='ocrx_word' id='word_1_456' title='bbox 1751 3001 1838 3056; x_wconf 86' lang='lat' dir='ltr'>mittat</span> 
     </span>
     <span class='ocr_line' id='line_1_45' title="bbox 185 3078 1835 3158; baseline 0.002 -20"><span class='ocrx_word' id='word_1_457' title='bbox 185 3099 236 3138; x_wconf 91' lang='lat' dir='ltr'>nos</span> <span class='ocrx_word' id='word_1_458' title='bbox 252 3090 298 3138; x_wconf 91' lang='lat' dir='ltr'>ant</span> <span class='ocrx_word' id='word_1_459' title='bbox 312 3081 405 3137; x_wconf 92' lang='lat' dir='ltr'>odium</span> <span class='ocrx_word' id='word_1_460' title='bbox 415 3087 514 3143; x_wconf 81' lang='lat' dir='ltr'>mouet,</span> <span class='ocrx_word' id='word_1_461' title='bbox 531 3078 683 3150; x_wconf 87' lang='lat' dir='ltr'>autgratia,</span> <span class='ocrx_word' id='word_1_462' title='bbox 704 3087 750 3132; x_wconf 92' lang='lat' dir='ltr'>aut</span> <span class='ocrx_word' id='word_1_463' title='bbox 764 3079 908 3149; x_wconf 90' lang='lat' dir='ltr'>cupiditas,</span> <span class='ocrx_word' id='word_1_464' title='bbox 938 3088 983 3134; x_wconf 91' lang='lat' dir='ltr'>aut</span> <span class='ocrx_word' id='word_1_465' title='bbox 1033 3086 1160 3155; x_wconf 89' lang='lat' dir='ltr'>angelum</span> <span class='ocrx_word' id='word_1_466' title='bbox 1182 3102 1259 3140; x_wconf 91' lang='lat' dir='ltr'>suum</span> <span class='ocrx_word' id='word_1_467' title='bbox 1283 3103 1374 3142; x_wconf 89' lang='lat' dir='ltr'>coram</span> <span class='ocrx_word' id='word_1_468' title='bbox 1394 3095 1430 3154; x_wconf 87' lang='lat' dir='ltr'>te,</span> <span class='ocrx_word' id='word_1_469' title='bbox 1457 3087 1503 3158; x_wconf 89' lang='lat' dir='ltr'>qui</span> <span class='ocrx_word' id='word_1_470' title='bbox 1527 3089 1661 3144; x_wconf 88' lang='lat' dir='ltr'>custodiat</span> <span class='ocrx_word' id='word_1_471' title='bbox 1688 3090 1746 3145; x_wconf 84' lang='lat' dir='ltr'>vias</span> <span class='ocrx_word' id='word_1_472' title='bbox 1775 3098 1835 3145; x_wconf 87' lang='lat' dir='ltr'>tuas</span> 
     </span>
    </p>
   </div>
   <div class='ocr_carea' id='block_1_7' title="bbox 182 3167 984 3775">
    <p class='ocr_par' dir='ltr' id='par_1_7' title="bbox 182 3167 984 3775">
     <span class='ocr_line' id='line_1_46' title="bbox 185 3167 982 3238; baseline -0.006 -11"><span class='ocrx_word' id='word_1_473' title='bbox 185 3171 324 3238; x_wconf 89' lang='lat' dir='ltr'>timiditas,</span> <span class='ocrx_word' id='word_1_474' title='bbox 339 3171 377 3225; x_wconf 94' lang='lat' dir='ltr'>ita</span> <span class='ocrx_word' id='word_1_475' title='bbox 392 3178 418 3225; x_wconf 91' lang='lat' dir='ltr'>et</span> <span class='ocrx_word' id='word_1_476' title='bbox 447 3177 537 3223; x_wconf 89' lang='lat' dir='ltr'>nostra</span> <span class='ocrx_word' id='word_1_477' title='bbox 567 3175 593 3223; x_wconf 91' lang='lat' dir='ltr'>et</span> <span class='ocrx_word' id='word_1_478' title='bbox 626 3167 767 3237; x_wconf 80' lang='lat' dir='ltr'>apotolica</span> <span class='ocrx_word' id='word_1_479' title='bbox 782 3167 855 3222; x_wconf 89' lang='lat' dir='ltr'>sedis</span> <span class='ocrx_word' id='word_1_480' title='bbox 881 3168 982 3223; x_wconf 88' lang='lat' dir='ltr'>vadunt</span> 
     </span>
     <span class='ocr_line' id='line_1_47' title="bbox 182 3255 982 3331; baseline -0.004 -16"><span class='ocrx_word' id='word_1_481' title='bbox 182 3261 294 3331; x_wconf 89' lang='lat' dir='ltr'>judicia.</span> <span class='ocrx_word' id='word_1_482' title='bbox 309 3259 343 3313; x_wconf 83' lang='lat' dir='ltr'>Et</span> <span class='ocrx_word' id='word_1_483' title='bbox 359 3257 498 3314; x_wconf 89' lang='lat' dir='ltr'>recordari</span> <span class='ocrx_word' id='word_1_484' title='bbox 520 3255 800 3327; x_wconf 87' lang='lat' dir='ltr'>debetis&#39;apostolieo,</span> <span class='ocrx_word' id='word_1_485' title='bbox 818 3255 933 3328; x_wconf 89' lang='lat' dir='ltr'>qualiter</span> <span class='ocrx_word' id='word_1_486' title='bbox 948 3257 982 3312; x_wconf 92' lang='lat' dir='ltr'>de</span> 
     </span>
     <span class='ocr_line' id='line_1_48' title="bbox 184 3343 982 3416; baseline -0.01 -11"><span class='ocrx_word' id='word_1_487' title='bbox 184 3366 231 3405; x_wconf 86' lang='lat' dir='ltr'>sua</span> <span class='ocrx_word' id='word_1_488' title='bbox 242 3346 522 3405; x_wconf 85' lang='lat' dir='ltr'>excommunicatione</span> <span class='ocrx_word' id='word_1_489' title='bbox 548 3353 574 3400; x_wconf 90' lang='lat' dir='ltr'>et</span> <span class='ocrx_word' id='word_1_490' title='bbox 588 3345 704 3416; x_wconf 73' lang='lat' dir='ltr'>propriae</span> <span class='ocrx_word' id='word_1_491' title='bbox 728 3360 824 3399; x_wconf 87' lang='lat' dir='ltr'>manus</span> <span class='ocrx_word' id='word_1_492' title='bbox 839 3343 982 3400; x_wconf 86' lang='lat' dir='ltr'>coufirma-</span> 
     </span>
     <span class='ocr_line' id='line_1_49' title="bbox 184 3434 984 3505; baseline -0.008 -12"><span class='ocrx_word' id='word_1_493' title='bbox 184 3438 328 3496; x_wconf 87' lang='lat' dir='ltr'>tionelecit</span> <span class='ocrx_word' id='word_1_494' title='bbox 345 3435 522 3493; x_wconf 88' lang='lat' dir='ltr'>Guntharius.</span> <span class='ocrx_word' id='word_1_495' title='bbox 537 3434 596 3503; x_wconf 90' lang='lat' dir='ltr'>Qua</span> <span class='ocrx_word' id='word_1_496' title='bbox 610 3434 644 3489; x_wconf 91' lang='lat' dir='ltr'>de</span> <span class='ocrx_word' id='word_1_497' title='bbox 672 3450 702 3490; x_wconf 91' lang='lat' dir='ltr'>re</span> <span class='ocrx_word' id='word_1_498' title='bbox 725 3434 926 3505; x_wconf 88' lang='lat' dir='ltr'>providendum</span> <span class='ocrx_word' id='word_1_499' title='bbox 942 3441 984 3489; x_wconf 88' lang='lat' dir='ltr'>est</span> 
     </span>
     <span class='ocr_line' id='line_1_50' title="bbox 185 3523 983 3599; baseline -0.008 -15"><span class='ocrx_word' id='word_1_500' title='bbox 185 3528 213 3583; x_wconf 89' lang='lat' dir='ltr'>iu</span> <span class='ocrx_word' id='word_1_501' title='bbox 228 3523 347 3597; x_wconf 89' lang='lat' dir='ltr'>talibus,</span> <span class='ocrx_word' id='word_1_502' title='bbox 372 3526 501 3599; x_wconf 88' lang='lat' dir='ltr'>quiajam</span> <span class='ocrx_word' id='word_1_503' title='bbox 516 3523 641 3579; x_wconf 88' lang='lat' dir='ltr'>homines</span> <span class='ocrx_word' id='word_1_504' title='bbox 657 3523 717 3595; x_wconf 89' lang='lat' dir='ltr'>plus</span> <span class='ocrx_word' id='word_1_505' title='bbox 731 3523 868 3595; x_wconf 86' lang='lat' dir='ltr'>proclives</span> <span class='ocrx_word' id='word_1_506' title='bbox 890 3530 916 3577; x_wconf 90' lang='lat' dir='ltr'>et</span> <span class='ocrx_word' id='word_1_507' title='bbox 931 3539 983 3578; x_wconf 88' lang='lat' dir='ltr'>vo-</span> 
     </span>
     <span class='ocr_line' id='line_1_51' title="bbox 185 3612 984 3686; baseline -0.009 -13"><span class='ocrx_word' id='word_1_508' title='bbox 185 3617 294 3673; x_wconf 89' lang='lat' dir='ltr'>luntarii</span> <span class='ocrx_word' id='word_1_509' title='bbox 309 3625 370 3672; x_wconf 91' lang='lat' dir='ltr'>suut</span> <span class='ocrx_word' id='word_1_510' title='bbox 385 3616 419 3670; x_wconf 94' lang='lat' dir='ltr'>ad</span> <span class='ocrx_word' id='word_1_511' title='bbox 434 3615 544 3686; x_wconf 92' lang='lat' dir='ltr'>impune</span> <span class='ocrx_word' id='word_1_512' title='bbox 563 3613 741 3684; x_wconf 90' lang='lat' dir='ltr'>peccandum,</span> <span class='ocrx_word' id='word_1_513' title='bbox 755 3628 838 3685; x_wconf 90' lang='lat' dir='ltr'>quam</span> <span class='ocrx_word' id='word_1_514' title='bbox 852 3612 887 3667; x_wconf 92' lang='lat' dir='ltr'>ad</span> <span class='ocrx_word' id='word_1_515' title='bbox 902 3629 984 3685; x_wconf 87' lang='lat' dir='ltr'>regu-</span> 
     </span>
     <span class='ocr_line' id='line_1_52' title="bbox 184 3701 980 3775; baseline -0.01 -13"><span class='ocrx_word' id='word_1_516' title='bbox 184 3707 270 3762; x_wconf 86' lang='lat' dir='ltr'>larem</span> <span class='ocrx_word' id='word_1_517' title='bbox 294 3705 466 3775; x_wconf 89' lang='lat' dir='ltr'>disciplinam</span> <span class='ocrx_word' id='word_1_518' title='bbox 495 3702 699 3772; x_wconf 88' lang='lat' dir='ltr'>suscipiendam</span> <span class='ocrx_word' id='word_1_519' title='bbox 718 3710 743 3755; x_wconf 92' lang='lat' dir='ltr'>et</span> <span class='ocrx_word' id='word_1_520' title='bbox 769 3701 980 3755; x_wconf 86' lang='lat' dir='ltr'>observandam.</span> 
     </span>
    </p>
   </div>
   <div class='ocr_carea' id='block_1_8' title="bbox 1033 3177 1581 3247">
    <p class='ocr_par' dir='ltr' id='par_1_8' title="bbox 1033 3177 1581 3247">
     <span class='ocr_line' id='line_1_53' title="bbox 1033 3177 1581 3247; baseline 0.005 -19"><span class='ocrx_word' id='word_1_521' title='bbox 1033 3182 1095 3228; x_wconf 89' lang='lat' dir='ltr'>ante</span> <span class='ocrx_word' id='word_1_522' title='bbox 1111 3180 1146 3239; x_wconf 92' lang='lat' dir='ltr'>te,</span> <span class='ocrx_word' id='word_1_523' title='bbox 1163 3182 1189 3230; x_wconf 90' lang='lat' dir='ltr'>et</span> <span class='ocrx_word' id='word_1_524' title='bbox 1204 3187 1303 3229; x_wconf 88' lang='lat' dir='ltr'>annuat</span> <span class='ocrx_word' id='word_1_525' title='bbox 1318 3193 1378 3247; x_wconf 85' lang='lat' dir='ltr'>quae</span> <span class='ocrx_word' id='word_1_526' title='bbox 1393 3177 1581 3246; x_wconf 88' lang='lat' dir='ltr'>postulaveris.</span> 
     </span>
    </p>
   </div>
   <div class='ocr_carea' id='block_1_9' title="bbox 1128 3300 1737 3456">
    <p class='ocr_par' dir='ltr' id='par_1_9' title="bbox 1128 3300 1737 3456">
     <span class='ocr_line' id='line_1_54' title="bbox 1313 3300 1551 3356; baseline 0.004 -1"><span class='ocrx_word' id='word_1_527' title='bbox 1313 3300 1483 3356; x_wconf 80' lang='lat' dir='ltr'>EPISTOLA</span> <span class='ocrx_word' id='word_1_528' title='bbox 1502 3302 1551 3356; x_wconf 87' lang='lat' dir='ltr'>lx.</span> 
     </span>
     <span class='ocr_line' id='line_1_55' title="bbox 1128 3409 1737 3456; baseline 0.011 -7"><span class='ocrx_word' id='word_1_529' title='bbox 1128 3409 1164 3449; x_wconf 78' lang='lat' dir='ltr'>an</span> <span class='ocrx_word' id='word_1_530' title='bbox 1187 3411 1331 3451; x_wconf 81' lang='lat' dir='ltr'>ncrnoxsx</span> <span class='ocrx_word' id='word_1_531' title='bbox 1349 3412 1466 3453; x_wconf 77' lang='lat' dir='ltr'>nuxnau</span> <span class='ocrx_word' id='word_1_532' title='bbox 1486 3412 1737 3456; x_wconf 80' lang='lat' dir='ltr'>tncnrnrrscoeuu.</span> 
     </span>
    </p>
   </div>
   <div class='ocr_carea' id='block_1_10' title="bbox 1034 3502 1834 3648">
    <p class='ocr_par' dir='ltr' id='par_1_10' title="bbox 1034 3502 1834 3648">
     <span class='ocr_line' id='line_1_56' title="bbox 1034 3502 1834 3576; baseline 0.008 -19"><span class='ocrx_word' id='word_1_533' title='bbox 1034 3504 1071 3558; x_wconf 80' lang='lat' dir='ltr'>lle</span> <span class='ocrx_word' id='word_1_534' title='bbox 1086 3502 1263 3559; x_wconf 81' lang='lat' dir='ltr'>Golltescalco</span> <span class='ocrx_word' id='word_1_535' title='bbox 1274 3506 1388 3576; x_wconf 75' lang='lat' dir='ltr'>eiusque</span> <span class='ocrx_word' id='word_1_536' title='bbox 1399 3506 1609 3572; x_wconf 78' lang='lat' dir='ltr'>assertionibus,</span> <span class='ocrx_word' id='word_1_537' title='bbox 1622 3509 1650 3561; x_wconf 81' lang='lat' dir='ltr'>et</span> <span class='ocrx_word' id='word_1_538' title='bbox 1660 3507 1694 3562; x_wconf 87' lang='lat' dir='ltr'>de</span> <span class='ocrx_word' id='word_1_539' title='bbox 1704 3509 1834 3565; x_wconf 84' lang='lat' dir='ltr'>Pruden-</span> 
     </span>
     <span class='ocr_line' id='line_1_57' title="bbox 1164 3575 1697 3648; baseline 0.002 -18"><span class='ocrx_word' id='word_1_540' title='bbox 1164 3575 1201 3630; x_wconf 81' lang='lat' dir='ltr'>tt&#39;o</span> <span class='ocrx_word' id='word_1_541' title='bbox 1216 3575 1350 3646; x_wconf 83' lang='lat' dir='ltr'>episcopo,</span> <span class='ocrx_word' id='word_1_542' title='bbox 1367 3579 1399 3630; x_wconf 83' lang='lat' dir='ltr'>ut</span> <span class='ocrx_word' id='word_1_543' title='bbox 1414 3580 1543 3647; x_wconf 73' lang='lat' dir='ltr'>suggeret</span> <span class='ocrx_word' id='word_1_544' title='bbox 1555 3577 1697 3648; x_wconf 72' lang='lat' dir='ltr'>pontifici.</span> 
     </span>
    </p>
   </div>
   <div class='ocr_carea' id='block_1_11' title="bbox 1325 3688 1554 3744">
    <p class='ocr_par' dir='ltr' id='par_1_11' title="bbox 1325 3688 1554 3744">
     <span class='ocr_line' id='line_1_58' title="bbox 1325 3688 1554 3744; baseline 0.004 -11"><span class='ocrx_word' id='word_1_545' title='bbox 1325 3688 1405 3742; x_wconf 82' lang='lat' dir='ltr'>(apud</span> <span class='ocrx_word' id='word_1_546' title='bbox 1419 3689 1554 3744; x_wconf 82' lang='lat' dir='ltr'>eumdem.)</span> 
     </span>
    </p>
   </div>
   <div class='ocr_carea' id='block_1_12' title="bbox 181 3783 1846 5550">
    <p class='ocr_par' dir='ltr' id='par_1_12' title="bbox 183 3783 1835 3950">
     <span class='ocr_line' id='line_1_59' title="bbox 183 3783 1835 3861; baseline -0.001 -12"><span class='ocrx_word' id='word_1_547' title='bbox 183 3796 216 3849; x_wconf 87' lang='lat' dir='ltr'>Et</span> <span class='ocrx_word' id='word_1_548' title='bbox 229 3795 252 3848; x_wconf 93' lang='lat' dir='ltr'>si</span> <span class='ocrx_word' id='word_1_549' title='bbox 265 3795 381 3848; x_wconf 91' lang='lat' dir='ltr'>domnus</span> <span class='ocrx_word' id='word_1_550' title='bbox 405 3791 571 3861; x_wconf 88' lang='lat' dir='ltr'>apostolicus</span> <span class='ocrx_word' id='word_1_551' title='bbox 600 3805 615 3842; x_wconf 93' lang='lat' dir='ltr'>a</span> <span class='ocrx_word' id='word_1_552' title='bbox 640 3789 719 3844; x_wconf 78' lang='lat' dir='ltr'>vobis</span> <span class='ocrx_word' id='word_1_553' title='bbox 747 3788 885 3860; x_wconf 72' lang='lat' dir='ltr'>quesierit</span> <span class='ocrx_word' id='word_1_554' title='bbox 908 3787 983 3858; x_wconf 89' lang='lat' dir='ltr'>ipsas</span> <span class='ocrx_word' id='word_1_555' title='bbox 1068 3783 1235 3839; x_wconf 77' lang='lat' dir='ltr'>Clarissimo</span> <span class='ocrx_word' id='word_1_556' title='bbox 1250 3794 1276 3840; x_wconf 88' lang='lat' dir='ltr'>et</span> <span class='ocrx_word' id='word_1_557' title='bbox 1291 3784 1502 3842; x_wconf 83' lang='lat' dir='ltr'>fidissimomilti</span> <span class='ocrx_word' id='word_1_558' title='bbox 1521 3787 1667 3858; x_wconf 90' lang='lat' dir='ltr'>plurimam</span> <span class='ocrx_word' id='word_1_559' title='bbox 1682 3787 1835 3847; x_wconf 88' lang='lat' dir='ltr'>inChristo</span> 
     </span>
     <span class='ocr_line' id='line_1_60' title="bbox 184 3872 1159 3950; baseline -0.012 -13"><span class='ocrx_word' id='word_1_560' title='bbox 184 3882 368 3943; x_wconf 89' lang='lat' dir='ltr'>auctoritates,</span> <span class='ocrx_word' id='word_1_561' title='bbox 386 3879 501 3950; x_wconf 89' lang='lat' dir='ltr'>qualiter</span> <span class='ocrx_word' id='word_1_562' title='bbox 515 3878 558 3932; x_wconf 91' lang='lat' dir='ltr'>isti</span> <span class='ocrx_word' id='word_1_563' title='bbox 574 3877 720 3947; x_wconf 86' lang='lat' dir='ltr'>dejiciendi</span> <span class='ocrx_word' id='word_1_564' title='bbox 737 3876 852 3946; x_wconf 89' lang='lat' dir='ltr'>judicati</span> <span class='ocrx_word' id='word_1_565' title='bbox 862 3876 981 3941; x_wconf 88' lang='lat' dir='ltr'>luerunt,</span> <span class='ocrx_word' id='word_1_566' title='bbox 1033 3872 1159 3927; x_wconf 85' lang='lat' dir='ltr'>salutem.</span> 
     </span>
    </p>

    <p class='ocr_par' dir='ltr' id='par_1_13' title="bbox 181 3961 1846 5550">
     <span class='ocr_line' id='line_1_61' title="bbox 182 3961 1837 4043; baseline -0.002 -16"><span class='ocrx_word' id='word_1_567' title='bbox 182 3969 296 4043; x_wconf 88' lang='lat' dir='ltr'>potestis</span> <span class='ocrx_word' id='word_1_568' title='bbox 311 3970 334 4023; x_wconf 91' lang='lat' dir='ltr'>si</span> <span class='ocrx_word' id='word_1_569' title='bbox 348 3969 425 4023; x_wconf 87' lang='lat' dir='ltr'>vobis</span> <span class='ocrx_word' id='word_1_570' title='bbox 440 3967 546 4022; x_wconf 82' lang='lat' dir='ltr'>uidetur</span> <span class='ocrx_word' id='word_1_571' title='bbox 560 3967 597 4020; x_wconf 92' lang='lat' dir='ltr'>illi</span> <span class='ocrx_word' id='word_1_572' title='bbox 614 3967 790 4037; x_wconf 88' lang='lat' dir='ltr'>respondere,</span> <span class='ocrx_word' id='word_1_573' title='bbox 804 3965 865 4037; x_wconf 85' lang='lat' dir='ltr'>quia</span> <span class='ocrx_word' id='word_1_574' title='bbox 884 3965 982 4020; x_wconf 89' lang='lat' dir='ltr'>unani-</span> <span class='ocrx_word' id='word_1_575' title='bbox 1068 3961 1097 4016; x_wconf 91' lang='lat' dir='ltr'>ln</span> <span class='ocrx_word' id='word_1_576' title='bbox 1113 3961 1173 4015; x_wconf 89' lang='lat' dir='ltr'>aliis</span> <span class='ocrx_word' id='word_1_577' title='bbox 1187 3961 1283 4016; x_wconf 91' lang='lat' dir='ltr'>litteris</span> <span class='ocrx_word' id='word_1_578' title='bbox 1298 3962 1359 4017; x_wconf 92' lang='lat' dir='ltr'>ideo</span> <span class='ocrx_word' id='word_1_579' title='bbox 1373 3971 1449 4017; x_wconf 89' lang='lat' dir='ltr'>tantu</span> <span class='ocrx_word' id='word_1_580' title='bbox 1460 3964 1536 4018; x_wconf 89' lang='lat' dir='ltr'>vobis</span> <span class='ocrx_word' id='word_1_581' title='bbox 1552 3965 1660 4036; x_wconf 91' lang='lat' dir='ltr'>scripsi,</span> <span class='ocrx_word' id='word_1_582' title='bbox 1678 3974 1706 4021; x_wconf 92' lang='lat' dir='ltr'>ut</span> <span class='ocrx_word' id='word_1_583' title='bbox 1722 3968 1837 4024; x_wconf 90' lang='lat' dir='ltr'>habere·</span> 
     </span>
     <span class='ocr_line' id='line_1_62' title="bbox 182 4049 1836 4130; baseline -0.002 -14"><span class='ocrx_word' id='word_1_584' title='bbox 182 4061 261 4115; x_wconf 89' lang='lat' dir='ltr'>miter</span> <span class='ocrx_word' id='word_1_585' title='bbox 275 4057 396 4130; x_wconf 89' lang='lat' dir='ltr'>episcopi</span> <span class='ocrx_word' id='word_1_586' title='bbox 410 4073 490 4111; x_wconf 90' lang='lat' dir='ltr'>suum</span> <span class='ocrx_word' id='word_1_587' title='bbox 505 4055 623 4110; x_wconf 88' lang='lat' dir='ltr'>studium</span> <span class='ocrx_word' id='word_1_588' title='bbox 638 4055 672 4110; x_wconf 92' lang='lat' dir='ltr'>ad</span> <span class='ocrx_word' id='word_1_589' title='bbox 700 4057 751 4110; x_wconf 90' lang='lat' dir='ltr'>hoc</span> <span class='ocrx_word' id='word_1_590' title='bbox 781 4061 979 4119; x_wconf 88' lang='lat' dir='ltr'>converterant,</span> <span class='ocrx_word' id='word_1_591' title='bbox 1033 4049 1067 4105; x_wconf 88' lang='lat' dir='ltr'>tis</span> <span class='ocrx_word' id='word_1_592' title='bbox 1082 4050 1119 4105; x_wconf 90' lang='lat' dir='ltr'>rei</span> <span class='ocrx_word' id='word_1_593' title='bbox 1134 4050 1258 4106; x_wconf 88' lang='lat' dir='ltr'>ordinem</span> <span class='ocrx_word' id='word_1_594' title='bbox 1274 4059 1301 4106; x_wconf 92' lang='lat' dir='ltr'>et</span> <span class='ocrx_word' id='word_1_595' title='bbox 1314 4052 1519 4122; x_wconf 87' lang='lat' dir='ltr'>plenitudinem,</span> <span class='ocrx_word' id='word_1_596' title='bbox 1537 4069 1569 4109; x_wconf 87' lang='lat' dir='ltr'>ae</span> <span class='ocrx_word' id='word_1_597' title='bbox 1585 4055 1726 4110; x_wconf 79' lang='lat' dir='ltr'>ueritatem</span> <span class='ocrx_word' id='word_1_598' title='bbox 1744 4057 1778 4112; x_wconf 91' lang='lat' dir='ltr'>de</span> <span class='ocrx_word' id='word_1_599' title='bbox 1793 4059 1836 4112; x_wconf 88' lang='lat' dir='ltr'>his</span> 
     </span>
     <span class='ocr_line' id='line_1_63' title="bbox 184 4138 1835 4216; baseline -0.001 -13"><span class='ocrx_word' id='word_1_600' title='bbox 184 4156 213 4204; x_wconf 87' lang='lat' dir='ltr'>ut</span> <span class='ocrx_word' id='word_1_601' title='bbox 240 4148 284 4202; x_wconf 88' lang='lat' dir='ltr'>isti</span> <span class='ocrx_word' id='word_1_602' title='bbox 313 4147 408 4202; x_wconf 84' lang='lat' dir='ltr'>fratres</span> <span class='ocrx_word' id='word_1_603' title='bbox 439 4145 661 4201; x_wconf 89' lang='lat' dir='ltr'>restituerentur:</span> <span class='ocrx_word' id='word_1_604' title='bbox 691 4145 763 4199; x_wconf 90' lang='lat' dir='ltr'>unde</span> <span class='ocrx_word' id='word_1_605' title='bbox 782 4143 821 4198; x_wconf 92' lang='lat' dir='ltr'>illi</span> <span class='ocrx_word' id='word_1_606' title='bbox 853 4143 983 4198; x_wconf 87' lang='lat' dir='ltr'>miserunt</span> <span class='ocrx_word' id='word_1_607' title='bbox 1033 4155 1094 4211; x_wconf 85' lang='lat' dir='ltr'>quae</span> <span class='ocrx_word' id='word_1_608' title='bbox 1115 4138 1223 4194; x_wconf 83' lang='lat' dir='ltr'>fuerunt</span> <span class='ocrx_word' id='word_1_609' title='bbox 1244 4140 1361 4212; x_wconf 88' lang='lat' dir='ltr'>gestain</span> <span class='ocrx_word' id='word_1_610' title='bbox 1377 4141 1491 4212; x_wconf 66' lang='lat' dir='ltr'>spnodo,</span> <span class='ocrx_word' id='word_1_611' title='bbox 1508 4142 1571 4215; x_wconf 90' lang='lat' dir='ltr'>quia</span> <span class='ocrx_word' id='word_1_612' title='bbox 1589 4143 1705 4198; x_wconf 89' lang='lat' dir='ltr'>domnus</span> <span class='ocrx_word' id='word_1_613' title='bbox 1721 4154 1835 4216; x_wconf 85' lang='lat' dir='ltr'>aposto-</span> 
     </span>
     <span class='ocr_line' id='line_1_64' title="bbox 183 4227 1835 4307; baseline -0.003 -13"><span class='ocrx_word' id='word_1_614' title='bbox 183 4236 370 4294; x_wconf 86' lang='lat' dir='ltr'>auctoritatem</span> <span class='ocrx_word' id='word_1_615' title='bbox 400 4250 481 4307; x_wconf 89' lang='lat' dir='ltr'>quarn</span> <span class='ocrx_word' id='word_1_616' title='bbox 515 4235 681 4290; x_wconf 86' lang='lat' dir='ltr'>invenerunt.</span> <span class='ocrx_word' id='word_1_617' title='bbox 706 4234 741 4287; x_wconf 90' lang='lat' dir='ltr'>Et</span> <span class='ocrx_word' id='word_1_618' title='bbox 769 4234 829 4304; x_wconf 76' lang='lat' dir='ltr'>(pria</span> <span class='ocrx_word' id='word_1_619' title='bbox 858 4248 912 4287; x_wconf 91' lang='lat' dir='ltr'>non</span> <span class='ocrx_word' id='word_1_620' title='bbox 936 4231 984 4286; x_wconf 87' lang='lat' dir='ltr'>suit</span> <span class='ocrx_word' id='word_1_621' title='bbox 1031 4227 1108 4294; x_wconf 88' lang='lat' dir='ltr'>licus,</span> <span class='ocrx_word' id='word_1_622' title='bbox 1134 4228 1203 4283; x_wconf 91' lang='lat' dir='ltr'>sicut</span> <span class='ocrx_word' id='word_1_623' title='bbox 1217 4228 1245 4282; x_wconf 93' lang='lat' dir='ltr'>in</span> <span class='ocrx_word' id='word_1_624' title='bbox 1260 4228 1337 4283; x_wconf 82' lang='lat' dir='ltr'>robis</span> <span class='ocrx_word' id='word_1_625' title='bbox 1351 4229 1455 4284; x_wconf 89' lang='lat' dir='ltr'>directa</span> <span class='ocrx_word' id='word_1_626' title='bbox 1480 4229 1578 4302; x_wconf 82' lang='lat' dir='ltr'>legetis</span> <span class='ocrx_word' id='word_1_627' title='bbox 1593 4232 1718 4302; x_wconf 91' lang='lat' dir='ltr'>epistola,</span> <span class='ocrx_word' id='word_1_628' title='bbox 1736 4243 1835 4290; x_wconf 88' lang='lat' dir='ltr'>cuncta</span> 
     </span>
     <span class='ocr_line' id='line_1_65' title="bbox 184 4315 1835 4393; baseline -0.006 -9"><span class='ocrx_word' id='word_1_629' title='bbox 184 4344 278 4384; x_wconf 89' lang='lat' dir='ltr'>eorum</span> <span class='ocrx_word' id='word_1_630' title='bbox 294 4325 411 4380; x_wconf 88' lang='lat' dir='ltr'>studium</span> <span class='ocrx_word' id='word_1_631' title='bbox 439 4333 466 4378; x_wconf 91' lang='lat' dir='ltr'>ut</span> <span class='ocrx_word' id='word_1_632' title='bbox 482 4324 507 4377; x_wconf 92' lang='lat' dir='ltr'>in</span> <span class='ocrx_word' id='word_1_633' title='bbox 522 4323 673 4392; x_wconf 84' lang='lat' dir='ltr'>dejectione</span> <span class='ocrx_word' id='word_1_634' title='bbox 691 4331 893 4393; x_wconf 88' lang='lat' dir='ltr'>permanerent,</span> <span class='ocrx_word' id='word_1_635' title='bbox 923 4320 982 4375; x_wconf 90' lang='lat' dir='ltr'>illas</span> <span class='ocrx_word' id='word_1_636' title='bbox 1033 4315 1146 4386; x_wconf 74' lang='lat' dir='ltr'>quaeibi</span> <span class='ocrx_word' id='word_1_637' title='bbox 1167 4324 1245 4389; x_wconf 86' lang='lat' dir='ltr'>gesta</span> <span class='ocrx_word' id='word_1_638' title='bbox 1260 4316 1465 4388; x_wconf 86' lang='lat' dir='ltr'>lueruntplena</span> <span class='ocrx_word' id='word_1_639' title='bbox 1488 4317 1616 4391; x_wconf 85' lang='lat' dir='ltr'>tidelique</span> <span class='ocrx_word' id='word_1_640' title='bbox 1631 4320 1785 4375; x_wconf 90' lang='lat' dir='ltr'>narratione</span> <span class='ocrx_word' id='word_1_641' title='bbox 1800 4319 1835 4374; x_wconf 90' lang='lat' dir='ltr'>ad</span> 
     </span>
     <span class='ocr_line' id='line_1_66' title="bbox 183 4398 1831 4481; baseline -0.006 -8"><span class='ocrx_word' id='word_1_642' title='bbox 183 4417 355 4473; x_wconf 86' lang='lat' dir='ltr'>auctoritates</span> <span class='ocrx_word' id='word_1_643' title='bbox 371 4429 507 4469; x_wconf 88' lang='lat' dir='ltr'>sacrorum</span> <span class='ocrx_word' id='word_1_644' title='bbox 527 4428 671 4481; x_wconf 90' lang='lat' dir='ltr'>canonum,</span> <span class='ocrx_word' id='word_1_645' title='bbox 699 4421 725 4466; x_wconf 87' lang='lat' dir='ltr'>et</span> <span class='ocrx_word' id='word_1_646' title='bbox 741 4412 912 4466; x_wconf 89' lang='lat' dir='ltr'>decretorum</span> <span class='ocrx_word' id='word_1_647' title='bbox 934 4411 981 4463; x_wconf 89' lang='lat' dir='ltr'>ln·</span> <span class='ocrx_word' id='word_1_648' title='bbox 995 4398 1054 4460; x_wconf 87' lang='lat' dir='ltr'>Dse</span> <span class='ocrx_word' id='word_1_649' title='bbox 1064 4402 1160 4459; x_wconf 83' lang='lat' dir='ltr'>reterri</span> <span class='ocrx_word' id='word_1_650' title='bbox 1172 4405 1312 4475; x_wconf 79' lang='lat' dir='ltr'>praecepit,</span> <span class='ocrx_word' id='word_1_651' title='bbox 1331 4414 1357 4459; x_wconf 89' lang='lat' dir='ltr'>et</span> <span class='ocrx_word' id='word_1_652' title='bbox 1373 4405 1481 4460; x_wconf 91' lang='lat' dir='ltr'>animus</span> <span class='ocrx_word' id='word_1_653' title='bbox 1497 4415 1598 4475; x_wconf 88' lang='lat' dir='ltr'>vester,</span> <span class='ocrx_word' id='word_1_654' title='bbox 1617 4408 1652 4461; x_wconf 96' lang='lat' dir='ltr'>ad</span> <span class='ocrx_word' id='word_1_655' title='bbox 1668 4407 1720 4462; x_wconf 88' lang='lat' dir='ltr'>iter</span> <span class='ocrx_word' id='word_1_656' title='bbox 1729 4409 1831 4463; x_wconf 88' lang='lat' dir='ltr'>subita-</span> 
     </span>
     <span class='ocr_line' id='line_1_67' title="bbox 182 4491 1836 4572; baseline -0.006 -10"><span class='ocrx_word' id='word_1_657' title='bbox 182 4505 310 4567; x_wconf 87' lang='lat' dir='ltr'>nocentii,</span> <span class='ocrx_word' id='word_1_658' title='bbox 327 4503 435 4569; x_wconf 89' lang='lat' dir='ltr'>Zosimi,</span> <span class='ocrx_word' id='word_1_659' title='bbox 459 4501 567 4566; x_wconf 91' lang='lat' dir='ltr'>Leonis,</span> <span class='ocrx_word' id='word_1_660' title='bbox 591 4519 651 4572; x_wconf 74' lang='lat' dir='ltr'>quae</span> <span class='ocrx_word' id='word_1_661' title='bbox 666 4516 750 4571; x_wconf 89' lang='lat' dir='ltr'>supra</span> <span class='ocrx_word' id='word_1_662' title='bbox 770 4501 849 4555; x_wconf 86' lang='lat' dir='ltr'>dictae</span> <span class='ocrx_word' id='word_1_663' title='bbox 864 4508 936 4563; x_wconf 90' lang='lat' dir='ltr'>sunt,</span> <span class='ocrx_word' id='word_1_664' title='bbox 954 4507 980 4553; x_wconf 86' lang='lat' dir='ltr'>et</span> <span class='ocrx_word' id='word_1_665' title='bbox 1036 4510 1118 4548; x_wconf 90' lang='lat' dir='ltr'>neum</span> <span class='ocrx_word' id='word_1_666' title='bbox 1133 4502 1159 4548; x_wconf 91' lang='lat' dir='ltr'>et</span> <span class='ocrx_word' id='word_1_667' title='bbox 1173 4491 1281 4549; x_wconf 88' lang='lat' dir='ltr'>difficile</span> <span class='ocrx_word' id='word_1_668' title='bbox 1296 4502 1452 4565; x_wconf 88' lang='lat' dir='ltr'>occupatus,</span> <span class='ocrx_word' id='word_1_669' title='bbox 1462 4495 1603 4550; x_wconf 89' lang='lat' dir='ltr'>intendere</span> <span class='ocrx_word' id='word_1_670' title='bbox 1615 4495 1682 4552; x_wconf 78' lang='lat' dir='ltr'>[orte</span> <span class='ocrx_word' id='word_1_671' title='bbox 1692 4498 1726 4551; x_wconf 87' lang='lat' dir='ltr'>ad</span> <span class='ocrx_word' id='word_1_672' title='bbox 1737 4504 1836 4553; x_wconf 89' lang='lat' dir='ltr'>cuncta</span> 
     </span>
     <span class='ocr_line' id='line_1_68' title="bbox 181 4582 1835 4667; baseline -0.005 -18"><span class='ocrx_word' id='word_1_673' title='bbox 181 4595 220 4649; x_wconf 91' lang='lat' dir='ltr'>illi</span> <span class='ocrx_word' id='word_1_674' title='bbox 247 4603 309 4649; x_wconf 89' lang='lat' dir='ltr'>sunt</span> <span class='ocrx_word' id='word_1_675' title='bbox 327 4593 454 4667; x_wconf 68' lang='lat' dir='ltr'>cognitae,</span> <span class='ocrx_word' id='word_1_676' title='bbox 485 4590 510 4645; x_wconf 92' lang='lat' dir='ltr'>ei</span> <span class='ocrx_word' id='word_1_677' title='bbox 538 4589 720 4644; x_wconf 89' lang='lat' dir='ltr'>transmittere</span> <span class='ocrx_word' id='word_1_678' title='bbox 748 4589 908 4643; x_wconf 87' lang='lat' dir='ltr'>omiserunt.</span> <span class='ocrx_word' id='word_1_679' title='bbox 940 4589 979 4641; x_wconf 90' lang='lat' dir='ltr'>Dc</span> <span class='ocrx_word' id='word_1_680' title='bbox 1029 4598 1083 4637; x_wconf 91' lang='lat' dir='ltr'>nou</span> <span class='ocrx_word' id='word_1_681' title='bbox 1098 4582 1195 4653; x_wconf 90' lang='lat' dir='ltr'>potuit,</span> <span class='ocrx_word' id='word_1_682' title='bbox 1210 4582 1274 4637; x_wconf 92' lang='lat' dir='ltr'>licet</span> <span class='ocrx_word' id='word_1_683' title='bbox 1290 4583 1352 4638; x_wconf 93' lang='lat' dir='ltr'>inde</span> <span class='ocrx_word' id='word_1_684' title='bbox 1368 4584 1395 4638; x_wconf 90' lang='lat' dir='ltr'>in</span> <span class='ocrx_word' id='word_1_685' title='bbox 1411 4584 1526 4654; x_wconf 89' lang='lat' dir='ltr'>epistola</span> <span class='ocrx_word' id='word_1_686' title='bbox 1550 4585 1646 4656; x_wconf 76' lang='lat' dir='ltr'>synodi</span> <span class='ocrx_word' id='word_1_687' title='bbox 1668 4584 1835 4642; x_wconf 85' lang='lat' dir='ltr'>sufficienter</span> 
     </span>
     <span class='ocr_line' id='line_1_69' title="bbox 183 4671 1833 4754; baseline -0.005 -17"><span class='ocrx_word' id='word_1_688' title='bbox 183 4698 296 4754; x_wconf 88' lang='lat' dir='ltr'>quorum</span> <span class='ocrx_word' id='word_1_689' title='bbox 312 4682 490 4750; x_wconf 86' lang='lat' dir='ltr'>restitutione,</span> <span class='ocrx_word' id='word_1_690' title='bbox 509 4679 532 4734; x_wconf 91' lang='lat' dir='ltr'>si</span> <span class='ocrx_word' id='word_1_691' title='bbox 545 4677 675 4733; x_wconf 84' lang='lat' dir='ltr'>Vulladns</span> <span class='ocrx_word' id='word_1_692' title='bbox 691 4677 717 4731; x_wconf 93' lang='lat' dir='ltr'>in</span> <span class='ocrx_word' id='word_1_693' title='bbox 733 4693 816 4734; x_wconf 87' lang='lat' dir='ltr'>causa</span> <span class='ocrx_word' id='word_1_694' title='bbox 830 4693 885 4732; x_wconf 92' lang='lat' dir='ltr'>nou</span> <span class='ocrx_word' id='word_1_695' title='bbox 899 4676 978 4743; x_wconf 88' lang='lat' dir='ltr'>leret,</span> <span class='ocrx_word' id='word_1_696' title='bbox 1031 4671 1064 4725; x_wconf 90' lang='lat' dir='ltr'>sit</span> <span class='ocrx_word' id='word_1_697' title='bbox 1074 4672 1201 4742; x_wconf 89' lang='lat' dir='ltr'>positum,</span> <span class='ocrx_word' id='word_1_698' title='bbox 1212 4680 1238 4726; x_wconf 91' lang='lat' dir='ltr'>et</span> <span class='ocrx_word' id='word_1_699' title='bbox 1248 4671 1328 4726; x_wconf 87' lang='lat' dir='ltr'>etiarn</span> <span class='ocrx_word' id='word_1_700' title='bbox 1343 4672 1377 4727; x_wconf 86' lang='lat' dir='ltr'>de</span> <span class='ocrx_word' id='word_1_701' title='bbox 1393 4672 1453 4727; x_wconf 90' lang='lat' dir='ltr'>aliis</span> <span class='ocrx_word' id='word_1_702' title='bbox 1468 4690 1530 4744; x_wconf 71' lang='lat' dir='ltr'>quse</span> <span class='ocrx_word' id='word_1_703' title='bbox 1544 4675 1643 4740; x_wconf 91' lang='lat' dir='ltr'>scribo,</span> <span class='ocrx_word' id='word_1_704' title='bbox 1660 4674 1727 4728; x_wconf 91' lang='lat' dir='ltr'>mihi</span> <span class='ocrx_word' id='word_1_705' title='bbox 1739 4675 1833 4730; x_wconf 79' lang='lat' dir='ltr'>uerbis</span> 
     </span>
     <span class='ocr_line' id='line_1_70' title="bbox 183 4760 1833 4840; baseline -0.004 -16"><span class='ocrx_word' id='word_1_706' title='bbox 183 4770 250 4824; x_wconf 89' lang='lat' dir='ltr'>satis</span> <span class='ocrx_word' id='word_1_707' title='bbox 266 4771 389 4826; x_wconf 82' lang='lat' dir='ltr'>Ecclesia</span> <span class='ocrx_word' id='word_1_708' title='bbox 412 4770 539 4826; x_wconf 88' lang='lat' dir='ltr'>indurare</span> <span class='ocrx_word' id='word_1_709' title='bbox 563 4767 704 4840; x_wconf 89' lang='lat' dir='ltr'>potuisset,</span> <span class='ocrx_word' id='word_1_710' title='bbox 723 4766 769 4838; x_wconf 90' lang='lat' dir='ltr'>qui</span> <span class='ocrx_word' id='word_1_711' title='bbox 785 4765 856 4821; x_wconf 90' lang='lat' dir='ltr'>inter</span> <span class='ocrx_word' id='word_1_712' title='bbox 870 4765 982 4822; x_wconf 90' lang='lat' dir='ltr'>canoni·</span> <span class='ocrx_word' id='word_1_713' title='bbox 1030 4761 1172 4817; x_wconf 78' lang='lat' dir='ltr'>vobiscum</span> <span class='ocrx_word' id='word_1_714' title='bbox 1193 4760 1319 4816; x_wconf 83' lang='lat' dir='ltr'>conferre</span> <span class='ocrx_word' id='word_1_715' title='bbox 1335 4777 1388 4816; x_wconf 82' lang='lat' dir='ltr'>noir</span> <span class='ocrx_word' id='word_1_716' title='bbox 1404 4762 1488 4827; x_wconf 90' lang='lat' dir='ltr'>licuit,</span> <span class='ocrx_word' id='word_1_717' title='bbox 1506 4779 1567 4834; x_wconf 72' lang='lat' dir='ltr'>quse</span> <span class='ocrx_word' id='word_1_718' title='bbox 1583 4771 1654 4833; x_wconf 91' lang='lat' dir='ltr'>peto,</span> <span class='ocrx_word' id='word_1_719' title='bbox 1671 4763 1721 4819; x_wconf 92' lang='lat' dir='ltr'>sed</span> <span class='ocrx_word' id='word_1_720' title='bbox 1738 4772 1765 4818; x_wconf 91' lang='lat' dir='ltr'>et</span> <span class='ocrx_word' id='word_1_721' title='bbox 1781 4764 1833 4818; x_wconf 88' lang='lat' dir='ltr'>ista</span> 
     </span>
     <span class='ocr_line' id='line_1_71' title="bbox 183 4850 1834 4928; baseline -0.004 -15"><span class='ocrx_word' id='word_1_722' title='bbox 183 4873 231 4913; x_wconf 88' lang='lat' dir='ltr'>cos</span> <span class='ocrx_word' id='word_1_723' title='bbox 246 4865 270 4910; x_wconf 91' lang='lat' dir='ltr'>et</span> <span class='ocrx_word' id='word_1_724' title='bbox 286 4861 445 4919; x_wconf 85' lang='lat' dir='ltr'>monachos,</span> <span class='ocrx_word' id='word_1_725' title='bbox 466 4860 587 4914; x_wconf 88' lang='lat' dir='ltr'>urbanos</span> <span class='ocrx_word' id='word_1_726' title='bbox 602 4865 627 4914; x_wconf 89' lang='lat' dir='ltr'>et</span> <span class='ocrx_word' id='word_1_727' title='bbox 642 4855 833 4928; x_wconf 90' lang='lat' dir='ltr'>parochianos,</span> <span class='ocrx_word' id='word_1_728' title='bbox 851 4872 904 4909; x_wconf 89' lang='lat' dir='ltr'>una</span> <span class='ocrx_word' id='word_1_729' title='bbox 919 4870 982 4911; x_wconf 91' lang='lat' dir='ltr'>eum</span> <span class='ocrx_word' id='word_1_730' title='bbox 1031 4865 1091 4922; x_wconf 79' lang='lat' dir='ltr'>quae</span> <span class='ocrx_word' id='word_1_731' title='bbox 1107 4858 1266 4921; x_wconf 89' lang='lat' dir='ltr'>sequuntur,</span> <span class='ocrx_word' id='word_1_732' title='bbox 1281 4850 1344 4904; x_wconf 90' lang='lat' dir='ltr'>utin</span> <span class='ocrx_word' id='word_1_733' title='bbox 1354 4851 1448 4904; x_wconf 89' lang='lat' dir='ltr'>taliurn</span> <span class='ocrx_word' id='word_1_734' title='bbox 1459 4867 1555 4905; x_wconf 91' lang='lat' dir='ltr'>manus</span> <span class='ocrx_word' id='word_1_735' title='bbox 1565 4868 1619 4906; x_wconf 93' lang='lat' dir='ltr'>non</span> <span class='ocrx_word' id='word_1_736' title='bbox 1632 4852 1750 4921; x_wconf 82' lang='lat' dir='ltr'>ueniant,</span> <span class='ocrx_word' id='word_1_737' title='bbox 1762 4853 1834 4906; x_wconf 91' lang='lat' dir='ltr'>unde</span> 
     </span>
     <span class='ocr_line' id='line_1_72' title="bbox 183 4937 1834 5018; baseline -0.004 -17"><span class='ocrx_word' id='word_1_738' title='bbox 183 4943 299 5001; x_wconf 85' lang='lat' dir='ltr'>Vallado</span> <span class='ocrx_word' id='word_1_739' title='bbox 318 4961 373 4998; x_wconf 93' lang='lat' dir='ltr'>non</span> <span class='ocrx_word' id='word_1_740' title='bbox 397 4956 458 5000; x_wconf 90' lang='lat' dir='ltr'>sunt</span> <span class='ocrx_word' id='word_1_741' title='bbox 473 4948 587 5017; x_wconf 88' lang='lat' dir='ltr'>amplius</span> <span class='ocrx_word' id='word_1_742' title='bbox 608 4964 687 5018; x_wconf 89' lang='lat' dir='ltr'>quarn</span> <span class='ocrx_word' id='word_1_743' title='bbox 710 4961 818 5001; x_wconf 85' lang='lat' dir='ltr'>novem.</span> <span class='ocrx_word' id='word_1_744' title='bbox 845 4945 904 5017; x_wconf 85' lang='lat' dir='ltr'>Ego</span> <span class='ocrx_word' id='word_1_745' title='bbox 920 4943 982 4999; x_wconf 90' lang='lat' dir='ltr'>dico</span> <span class='ocrx_word' id='word_1_746' title='bbox 1031 4937 1189 4994; x_wconf 85' lang='lat' dir='ltr'>scandalum</span> <span class='ocrx_word' id='word_1_747' title='bbox 1203 4938 1288 5009; x_wconf 88' lang='lat' dir='ltr'>possit</span> <span class='ocrx_word' id='word_1_748' title='bbox 1303 4939 1378 4993; x_wconf 92' lang='lat' dir='ltr'>oriri.</span> <span class='ocrx_word' id='word_1_749' title='bbox 1398 4941 1459 4994; x_wconf 89' lang='lat' dir='ltr'>Post</span> <span class='ocrx_word' id='word_1_750' title='bbox 1472 4939 1533 4994; x_wconf 91' lang='lat' dir='ltr'>illas</span> <span class='ocrx_word' id='word_1_751' title='bbox 1548 4949 1636 4994; x_wconf 88' lang='lat' dir='ltr'>autem</span> <span class='ocrx_word' id='word_1_752' title='bbox 1652 4941 1769 5011; x_wconf 90' lang='lat' dir='ltr'>scriptas</span> <span class='ocrx_word' id='word_1_753' title='bbox 1787 4941 1834 4994; x_wconf 93' lang='lat' dir='ltr'>lit-</span> 
     </span>
     <span class='ocr_line' id='line_1_73' title="bbox 183 5027 1832 5106; baseline -0.004 -16"><span class='ocrx_word' id='word_1_754' title='bbox 183 5033 256 5106; x_wconf 91' lang='lat' dir='ltr'>quod</span> <span class='ocrx_word' id='word_1_755' title='bbox 270 5033 334 5086; x_wconf 82' lang='lat' dir='ltr'>milri</span> <span class='ocrx_word' id='word_1_756' title='bbox 357 5032 463 5087; x_wconf 84' lang='lat' dir='ltr'>videtur</span> <span class='ocrx_word' id='word_1_757' title='bbox 485 5036 621 5090; x_wconf 87' lang='lat' dir='ltr'>eharitatis</span> <span class='ocrx_word' id='word_1_758' title='bbox 645 5035 762 5102; x_wconf 82' lang='lat' dir='ltr'>allectu;</span> <span class='ocrx_word' id='word_1_759' title='bbox 777 5041 869 5089; x_wconf 80' lang='lat' dir='ltr'>vestra</span> <span class='ocrx_word' id='word_1_760' title='bbox 893 5042 982 5088; x_wconf 86' lang='lat' dir='ltr'>autem</span> <span class='ocrx_word' id='word_1_761' title='bbox 1032 5035 1113 5093; x_wconf 89' lang='lat' dir='ltr'>teras,</span> <span class='ocrx_word' id='word_1_762' title='bbox 1130 5027 1281 5081; x_wconf 89' lang='lat' dir='ltr'>nuntiatum</span> <span class='ocrx_word' id='word_1_763' title='bbox 1297 5035 1337 5081; x_wconf 86' lang='lat' dir='ltr'>est</span> <span class='ocrx_word' id='word_1_764' title='bbox 1352 5028 1426 5094; x_wconf 88' lang='lat' dir='ltr'>milri,</span> <span class='ocrx_word' id='word_1_765' title='bbox 1443 5029 1477 5083; x_wconf 92' lang='lat' dir='ltr'>de</span> <span class='ocrx_word' id='word_1_766' title='bbox 1491 5029 1561 5083; x_wconf 86' lang='lat' dir='ltr'>cella</span> <span class='ocrx_word' id='word_1_767' title='bbox 1583 5037 1687 5093; x_wconf 88' lang='lat' dir='ltr'>nostra,</span> <span class='ocrx_word' id='word_1_768' title='bbox 1706 5046 1766 5102; x_wconf 84' lang='lat' dir='ltr'>quae</span> <span class='ocrx_word' id='word_1_769' title='bbox 1782 5046 1832 5084; x_wconf 81' lang='lat' dir='ltr'>ro-</span> 
     </span>
     <span class='ocr_line' id='line_1_74' title="bbox 182 5116 1833 5196; baseline -0.004 -17"><span class='ocrx_word' id='word_1_770' title='bbox 182 5122 334 5195; x_wconf 87' lang='lat' dir='ltr'>prudentia,</span> <span class='ocrx_word' id='word_1_771' title='bbox 351 5128 376 5175; x_wconf 90' lang='lat' dir='ltr'>et</span> <span class='ocrx_word' id='word_1_772' title='bbox 392 5120 426 5174; x_wconf 92' lang='lat' dir='ltr'>ad</span> <span class='ocrx_word' id='word_1_773' title='bbox 446 5122 504 5176; x_wconf 84' lang='lat' dir='ltr'>ltaec</span> <span class='ocrx_word' id='word_1_774' title='bbox 519 5125 592 5177; x_wconf 90' lang='lat' dir='ltr'>etad</span> <span class='ocrx_word' id='word_1_775' title='bbox 615 5125 692 5196; x_wconf 90' lang='lat' dir='ltr'>plura</span> <span class='ocrx_word' id='word_1_776' title='bbox 715 5123 778 5190; x_wconf 90' lang='lat' dir='ltr'>alia,</span> <span class='ocrx_word' id='word_1_777' title='bbox 807 5123 864 5177; x_wconf 86' lang='lat' dir='ltr'>Deo</span> <span class='ocrx_word' id='word_1_778' title='bbox 879 5122 983 5194; x_wconf 88' lang='lat' dir='ltr'>gratias</span> <span class='ocrx_word' id='word_1_779' title='bbox 1032 5125 1110 5173; x_wconf 91' lang='lat' dir='ltr'>catur</span> <span class='ocrx_word' id='word_1_780' title='bbox 1137 5116 1335 5179; x_wconf 78' lang='lat' dir='ltr'>altumuillare,</span> <span class='ocrx_word' id='word_1_781' title='bbox 1369 5118 1535 5173; x_wconf 87' lang='lat' dir='ltr'>monachum</span> <span class='ocrx_word' id='word_1_782' title='bbox 1562 5127 1687 5172; x_wconf 88' lang='lat' dir='ltr'>nostrum</span> <span class='ocrx_word' id='word_1_783' title='bbox 1723 5119 1833 5173; x_wconf 88' lang='lat' dir='ltr'>nomine</span> 
     </span>
     <span class='ocr_line' id='line_1_75' title="bbox 183 5204 1837 5284; baseline -0.004 -18"><span class='ocrx_word' id='word_1_784' title='bbox 183 5212 249 5266; x_wconf 90' lang='lat' dir='ltr'>satis</span> <span class='ocrx_word' id='word_1_785' title='bbox 274 5208 397 5266; x_wconf 86' lang='lat' dir='ltr'>sufficiet.</span> <span class='ocrx_word' id='word_1_786' title='bbox 423 5210 488 5264; x_wconf 89' lang='lat' dir='ltr'>Peto</span> <span class='ocrx_word' id='word_1_787' title='bbox 512 5210 594 5265; x_wconf 86' lang='lat' dir='ltr'>etiarn</span> <span class='ocrx_word' id='word_1_788' title='bbox 609 5221 638 5267; x_wconf 92' lang='lat' dir='ltr'>ut</span> <span class='ocrx_word' id='word_1_789' title='bbox 661 5215 695 5268; x_wconf 92' lang='lat' dir='ltr'>ad</span> <span class='ocrx_word' id='word_1_790' title='bbox 710 5215 762 5269; x_wconf 91' lang='lat' dir='ltr'>hoc</span> <span class='ocrx_word' id='word_1_791' title='bbox 775 5213 847 5284; x_wconf 85' lang='lat' dir='ltr'>quod</span> <span class='ocrx_word' id='word_1_792' title='bbox 867 5212 983 5266; x_wconf 90' lang='lat' dir='ltr'>domnus</span> <span class='ocrx_word' id='word_1_793' title='bbox 1034 5205 1212 5260; x_wconf 88' lang='lat' dir='ltr'>Guutbertum</span> <span class='ocrx_word' id='word_1_794' title='bbox 1233 5204 1374 5276; x_wconf 81' lang='lat' dir='ltr'>aufugisse</span> <span class='ocrx_word' id='word_1_795' title='bbox 1390 5223 1451 5261; x_wconf 86' lang='lat' dir='ltr'>cum</span> <span class='ocrx_word' id='word_1_796' title='bbox 1470 5206 1556 5276; x_wconf 90' lang='lat' dir='ltr'>libris,</span> <span class='ocrx_word' id='word_1_797' title='bbox 1573 5217 1598 5262; x_wconf 92' lang='lat' dir='ltr'>et</span> <span class='ocrx_word' id='word_1_798' title='bbox 1613 5207 1792 5272; x_wconf 87' lang='lat' dir='ltr'>vestimentis,</span> <span class='ocrx_word' id='word_1_799' title='bbox 1809 5215 1837 5263; x_wconf 91' lang='lat' dir='ltr'>ct</span> 
     </span>
     <span class='ocr_line' id='line_1_76' title="bbox 183 5293 1833 5372; baseline -0.001 -17"><span class='ocrx_word' id='word_1_800' title='bbox 183 5299 350 5372; x_wconf 89' lang='lat' dir='ltr'>apostolicus</span> <span class='ocrx_word' id='word_1_801' title='bbox 365 5298 428 5353; x_wconf 81' lang='lat' dir='ltr'>mihi</span> <span class='ocrx_word' id='word_1_802' title='bbox 446 5298 552 5368; x_wconf 90' lang='lat' dir='ltr'>scripsit</span> <span class='ocrx_word' id='word_1_803' title='bbox 568 5300 601 5370; x_wconf 84' lang='lat' dir='ltr'>de</span> <span class='ocrx_word' id='word_1_804' title='bbox 626 5302 723 5357; x_wconf 90' lang='lat' dir='ltr'>duritia</span> <span class='ocrx_word' id='word_1_805' title='bbox 738 5301 898 5367; x_wconf 87' lang='lat' dir='ltr'>Pharaonis,</span> <span class='ocrx_word' id='word_1_806' title='bbox 916 5300 985 5355; x_wconf 86' lang='lat' dir='ltr'>sicut</span> <span class='ocrx_word' id='word_1_807' title='bbox 1033 5293 1156 5364; x_wconf 88' lang='lat' dir='ltr'>caballis,</span> <span class='ocrx_word' id='word_1_808' title='bbox 1172 5301 1198 5348; x_wconf 93' lang='lat' dir='ltr'>et</span> <span class='ocrx_word' id='word_1_809' title='bbox 1212 5293 1271 5349; x_wconf 90' lang='lat' dir='ltr'>aliis</span> <span class='ocrx_word' id='word_1_810' title='bbox 1286 5294 1367 5350; x_wconf 89' lang='lat' dir='ltr'>etiam</span> <span class='ocrx_word' id='word_1_811' title='bbox 1386 5312 1447 5368; x_wconf 75' lang='lat' dir='ltr'>qnae</span> <span class='ocrx_word' id='word_1_812' title='bbox 1469 5293 1552 5349; x_wconf 86' lang='lat' dir='ltr'>furari</span> <span class='ocrx_word' id='word_1_813' title='bbox 1575 5296 1671 5366; x_wconf 89' lang='lat' dir='ltr'>potuit.</span> <span class='ocrx_word' id='word_1_814' title='bbox 1690 5295 1743 5365; x_wconf 82' lang='lat' dir='ltr'>Qui</span> <span class='ocrx_word' id='word_1_815' title='bbox 1760 5313 1833 5368; x_wconf 76' lang='lat' dir='ltr'>sape</span> 
     </span>
     <span class='ocr_line' id='line_1_77' title="bbox 182 5383 1846 5461; baseline -0.002 -18"><span class='ocrx_word' id='word_1_816' title='bbox 182 5387 210 5443; x_wconf 90' lang='lat' dir='ltr'>in</span> <span class='ocrx_word' id='word_1_817' title='bbox 234 5389 346 5459; x_wconf 88' lang='lat' dir='ltr'>epistola</span> <span class='ocrx_word' id='word_1_818' title='bbox 368 5388 434 5444; x_wconf 90' lang='lat' dir='ltr'>mihi</span> <span class='ocrx_word' id='word_1_819' title='bbox 457 5387 541 5442; x_wconf 89' lang='lat' dir='ltr'>missa</span> <span class='ocrx_word' id='word_1_820' title='bbox 562 5388 661 5461; x_wconf 87' lang='lat' dir='ltr'>legitis,</span> <span class='ocrx_word' id='word_1_821' title='bbox 686 5391 710 5445; x_wconf 90' lang='lat' dir='ltr'>ei</span> <span class='ocrx_word' id='word_1_822' title='bbox 726 5408 758 5447; x_wconf 86' lang='lat' dir='ltr'>ex</span> <span class='ocrx_word' id='word_1_823' title='bbox 774 5392 869 5448; x_wconf 88' lang='lat' dir='ltr'>ordine</span> <span class='ocrx_word' id='word_1_824' title='bbox 885 5388 984 5447; x_wconf 85' lang='lat' dir='ltr'>Condi·</span> <span class='ocrx_word' id='word_1_825' title='bbox 1033 5399 1082 5455; x_wconf 91' lang='lat' dir='ltr'>pro</span> <span class='ocrx_word' id='word_1_826' title='bbox 1098 5383 1155 5438; x_wconf 89' lang='lat' dir='ltr'>suis</span> <span class='ocrx_word' id='word_1_827' title='bbox 1169 5384 1344 5457; x_wconf 88' lang='lat' dir='ltr'>negligentiis</span> <span class='ocrx_word' id='word_1_828' title='bbox 1367 5384 1530 5458; x_wconf 87' lang='lat' dir='ltr'>regulariter</span> <span class='ocrx_word' id='word_1_829' title='bbox 1554 5393 1696 5457; x_wconf 87' lang='lat' dir='ltr'>correptus</span> <span class='ocrx_word' id='word_1_830' title='bbox 1723 5384 1772 5440; x_wconf 88' lang='lat' dir='ltr'>luit</span> <span class='ocrx_word' id='word_1_831' title='bbox 1788 5404 1795 5440; x_wconf 91' lang='lat'>:</span> <span class='ocrx_word' id='word_1_832' title='bbox 1811 5392 1846 5440; x_wconf 73' lang='lat' dir='ltr'>et·</span> 
     </span>
     <span class='ocr_line' id='line_1_78' title="bbox 183 5471 1837 5550; baseline -0.001 -21"><span class='ocrx_word' id='word_1_833' title='bbox 183 5477 250 5534; x_wconf 82' lang='lat' dir='ltr'>eatis</span> <span class='ocrx_word' id='word_1_834' title='bbox 274 5492 357 5550; x_wconf 84' lang='lat' dir='ltr'>qnam</span> <span class='ocrx_word' id='word_1_835' title='bbox 385 5476 503 5548; x_wconf 80' lang='lat' dir='ltr'>benigne</span> <span class='ocrx_word' id='word_1_836' title='bbox 534 5477 644 5534; x_wconf 84' lang='lat' dir='ltr'>eosdem</span> <span class='ocrx_word' id='word_1_837' title='bbox 673 5476 768 5535; x_wconf 64' lang='lat' dir='ltr'>tratres</span> <span class='ocrx_word' id='word_1_838' title='bbox 796 5489 823 5536; x_wconf 68' lang='lat' dir='ltr'>ec</span> <span class='ocrx_word' id='word_1_839' title='bbox 850 5487 929 5537; x_wconf 68' lang='lat' dir='ltr'>antea</span> <span class='ocrx_word' id='word_1_840' title='bbox 958 5487 985 5535; x_wconf 75' lang='lat' dir='ltr'>et</span> <span class='ocrx_word' id='word_1_841' title='bbox 1034 5471 1096 5545; x_wconf 88' lang='lat' dir='ltr'>quia</span> <span class='ocrx_word' id='word_1_842' title='bbox 1112 5485 1184 5545; x_wconf 77' lang='lat' dir='ltr'>sape</span> <span class='ocrx_word' id='word_1_843' title='bbox 1198 5472 1379 5530; x_wconf 87' lang='lat' dir='ltr'>Gothescalco</span> <span class='ocrx_word' id='word_1_844' title='bbox 1394 5473 1486 5530; x_wconf 80' lang='lat' dir='ltr'>furtim</span> <span class='ocrx_word' id='word_1_845' title='bbox 1502 5490 1531 5530; x_wconf 89' lang='lat' dir='ltr'>se</span> <span class='ocrx_word' id='word_1_846' title='bbox 1547 5473 1734 5543; x_wconf 85' lang='lat' dir='ltr'>conjunxerat,</span> <span class='ocrx_word' id='word_1_847' title='bbox 1752 5473 1837 5530; x_wconf 73' lang='lat' dir='ltr'>ellit-</span> 
     </span>
    </p>
   </div>
   <div class='ocr_carea' id='block_1_13' title="bbox 0 0 1902 6101">
    <p class='ocr_par' dir='ltr' id='par_1_14' title="bbox 0 0 1902 6101">
     <span class='ocr_line' id='line_1_79' title="bbox 0 0 1902 6101; baseline 0 0"><span class='ocrx_word' id='word_1_848' title='bbox 0 0 1902 6101; x_wconf 95' lang='lat' dir='ltr'> </span> 
     </span>
    </p>
   </div>
  </div>
 </body>
</html>
