3794 6104
116 195 168 251 tat
594 191 766 251 HINGMARI
779 187 981 249 RHEMENSIS
994 190 1272 252 ARGHIEPISGOPI.
1590 250 1591 254 ,
1722 201 1774 256 {³6

116 324 167 385 ret,
182 315 257 387 jussa
272 317 377 388 synodo
389 333 538 391 suggerere
553 318 664 390 studuit,
688 319 825 376 communi
847 334 915 374 con-
930 313 1006 376 Alta
1020 328 1049 376 ut
1059 320 1222 395 Stephanus,
1238 329 1303 378 tunc
1327 321 1351 376 si
1376 335 1493 378 necesse
1506 319 1599 388 fuerit,
1626 321 1776 380 credulitas

117 421 200 463 sensu
214 414 316 462 sanetae
330 407 496 463 unanimitati
517 408 689 480 complacuit,
715 416 744 463 ut
768 423 800 464 ea
823 407 918 465 litteris
967 409 1067 465 rationi
1081 418 1107 465 et
1122 410 1275 467 auctoritati
1290 410 1458 468 conveniens
1480 419 1657 468 sacramento
1677 410 1777 469 exinde

118 495 331 566 commendaret,
347 504 373 552 et
396 497 534 568 sapientiae
549 497 752 565 vestrae,0sicut
773 505 836 553 tunc
857 495 919 554 fue·
969 497 1140 571 suscipiatur,
1156 499 1200 556 vel
1216 498 1481 572 perconvenientem
1496 516 1647 573 personam
1668 500 1750 557 satisf
1764 531 1776 544 -

119 592 182 641 runt
194 584 222 641 in
247 584 363 641 concilio
377 591 521 657 acceptata,
549 586 750 642 transmitteret.
767 587 802 641 Et
817 585 919 642 idcirco
969 586 1032 658 ctio,
1049 588 1072 642 si
1087 588 1124 643 ita
1138 588 1289 645 necessitas
1305 588 1397 662 exigit,
1411 588 1514 659 judicio
1534 596 1689 662 expetatur,
1714 590 1777 662 quia

118 689 173 730 non
201 674 279 747 quasi
307 673 493 731 nescientibus
514 676 572 731 haec
597 692 657 748 qnae
668 683 817 748 sequuntur
841 673 921 730 robis
969 692 1024 732 non
1038 692 1088 748 pro
1104 677 1179 744 dolo,
1194 693 1284 750 neque
1297 693 1348 749 pro
1364 678 1415 733 alia
1431 677 1550 750 qualibet
1563 678 1777 750 causa,Stepba-

120 763 349 834 necessaria,nec
369 771 399 818 ιιι
420 779 549 836 arrogans
577 764 761 820 auctoritatem
792 763 919 836 specialis
969 781 1020 821 nus
1044 782 1074 821 se
1097 781 1114 821 a
1135 767 1240 822 carnali
1254 766 1459 839 copulapuellae
1485 767 1565 836 hujus
1595 766 1772 836 subtraxerit,

122 852 252 919 scientiae,
270 853 314 909 vel
333 853 440 922 jactans
455 852 621 909 diffinitionis
642 852 794 922 audaciam,
819 851 868 909 sed
892 859 921 907 nt
969 854 1022 909 nisi
1042 869 1093 926 pro
1108 869 1142 910 ea
1157 871 1238 927 quam
1255 855 1313 928 ipse
1338 856 1444 927 synodo
1468 855 1625 913 indicarit:
1645 855 1775 914 videlicet

116 941 249 999 Ecclesiae
264 956 297 998 ac
311 950 401 998 vester
415 941 536 997 omnium
565 941 692 998 uidelicet
712 957 852 999 servorum
867 940 919 997 do·
971 943 1033 1015 quia
1051 960 1114 1000 cum
1133 943 1231 1015 puellae
1246 944 1299 999 sibi
1318 945 1491 1016 desponsatae
1512 944 1733 1018 consanguinea,
1749 954 1775 1002 et

118 1030 187 1086 mini
200 1046 305 1096 servus,
321 1038 348 1086 et
361 1030 449 1101 plebis
459 1030 603 1087 dominicae
614 1028 740 1095 famulus,
767 1045 921 1102 quanquam
971 1032 1232 1106 carniacognatione
1246 1033 1408 1106 propinqua,
1416 1033 1566 1090 carnaliter
1580 1033 1773 1091 concubuerit

119 1135 174 1177 non
189 1127 218 1175 ut
233 1119 324 1185 debui,
344 1126 435 1175 tamen
455 1127 484 1174 ut
497 1119 583 1191 potui,
602 1119 754 1175 devotionis
768 1118 922 1174 obedientia
1006 1123 1064 1178 Hoc
1078 1122 1150 1177 onim
1165 1130 1276 1178 sanctus
1291 1123 1345 1178 Leo
1367 1137 1449 1194 papa,
1466 1131 1493 1179 et
1515 1123 1609 1178 beatus
1624 1123 1774 1197 Gregorius

119 1206 259 1289 colligere,
276 1215 302 1264 et
327 1208 442 1264 collecta
456 1208 534 1264 robis
564 1207 745 1264 transmittere
758 1207 920 1279 procuravi.
970 1210 999 1265 in
1011 1227 1041 1265 re
1056 1210 1169 1265 dubias
1197 1210 1368 1282 presbytero,
1389 1211 1462 1266 vela
1487 1211 1609 1284 quolibet
1637 1218 1695 1267 tarn
1719 1212 1773 1268 rirc

118 1296 262 1370 inquibus
290 1296 356 1352 nibil
386 1297 420 1353 de
434 1296 506 1353 civili
531 1296 644 1366 judicio,
673 1297 750 1366 cujus
764 1297 922 1370 cognitores
973 1315 1055 1371 quam
1069 1299 1177 1366 femina,
1194 1299 1279 1354 nobili
1294 1298 1338 1356 vel
1368 1298 1490 1372 ignobili,
1507 1316 1558 1372 per
1573 1307 1773 1356 sacramentum

118 1402 174 1443 non
188 1386 320 1443 debemus
337 1401 397 1442 esse
408 1385 539 1457 episcopi,
555 1402 666 1457 ponere,
692 1386 740 1442 sed
754 1402 816 1459 quae
830 1384 922 1442 eccle·
972 1387 1033 1444 fieri
1047 1388 1191 1444 nranifeste
1206 1388 1366 1455 decernunt,
1388 1388 1458 1444 sicut
1472 1389 1518 1460 qui
1541 1372 1637 1461 leg'ere
1660 1388 1774 1446 uoluerit

120 1475 238 1531 siasticae
262 1473 411 1531 definitioni
438 1483 587 1530 noscuntur
606 1483 772 1546 competere,
795 1482 923 1547 quantum
972 1476 1095 1533 invenire
1111 1475 1210 1533 valebit
1224 1495 1231 1543 ;
1244 1477 1315 1532 inter
1328 1486 1427 1533 caetera
1441 1477 1549 1533 dicente
1566 1477 1646 1535 beato
1664 1478 1772 1547 juniore

120 1564 239 1620 occurrit
252 1563 399 1629 memoriae,
417 1563 535 1619 breviter
559 1564 649 1619 studui
675 1564 813 1620 adnotare.
841 1562 923 1618 Ordi-
974 1565 1118 1642 Gregorio,
1133 1565 1161 1619 in
1184 1564 1299 1636 epistola
1322 1582 1372 1637 ρει
1395 1566 1566 1622 Denualdum
1580 1567 1773 1638 presbyterum

121 1669 185 1709 nem
197 1652 292 1723 judicii
307 1652 341 1708 de
354 1652 476 1707 noudum
491 1659 587 1724 sponte
601 1651 745 1720 confessis,
761 1651 805 1708 vel
830 1659 921 1723 aperte
936 1655 1075 1737 Bdirecta
1089 1653 1124 1709 ad
1139 1653 1314 1720 bonifacium,
1330 1653 1519 1726 hfoguntinum
1542 1655 1703 1727 episcopum
1723 1673 1730 1709 :
1745 1655 1773 1712 In

125 1742 268 1809 convictis,
281 1740 409 1813 quoniam
424 1741 503 1797 ahter
518 1758 608 1809 nemo,
625 1748 654 1795 ut
668 1741 805 1812 leopapa
820 1741 921 1796 decer·
974 1758 1067 1809 causa,
1092 1742 1227 1813 inquiens,
1256 1742 1284 1797 in
1311 1758 1364 1815 qua
1389 1743 1457 1799 certi
1481 1759 1536 1799 non
1560 1742 1660 1799 fuerint
1680 1751 1771 1812 testes,

120 1831 169 1903 nit,
185 1838 275 1903 potest
288 1830 450 1902 regulariter
459 1830 585 1899 judicari,
610 1838 721 1886 sanctus
736 1829 884 1901 Gregorius
894 1829 921 1885 in
972 1831 1017 1904 qui
1032 1830 1152 1887 criminis
1166 1829 1233 1885 illati
1246 1830 1395 1902 approbent
1411 1830 1560 1898 veritatem,
1582 1831 1773 1901 jusjurandum

121 1920 327 1976 commonitorio
345 1919 379 1975 ad
397 1920 530 1975 loannem
556 1918 729 1976 defensorem
754 1919 921 1975 demonstrat
972 1921 1022 1977 erit
1035 1920 1063 1975 in
1073 1919 1174 1985 medio,
1191 1927 1217 1975 et
1231 1919 1308 1975 illum
1322 1926 1421 1975 testem
1435 1919 1558 1991 proferat
1580 1930 1725 1978 accusatus
1740 1921 1773 1980 de

121 2008 215 2066 dicens
232 2009 372 2063 :Primum
388 2017 416 2063 ιιι
426 2007 557 2078 judicium
572 2007 763 2064 ordinabiliter
777 2007 834 2074 fiat,
851 2022 921 2079 qua-
971 2009 1132 2065 innocentiae
1147 1996 1202 2063 suae
1229 2009 1356 2080 puritate,
1381 2009 1425 2065 cui
1446 2009 1520 2064 nuda
1548 2017 1574 2065 ει
1598 2017 1693 2081 aperta
1712 2017 1773 2067 sunt

52 2128 61 2142 κ
119 2105 198 2154 tenus
213 2098 267 2152 sint
282 2097 326 2152 alii
340 2106 520 2164 accusatores,
538 2107 564 2152 et
578 2097 624 2152 alii
652 2104 736 2153 testes
756 2115 763 2150 ι
781 2096 879 2152 deiude
893 2103 923 2150 ut
973 2098 1072 2168 omnia,
1089 2097 1239 2169 habeatque
1273 2097 1446 2153 conscientiae
1473 2115 1530 2154 suar
1557 2104 1666 2170 testem,
1696 2114 1774 2172 quern

122 2202 264 2244 causarum
279 2186 407 2258 qualitas,
424 2186 447 2240 si
469 2185 552 2257 digna
567 2185 663 2241 exsilio
687 2185 730 2241 vel
753 2184 921 2242 condemna·
972 2187 1079 2243 habebit
1095 2195 1121 2243 et
1131 2186 1260 2256 judicem.
1278 2185 1345 2254 Quae
1369 2187 1529 2243 sacramenti
1549 2187 1685 2260 purgatio,
1702 2196 1728 2244 et
1747 2187 1773 2243 in

120 2277 194 2333 tione
209 2277 254 2342 sit,
270 2275 425 2347 exploretur
441 2292 447 2329 ι
465 2283 491 2329 ει
505 2282 640 2346 praesente
655 2290 688 2329 eo
707 2274 753 2345 qni
767 2281 919 2342 accusatur,
972 2275 1172 2343 ecclesiasticis,
1188 2284 1214 2331 et
1228 2274 1255 2330 in
1276 2276 1375 2331 exteris
1402 2275 1509 2348 legibus
1535 2276 1721 2347 usitatissima,
1749 2283 1775 2333 ει
1802 2342 1806 2347 .

121 2366 173 2421 sub
182 2364 358 2435 jurejurando
373 2371 469 2419 contra
484 2379 545 2418 eurn
556 2362 739 2418 testimonium
752 2361 919 2434 proferatur,
972 2365 1006 2420 de
1019 2362 1082 2419 fidei
1096 2364 1207 2421 veritate
1222 2363 1301 2419 etiarn
1317 2381 1333 2419 a
1350 2365 1444 2435 primis
1469 2365 1575 2421 saeculis
1590 2381 1653 2421 esse
1670 2374 1773 2422 constat

124 2461 151 2511 ει
164 2452 275 2525 scriptis
289 2458 399 2508 actuum
410 2451 547 2507 inseratur
562 2470 569 2506 :
585 2458 617 2506 ει
627 2458 770 2507 accusatus
781 2450 922 2506 licentiam
972 2460 1072 2508 exorta.
1096 2452 1229 2508 iudicium
1252 2461 1350 2523 autem,
1380 2453 1488 2509 nonnisi
1509 2470 1558 2525 pro
1581 2454 1656 2525 pacis
1684 2454 1771 2511 chari·

25 2531 32 2540 ’
121 2541 307 2615 respondendi
317 2548 344 2598 et
359 2539 524 2597 defendendi
539 2556 569 2596 se
584 2540 694 2596 babeat.
703 2539 757 2595 Sed
772 2547 799 2594 et
814 2540 848 2595 de
863 2555 923 2611 per·
971 2542 1085 2614 latisque
1107 2542 1261 2608 concordia,
1287 2542 1355 2598 inter
1369 2541 1521 2615 coequales
1542 2541 1600 2599 lieri
1622 2542 1692 2600 solet
1715 2562 1723 2613 ;
1746 2541 1775 2599 fit

121 2631 195 2688 sonis
225 2630 412 2688 accusantium
444 2637 471 2685 et
492 2628 693 2686 testificantium
726 2627 859 2684 subtiliter
881 2637 923 2685 est
971 2639 1061 2685 autem
1076 2647 1091 2684 a
1107 2631 1234 2701 subjectis
1248 2631 1282 2686 ad
1297 2630 1508 2689 satisfactionem
1532 2632 1674 2703 majorum,
1700 2632 1772 2706 quod

120 2722 305 2795 querendum,
335 2720 412 2789 cuius
438 2719 612 2785 conditionis,
640 2717 750 2788 cujusve
775 2717 921 2789 opinionis,
970 2718 998 2775 in
1014 2720 1064 2775 hac
1078 2736 1158 2776 causa
1174 2720 1226 2774 nisi
1245 2737 1278 2774 ex
1293 2720 1391 2791 placito
1408 2720 1462 2790 fiat,
1487 2736 1541 2777 non
1566 2728 1655 2791 potest
1671 2737 1704 2776 ex
1723 2738 1773 2777 an·

120 2817 165 2867 aut
179 2825 213 2866 ne
232 2810 328 2881 inopes
344 2810 405 2875 sint,
422 2816 467 2864 aut
481 2824 516 2864 ne
530 2808 600 2863 forte
616 2808 722 2879 aliquas
737 2815 830 2863 contra
846 2821 924 2863 accu·
971 2809 1091 2864 ctoritate
1107 2808 1217 2881 requiri.
1235 2809 1304 2865 Hinc
1317 2817 1405 2866 autem
1432 2809 1540 2882 cognita
1558 2810 1680 2880 ueritate,
1703 2826 1773 2882 quo-

120 2907 212 2955 satum
225 2897 380 2954 inimicitias
395 2896 513 2952 habeant
529 2914 535 2950 ι
553 2902 679 2951 etutrum
694 2895 879 2951 testimonium
889 2911 923 2951 ax
971 2897 1044 2951 niam
1060 2897 1214 2953 dictumest
1228 2896 1428 2971 nobis‚requiri
1444 2914 1459 2951 a
1474 2896 1621 2969 Stephano,
1647 2907 1677 2953 ιιι
1691 2897 1775 2955 temi-

121 2986 213 3042 auditu
228 2986 355 3052 dixerint,
371 2992 500 3041 autoerte
525 2984 682 3056 specialiter
696 3000 726 3040 se
741 2984 810 3041 scire
831 2983 921 3039 testati
972 3001 1034 3040 nam
1049 2985 1174 3058 designet
1196 3002 1229 3041 ex
1243 2986 1362 3057 nomine,
1389 2994 1415 3042 et
1438 2994 1537 3043 certam
1564 2986 1773 3060 propinquitatis

119 3076 172 3132 siut
193 3093 200 3131 ε
218 3083 245 3131 ει
269 3082 298 3131 ιιι
321 3074 427 3145 scriptis
448 3073 569 3143 judicata
593 3073 714 3144 partibus
742 3034 957 3144 praesentibusC
972 3073 1125 3129 affinitatem
1149 3075 1323 3144 demonstret,
1353 3091 1403 3145 pro
1429 3075 1504 3144 cujus
1532 3075 1678 3132 concubitu
1709 3076 1773 3133 huic

119 3166 255 3221 sententia
279 3163 414 3232 recitetur,
438 3169 465 3217 et
487 3161 527 3217 sic
542 3162 632 3217 omnia
654 3161 812 3217 solemniter
835 3162 921 3218 robo—
971 3163 1068 3235 puellae
1084 3180 1113 3219 se
1128 3178 1183 3220 non
1199 3163 1270 3218 valet
1284 3162 1424 3220 salubriter
1446 3164 1547 3220 carnali
1573 3163 1670 3237 copula
1692 3179 1773 3221 ccm-

120 3260 223 3310 rentur.
240 3254 280 3308 De
295 3250 437 3306 manifesta
452 3258 553 3330 antem,
571 3258 596 3306 ει
610 3257 672 3305 nota
687 3250 813 3322 plurimis
827 3264 919 3317 causa,
971 3252 1087 3308 miscere
1103 3270 1109 3305 :
1127 3251 1189 3323 quia
1212 3261 1304 3307 contra
1325 3253 1457 3309 rationem
1480 3253 1707 3309 etauctoritatem
1729 3269 1773 3310 ec·

118 3342 163 3400 vel
177 3338 451 3414 quaeitaconfitetur,
475 3346 504 3395 ut
517 3340 579 3406 ista,
597 3339 620 3394 si
639 3346 729 3396 tamen
744 3339 781 3395 ita
796 3347 822 3394 ει
829 3338 921 3410 puella
971 3340 1159 3409 clesiasticam,
1183 3349 1209 3396 et
1229 3341 1388 3397 Christiane
1413 3341 1565 3398 devotionis
1597 3357 1713 3410 morem,
1739 3342 1771 3398 ab

119 3431 217 3488 dixerit
241 3438 269 3485 ut
297 3429 451 3501 Stephanus
474 3427 625 3500 profitetur,
655 3429 720 3501 quia
743 3443 816 3499 saepe
852 3426 922 3483 inter
971 3446 1004 3486 eo
1020 3430 1156 3503 quaeritur,
1182 3429 1205 3484 si
1224 3429 1293 3486 forte
1316 3430 1351 3485 ab
1373 3446 1406 3486 eo
1427 3429 1564 3502 quaeritur,
1590 3447 1650 3502 quer
1675 3431 1772 3487 exhor

117 3519 257 3579 masculos
270 3519 394 3574 audimus
410 3525 436 3574 et
449 3517 573 3587 feminas,
591 3518 654 3591 quia
669 3517 740 3589 quod
755 3517 823 3574 alter
845 3515 919 3583 dicit,
970 3519 1118 3590 apostolica
1145 3518 1265 3575 decrerit
1296 3519 1449 3586 auctoritas,
1484 3529 1510 3574 et
1533 3518 1665 3575 catholica
1700 3526 1772 3577 tenet

118 3609 188 3666 altar
198 3608 510 3681 saepenumerodenegat
523 3623 593 3663 :uon
604 3614 666 3661 sunt
675 3605 816 3678 quaerendi
826 3613 919 3672 testes,
970 3608 1103 3675 Ecclesia,
1118 3607 1161 3663 hic
1171 3623 1273 3678 ponere
1282 3607 1395 3679 dignum
1409 3607 1552 3663 duximus:
1566 3608 1621 3664 Leo
1637 3607 1772 3666 universis

117 3706 146 3755 ιιι
161 3706 269 3756 sanctus
284 3695 445 3752 Ambrosius
461 3695 488 3750 in
504 3695 648 3767 epistolam
663 3695 697 3750 ad
713 3694 866 3751 Corinthios
880 3693 921 3749 di·
972 3696 1106 3768 episeopis
1135 3713 1185 3768 per
1205 3696 1387 3768 Campaniam,
1419 3696 1558 3761 Samnium
1582 3705 1608 3753 et
1629 3696 1769 3765 Picenum,

119 3788 165 3855 cit,
178 3785 381 3845 defornicatore
404 3800 544 3856 exponens
562 3784 724 3840 sententiam
737 3783 852 3854 apostoli
864 3783 923 3837 :Ju·
971 3792 1051 3856 atque
1064 3784 1205 3840 universas
1218 3785 1371 3855 provincias
1387 3785 1510 3842 salutem.
1533 3787 1632 3857 lingna
1647 3785 1773 3859 indigna-

119 3876 197 3944 dicis,
213 3875 311 3949 inquit,
327 3889 383 3930 non
397 3880 448 3942 est,
459 3874 518 3929 sine
533 3881 689 3930 accusatore
704 3874 842 3938 damnare,
858 3870 921 3943 quia
971 3874 1044 3930 tione
1059 3889 1241 3940 commoveor,
1257 3881 1283 3929 et
1296 3874 1389 3930 dolare
1412 3874 1496 3929 multo
1522 3874 1676 3943 contristor,
1699 3874 1772 3948 quod

120 3973 148 4022 et
162 3964 294 4022 Dominus
317 3964 427 4032 Judam,
444 3977 506 4020 cum
521 3961 565 4018 fur
580 3961 726 4033 esset‚quia
741 3976 796 4015 non
811 3967 852 4015 est
874 3973 921 4016 ac·
971 3963 1102 4034 quosdam
1127 3979 1158 4020 ex
1184 3963 1261 4020 vobis
1290 3962 1418 4035 comperi,
1442 3963 1598 4033 apostolicae
1620 3964 1773 4021 traditionis

119 4061 240 4121 cusatns,
256 4052 368 4109 minime
384 4051 493 4121 abjecit,
520 4051 631 4122 cognito
646 4065 728 4122 opere
747 4048 799 4104 isto
812 4046 921 4120 pellea·
971 4051 1079 4120 oblitos,
1105 4059 1132 4108 et
1149 4051 1238 4107 studio
1261 4052 1302 4107 sui
1325 4052 1424 4107 erroris
1443 4052 1570 4110 intentos.
1594 4053 1630 4108 Et
1644 4061 1707 4124 post
1722 4053 1773 4110 ali-

121 4143 186 4201 dum
201 4143 277 4198 illum
292 4141 378 4197 fuisse
393 4141 428 4197 dc
442 4148 515 4198 coetu
536 4138 721 4206 fraternitatis,
738 4153 834 4193 omnes
849 4135 922 4192 enim
971 4142 1070 4207 quanta
1087 4154 1094 4190 ε
1110 4137 1150 4191 De
1164 4135 1321 4207 paenitentia
1336 4135 1447 4202 scilicet,
1480 4153 1541 4208 quae
1554 4153 1569 4191 a
1584 4134 1711 4194 fidelibus
1724 4153 1773 4210 po·

119 4232 223 4290 crimen
252 4231 310 4301 ejus
336 4229 467 4298 sciebant,
498 4236 525 4284 et
544 4243 599 4284 non
628 4227 792 4300 arguebant.
811 4223 922 4282 Publice
971 4224 1092 4295 stulatur,
1110 4241 1144 4280 ne
1158 4224 1549 4296 desingulorumpeccatorum
1564 4241 1666 4299 genere
1683 4225 1773 4283 libello

120 4321 193 4379 enim
207 4336 354 4378 novercam
369 4334 447 4375 suam
461 4317 522 4374 loco
550 4315 643 4372 uxoris
666 4315 785 4371 habebat
801 4333 808 4381 ;
824 4313 852 4368 in
867 4328 921 4386 qua
972 4312 1072 4384 scripta
1094 4312 1231 4384 professio
1252 4313 1412 4385 publicetur,
1433 4329 1496 4370 cum
1515 4322 1603 4370 reatus
1627 4315 1773 4372 conscien-

117 4427 149 4469 ιε
173 4427 262 4484 neque
276 4409 390 4466 testibus
405 4422 473 4479 opus
502 4413 569 4474 erat,
585 4421 673 4478 neque
697 4401 919 4475 tergiversatione
933 4394 960 4456 D
975 4400 1074 4457 tiaram
1088 4401 1200 4459 sufficiat
1228 4402 1293 4458 solis
1320 4403 1504 4458 sacerdotibus
1531 4403 1647 4459 indicari
1665 4401 1774 4461 confes-

118 4499 208 4574 aliqua
221 4507 329 4573 poterat
343 4497 401 4571 tegi
423 4495 535 4552 crimen.
564 4496 597 4549 Et
619 4493 775 4565 paulopost
791 4509 798 4545 :
814 4491 922 4548 absens
973 4491 1049 4546 sione
1063 4499 1178 4548 secreta.
1188 4489 1319 4560 Quamuis
1335 4491 1408 4546 enim
1420 4491 1559 4563 plenitudo
1576 4491 1640 4548 fidei
1650 4492 1775 4550 videatur

117 4588 198 4659 facie,
213 4604 334 4660 presens
358 4592 448 4642 autem
464 4583 620 4639 auctoritate
649 4580 775 4653 Spiritus,
792 4579 838 4652 qui
853 4595 921 4634 nus·
972 4596 1034 4637 esse
1048 4581 1199 4651 laudabilis,
1227 4597 1288 4652 quae
1302 4590 1414 4652 propter
1428 4581 1479 4636 Dei
1494 4580 1619 4638 timorem
1632 4582 1705 4653 apud
1728 4583 1775 4642 ho.

120 4692 201 4749 quam
224 4677 312 4744 abest,
325 4676 382 4746 jam
393 4671 513 4744 iudicavi
528 4677 556 4727 nt
578 4686 700 4742 praesens
721 4685 784 4725 eum
810 4667 855 4741 qui
870 4668 922 4725 hoc
971 4669 1059 4726 mines
1084 4671 1245 4726 erubescere
1269 4685 1324 4726 non
1346 4677 1455 4725 veretur
1479 4686 1485 4726 :
1509 4676 1609 4737 tarnen,
1634 4669 1775 4742 quianon

120 4763 239 4820 admisit.
256 4763 427 4836 Quapropter
455 4776 569 4818 necesse
583 4767 626 4815 est
639 4765 668 4814 ut
683 4755 923 4829 Stephanuspncl-
971 4754 1091 4810 omnium
1105 4753 1260 4823 huiusmodi
1271 4761 1333 4809 sunt
1346 4761 1465 4824 peecata,
1481 4761 1510 4808 ut
1528 4770 1560 4809 ea
1574 4753 1620 4826 qui
1634 4753 1774 4826 poeniten-

120 4849 177 4906 lam
190 4851 306 4908 adducat
329 4854 364 4907 ad
379 4852 523 4925 synodum,
549 4858 575 4905 et
603 4855 680 4920 pater
708 4845 796 4918 ipsius
823 4844 922 4918 puellae
972 4843 1038 4898 tiam
1066 4850 1182 4914 poscunt
1205 4858 1259 4897 non
1282 4841 1394 4898 timeant
1426 4842 1573 4914 publicare,
1599 4851 1775 4900 removeatur

120 4938 221 5007 veniat,
241 4947 270 4994 et
291 4939 474 5013 interrogetur
494 4938 593 5012 puella,
617 4937 756 5007 sinerum
783 4941 825 4990 est
848 4934 921 5008 quod
971 4930 1157 5004 improbabilis
1173 4931 1351 5001 consuetudo,
1368 4947 1403 4987 ne
1424 4930 1501 4987 multi
1516 4947 1532 4986 a
1546 4930 1713 5004 poeniteutiae
1727 4948 1774 4989 re·

121 5028 277 5101 Stephanus
301 5028 375 5098 dicit,
403 5046 432 5086 se
452 5030 525 5086 illam
554 5028 685 5085 hactenus
701 5038 827 5081 servasse
853 5022 922 5079 inta-
971 5020 1067 5077 mediis
1085 5027 1235 5088 arceantur,
1246 5020 1309 5074 dum
1319 5027 1365 5075 aut
1394 5020 1567 5086 erubescunt,
1584 5027 1632 5076 aut
1649 5024 1774 5077 metuunt

121 5125 201 5177 ctam.
220 5117 256 5173 Et
270 5115 397 5189 quoniam
412 5117 446 5172 de
458 5118 542 5174 altera
560 5116 661 5173 femina
674 5113 837 5178 audivimus,
861 5110 922 5183 quia
971 5108 1089 5165 inimicis
1102 5108 1158 5164 suis
1169 5125 1216 5164 sua
1230 5108 1300 5165 faeta
1324 5109 1449 5176 reserari,
1479 5109 1576 5181 quibus
1595 5109 1702 5181 possint
1730 5108 1773 5165 le·

120 5208 215 5265 rolens
229 5205 340 5263 liberari
355 5220 372 5262 a
386 5205 511 5276 conjuge,
536 5221 669 5277 persuasa
692 5218 775 5275 snper
787 5217 817 5258 se
831 5200 923 5274 aliqua
970 5196 1038 5272 'gum
1052 5197 1242 5254 constitutione
1257 5197 1377 5271 percelli.
1394 5197 1498 5254 Sufficit
1511 5197 1583 5253 enim
1599 5197 1645 5253 illa
1660 5197 1774 5255 confes·

120 5314 181 5370 quae
195 5313 249 5354 nou
264 5302 350 5363 erant,
365 5301 395 5350 ut
408 5292 503 5358 fertur,
523 5295 581 5362 jam
597 5292 718 5351 dixerit:
746 5290 837 5349 debita
847 5289 873 5346 ei
887 5289 920 5344 li·
972 5289 1023 5356 sio,
1039 5304 1100 5361 quae
1109 5287 1225 5360 primum
1240 5288 1298 5344 Deo
1311 5285 1431 5356 offertur,
1442 5293 1507 5343 tunc
1522 5287 1603 5343 ctiam
1622 5286 1770 5358 sacerdoti,

119 5385 215 5443 bertas
230 5386 374 5454 tribuatur,
398 5390 426 5440 ct
444 5380 593 5454 periculum
622 5381 766 5447 indicetur,
800 5396 835 5436 ue
855 5395 922 5451 per·
973 5377 1019 5451 qui
1044 5393 1093 5449 pro
1130 5375 1238 5432 delictis
1266 5375 1454 5449 poenitentium
1492 5383 1619 5449 peccator
1654 5377 1769 5434 accedit.

118 5490 204 5554 suasa
220 5491 271 5550 pro
285 5475 396 5536 veritate
409 5470 583 5530 mendacium
597 5469 722 5530 fateatur.
737 5469 810 5530 Etsi
824 5467 924 5527 dixerit
972 5466 1048 5525 Tunc
1063 5466 1135 5524 enim
1149 5465 1242 5539 pluras
1260 5466 1294 5522 ad
1308 5464 1495 5539 poenitantiam
1508 5471 1656 5538 potuerunt
1670 5480 1770 5539 proro-
