3794 6104
121 189 168 245 ili

362 312 532 368 Ertsroba
548 314 676 369 xxxttt.

120 416 150 453 ab
160 415 311 455 artscoros
327 416 485 456 nttassusts
501 417 639 457 btoecasffi
656 419 691 458 ΕΤ
708 419 801 458 OMNES
821 420 926 460 BCCLE·

323 504 375 542 sna
388 504 527 543 aucronas
543 505 578 543 nr
592 506 718 545 urbanas.

152 577 291 632 itdnersos
301 576 453 645 Odocrnm,
466 581 547 649 cujus
556 581 886 637 excommunicationem

448 667 586 734 notificat.

316 771 363 825 (Er
377 771 430 815 Act.
449 780 517 826 prov.
534 771 600 816 Ecel.
615 771 715 826 hirom.)

154 861 319 914 llrscuanus
334 860 479 930 episcopus
494 874 526 915 ae
542 860 630 930 plebis
653 861 702 915 Dei
719 862 845 928 samnius,
858 879 918 919 eum

121 947 232 1019 collegis
247 948 348 1002 nostris
360 948 561 1003 venerabilibus
571 949 724 1005 diaeceseos
751 951 917 1007 llhemorum

121 1037 264 1107 episcopis,
277 1036 404 1090 omnibus
416 1037 545 1092 Ecclesiae
556 1046 658 1093 sanctae
670 1038 822 1094 rectoribus
836 1048 918 1112 atque

120 1123 254 1192 fidelibus,
271 1126 305 1178 ad
320 1140 437 1196 qnorum
451 1125 571 1181 notitiam
592 1127 651 1183 haee
675 1129 816 1199 sequentia
837 1138 917 1199 pote-

119 1222 175 1267 runt
190 1212 353 1283 pervenire:
372 1221 399 1266 ut
415 1214 532 1268 scientes
549 1214 686 1286 aquibus,
704 1224 730 1269 et
747 1216 872 1287 qualiter,
884 1233 917 1273 ac

119 1301 251 1372 quotiens,
270 1309 296 1355 et
311 1317 359 1371 pro
371 1302 468 1372 quibus
484 1303 642 1358 excessibus
658 1302 783 1359 Odacrus
807 1305 917 1360 invasor

118 1384 247 1439 Ecclesia
253 1383 438 1450 BelvacensiS,
447 1383 733 1457 suffraganoaenoslrre
748 1388 914 1458 metropolis,

119 1472 150 1527 sit
163 1472 424 1538 excommunicatus,
436 1473 470 1526 ab
487 1474 545 1541 ejns
556 1475 712 1544 perniciosa
726 1477 915 1531 commuuione

889 189 1076 246 ttrtsrotta.

929 317 957 377 Α
972 313 1077 370 tuturus
1088 315 1243 387 episcopus,
1261 315 1307 389 qni
1319 317 1401 372 sacris
1417 319 1567 374 canonibus
1597 335 1652 375 non
1679 319 1771 376 valeat

1721 196 1774 251 ato
1815 264 1823 272 .

974 413 1092 481 obviare,
1105 420 1130 467 et
1145 429 1206 468 enm
1221 414 1333 469 decreto
1360 416 1531 488 singulorum
1545 417 1668 472 manibus
1683 418 1770 472 robo-

974 510 1031 555 rato
1060 501 1094 555 ad
1123 502 1360 572 metropolitanum
1389 511 1415 558 et
1442 512 1557 560 caeteros
1589 505 1771 575 provinciales

973 589 1126 658 episcopos,
1139 591 1197 660 ipso
1208 590 1390 645 interventore
1399 593 1544 661 mediante,
1556 595 1719 664 perducatur
1737 595 1773 650 ad

971 677 1180 744 ordinationem,
1196 688 1222 732 et
1244 678 1282 734 sic
1313 681 1448 734 communi
1480 689 1639 737 cunctorum
1662 683 1772 740 decreto

971 764 1133 831 rationabili,
1163 775 1190 820 et
1217 767 1367 821 secundum
1395 768 1521 838 regulam
1553 770 1769 826 eeclesiasticam

969 854 1155 923 comprobato,
1173 856 1323 910 seeundum
1334 864 1461 926 quartum
1486 865 1512 911 et
1529 864 1634 912 sextum
1657 859 1765 928 capitu-

969 942 1154 1012 lnmmysticae
1170 943 1265 1013 synodi
1295 944 1422 1010 Nieaenae,
1451 954 1478 1000 et
1498 947 1576 1013 juxta
1610 946 1771 1002 vicesimum

969 1038 1093 1101 mtartum
1109 1030 1253 1101 capitulum
1287 1032 1447 1087 antiocheni
1479 1034 1594 1089 concilia
1615 1035 1767 1101 ordinetur,

968 1119 1037 1173 sicut
1052 1127 1078 1172 et
1092 1127 1202 1173 sanctus
1213 1119 1364 1192 Gregorius
1388 1121 1522 1176 multoties
1537 1122 1563 1176 in
1580 1130 1687 1194 regesto
1717 1139 1767 1178 suo

968 1207 1100 1261 decernit.
1117 1206 1193 1275 Quos
1207 1224 1301 1262 sacros
1316 1223 1434 1263 canones
1446 1208 1578 1274 odacrus,
1595 1211 1705 1266 invasor
1719 1228 1767 1282 per

968 1302 1074 1349 exteras
1084 1303 1232 1365 potestates
1243 1296 1359 1351 viduatae
1370 1297 1540 1351 Belvaeensis
1551 1299 1683 1363 ecclesia,
1700 1315 1766 1354 con-

967 1391 1090 1438 temnens
1104 1392 1185 1455 atque
1200 1384 1362 1440 conculcans
1377 1400 1426 1455 pro
1445 1386 1529 1440 nihilo
1557 1386 1641 1452 duxit,
1670 1396 1696 1441 et
1708 1388 1765 1455 jam

965 1471 1026 1542 plus
1052 1487 1133 1542 quom
1159 1487 1260 1526 annum
1289 1489 1442 1543 usurpans,
1474 1490 1521 1528 sua
1550 1475 1689 1545 tyrannica
1720 1476 1766 1531 de·

119 1577 145 1615 se
160 1569 286 1628 caveant,
301 1576 346 1623 ne,
365 1567 393 1614 ut
416 1561 545 1632 scriptum
576 1571 626 1631 est,
655 1563 744 1634 picem
773 1573 915 1636 tangentes
966 1560 1113 1614 vostatione
1141 1561 1312 1631 captivatam,
1343 1570 1438 1617 contra
1491 1578 1619 1635 magnum
1648 1563 1765 1618 Chalce-

118 1648 292 1720 inqninentnr
307 1648 342 1702 ab
357 1664 397 1711 ea,
415 1656 440 1702 et
454 1649 514 1702 ovis
529 1650 662 1718 morbida,
676 1651 728 1704 nisi
754 1653 952 1734 quantociusss
967 1647 1088 1703 donense
1104 1648 1246 1704 concilium
1263 1659 1452 1704 sexcentorum
1474 1652 1585 1722 triginta
1602 1659 1629 1706 et
1656 1668 1689 1706 eo
1704 1667 1765 1707 arn-

119 1752 209 1792 asano
222 1753 314 1810 grege
329 1735 411 1791 inerit
426 1745 559 1807 separata,
576 1738 676 1794 multos
685 1756 735 1794 suo
744 1741 840 1795 morbo
856 1741 914 1795 inir-
968 1737 1038 1807 plius
1054 1737 1262 1807 episcoporum,
1279 1738 1351 1808 quod
1360 1739 1483 1808 precipit
1508 1740 1575 1794 intra
1600 1746 1656 1794 tres
1685 1755 1764 1793 men·

121 1825 193 1880 nint:
967 1841 1011 1879 ses
1025 1825 1213 1879 ordinationes
1228 1826 1416 1895 episcoporum
1428 1827 1563 1882 celebrari
1570 1827 1659 1897 (conc.
1686 1829 1766 1883 Chol-

149 1915 167 1968 l.
184 1912 915 1987 SicntlongeantepraedietumestaDeoperl‘sol-
966 1915 1036 1980 ced,
1068 1916 1200 1980 canai).
1230 1914 1291 1967 Non
1316 1930 1447 1969 reverens
1474 1916 1595 1971 divinum
1619 1916 1761 1984 judicium,

118 2003 236 2058 mistam:
251 2003 414 2058 Concollem
436 2005 912 2078 tabernaculorumdirttoticrli’sol.
966 2018 1016 2057 nec
1031 2018 1150 2072 pensans
1165 2011 1295 2072 qnantum
1317 2002 1467 2072 periculum
1496 2005 1539 2068 sit,
1566 2004 1628 2076 quia
1651 2004 1678 2058 in
1702 2020 1765 2075 pro·

118 2091 252 2155 munnae
267 2098 320 2157 est,
337 2099 365 2145 nt
376 2092 502 2148 catholici
516 2093 642 2148 doctores
656 2095 781 2165 produnt,
802 2096 913 2151 univer·
966 2090 1035 2144 xime
1065 2090 1227 2160 praecedenti
1254 2106 1340 2145 coenae
1368 2091 1517 2147 bominieae
1534 2092 1587 2157 die,
1625 2092 1703 2145 multi
1726 2092 1761 2146 ab

117 2196 170 2233 sum
185 2180 285 2234 orbem
302 2188 444 2249 terrarum,
457 2180 504 2251 qui
519 2181 597 2236 vallis
610 2182 848 2238 tabernaculorum
864 2201 913 2255 pro
965 2178 1061 2232 Odone
1091 2179 1219 2248 episcopo
1248 2194 1297 2247 [tto
1324 2179 1440 2248 publicis
1468 2180 1625 2234 criminibus
1641 2180 1667 2233 itt
1706 2197 1760 2250 pu-

115 2267 276 2323 habitaculis
290 2283 436 2339 corporum
449 2269 538 2325 dietus
564 2278 613 2336 est,
646 2271 727 2326 etiam
755 2274 913 2343 prinsquam
964 2266 1204 2336 blicapocnitentia
1227 2267 1373 2332 constituti,
1404 2268 1477 2339 quod
1505 2268 1556 2322 nisi
1573 2269 1607 2322 ab
1633 2268 1762 2339 episcopo

114 2357 232 2411 Christus
243 2356 347 2410 mundo
362 2373 411 2427 per
425 2358 642 2414 incarnationem
657 2359 787 2430 illuxerit,
804 2361 913 2415 dimen—
964 2354 1021 2410 heri
1037 2355 1174 2421 licet,sine
1190 2356 1410 2411 reconciliatione
1425 2364 1449 2410 et
1465 2357 1655 2412 communione
1679 2371 1759 2412 soora

115 2444 416 2517 suminisselegimus,
441 2461 522 2517 quarn
541 2447 738 2502 dimensionem
771 2449 911 2504 habemns,
963 2452 1105 2514 gementes
1130 2452 1329 2510 remanserunt,
1347 2445 1437 2517 quanti
1466 2445 1524 2500 sine
1551 2445 1683 2500 canonico
1712 2445 1761 2499 ha·

113 2533 560 2605 Etpost,utitemipsepraeoepit,
590 2537 911 2608 [inimiciteinquiene
963 2532 1103 2602 ptismoet
1124 2532 1273 2602 episcopali
1301 2532 1509 2604 consignatione
1537 2533 1624 2587 relicti
1639 2532 1758 2597 fuerunt,

115 2621 204 2676 domos
221 2621 385 2692 ejusll’sol.
396 2625 494 2691 narn),
506 2623 632 2679 videlicet
641 2624 804 2679 universalis
817 2626 912 2681 Eccle-
963 2622 1071 2691 quantis
1085 2621 1280 2674 rusticanarum
1296 2621 1484 2689 parochiarum
1495 2622 1522 2674 iu
1537 2629 1612 2675 tanto
1635 2630 1760 2690 ternpore

113 2710 156 2765 siae
171 2718 230 2765 toto
245 2717 382 2765 terrarum
399 2710 465 2765 orbe
475 2710 591 2778 diffuse,
603 2729 652 2783 per
660 2714 844 2768 custodiarum
860 2731 912 2785 pn.
962 2708 1128 2778 presbyteris
1144 2707 1288 2773 defunctis,
1305 2709 1424 2777 ipsarum
1438 2710 1625 2778 parochiarum
1653 2708 1762 2779 parvuli

115 2799 221 2853 rechins
236 2798 391 2854 distinctam
407 2801 609 2872 cognoscimus,
639 2818 720 2872 quam
751 2803 832 2856 etiam
856 2804 912 2857 (lis.
963 2797 1021 2850 sine
1036 2796 1171 2866 baptismo
1186 2796 1274 2866 perire
1289 2804 1445 2866 polubrum,
1464 2798 1557 2868 quanli
1572 2797 1632 2862 viri,
1650 2806 1758 2868 quanlae

113 2886 429 2942 tinctionemhabemus.
445 2888 522 2943 Unde
551 2889 622 2943 sacri
652 2905 781 2956 canones,
814 2891 912 2960 spiritu
963 2885 1079 2948 semina,
1097 2885 1155 2939 sine
1165 2884 1386 2939 reconciliatione
1401 2894 1428 2939 et
1457 2886 1526 2942 sacri
1554 2886 1606 2941 olei
1634 2886 1760 2941 unctione

116 2976 160 3030 Dei
175 2975 290 3040 conditi,
308 2984 334 3030 et
350 2975 432 3030 totins
447 2979 540 3031 mundi
563 2978 717 3032 reverentia
746 2982 909 3045 consecrati,
963 2982 1045 3044 alque
1058 2983 1152 3028 sancta
1166 2974 1366 3042 COmmunlonc,
1385 2982 1412 3028 cl
1427 2975 1591 3030 Siracorum
1607 2975 1760 3030 animarum

115 3064 261 3119 decernunt
271 3063 491 3136 dicentes(oonc.
506 3067 648 3134 Antinoi,
658 3082 693 3121 on
703 3070 764 3134 cit,
780 3086 843 3124 cun.
857 3072 884 3137 9)
903 3086 909 3122 :
963 3063 1157 3135 perorationes
1173 3062 1310 3117 solemnes
1332 3064 1566 3118 commendatione
1577 3064 1611 3118 de
1639 3064 1689 3118 isto
1704 3079 1759 3119 sae-

118 3154 190 3206 «Per
206 3151 331 3225 singulas
348 3153 477 3225 regiones
503 3154 647 3225 episcopos
676 3157 802 3211 convenit
829 3174 911 3212 nosse
962 3152 1024 3205 culo
1039 3151 1176 3205 exierunt.
1194 3152 1293 3205 Contra
1309 3152 1386 3219 cujus
1411 3153 1542 3207 diutinum
1558 3152 1757 3223 pervasionem,

116 3240 348 3311 metropolitanum
358 3241 515 3311 episcopum
530 3242 737 3298 solticitudinem
754 3245 833 3299 torius
847 3262 911 3315 pro·
962 3240 1031 3293 ultra
1046 3239 1191 3293 terminum
1205 3239 1380 3294 constitutum
1396 3255 1411 3293 a
1431 3239 1544 3309 pretato
1573 3255 1674 3312 magno
1690 3255 1758 3295 oon-

117 3329 204 3383 tinciae
219 3337 394 3401 gerere‚»et
416 3330 521 3402 reliqua
543 3347 603 3403 qum
630 3331 731 3385 ibidem
748 3343 907 3403 sequnntur.
962 3328 1033 3392 cilia,
1051 3328 1136 3382 saneti
1152 3327 1211 3395 Dei,
1226 3344 1276 3397 per
1289 3343 1358 3397 qnos
1374 3336 1484 3382 sanctus
1501 3329 1618 3398 Spiritus
1646 3344 1676 3382 ea
1701 3343 1761 3398 quae

119 3417 144 3470 Et
159 3425 274 3472 sanctus
288 3416 444 3472 bonifacius
454 3434 531 3489 papa,
549 3419 699 3490 explanans
715 3429 821 3475 sextum
836 3423 910 3493 napi.
962 3415 998 3468 ibi
1014 3424 1076 3469 sunt
1091 3415 1203 3469 diffinita
1219 3415 1350 3479 decrerit,
1374 3425 1400 3469 et
1426 3416 1481 3483 jam
1510 3432 1571 3470 eum
1600 3416 1708 3470 Christo
1732 3415 1760 3469 in

120 3506 194 3559 tulum
210 3506 336 3576 msytioae
351 3505 469 3562 Nicmnae
484 3509 588 3578 synodi,
614 3524 662 3578 per
690 3525 770 3580 qnam
799 3519 910 3565 sanctus
961 3505 1168 3576 ctuloregnaut,
1185 3503 1344 3556 terribiliter
1365 3504 1606 3575 clamant,eosqui
1624 3504 1683 3558 ausi
1706 3503 1761 3559 sue·

120 3593 226 3663 Spiritus
252 3594 416 3648 estlocutus
440 3594 500 3648 nit:
528 3619 538 3642 n
556 3596 755 3666 Metropolitani
785 3598 910 3652 sninna-
962 3593 1083 3662 rintpost
1098 3591 1285 3646 diffinitionem
1300 3607 1409 3663 magma
1432 3601 1458 3646 et
1494 3592 1653 3647 universalis
1679 3593 1760 3660 hujus

121 3698 224 3753 quaeque
240 3684 381 3752 provruela
396 3682 423 3735 in
453 3684 578 3738 omnibus
602 3685 685 3739 rebus
713 3686 910 3741 ordinationem
961 3681 1057 3750 synodi
1077 3681 1222 3751 quidquam
1238 3696 1270 3733 es
1286 3679 1328 3733 his
1355 3697 1416 3751 quae
1432 3689 1494 3735 sunt
1509 3680 1639 3750 prohibiti
1666 3697 1760 3751 perpo-

121 3784 222 3841 ccmper
238 3779 388 3842 exspectet.
409 3798 419 3819 i·
961 3777 1042 3833 trare,
1060 3769 1180 3823 decrevit
1196 3769 1419 3838 sanctasynodus
1435 3786 1450 3823 a
1470 3769 1581 3839 proprio
1606 3769 1760 3837 hujusmodi

146 3860 176 3912 u.
190 3860 310 3930 Propter
319 3874 368 3914 nos
379 3869 469 3915 antam
478 3862 610 3927 homines,
621 3870 646 3916 et
659 3872 770 3933 propter
790 3873 910 3919 nostram
960 3859 1047 3930 gradu
1061 3858 1197 3912 recedere.
1214 3857 1247 3911 Et
1259 3864 1369 3912 sanctus
1384 3857 1535 3927 Gregorius
1550 3858 1583 3911 ad
1607 3857 1760 3912 Gallicanos

121 3947 236 4014 salutern,
255 3948 392 4003 mediator
406 3948 453 4003 Dei
469 3958 494 4003 et
525 3951 664 4004 hominnm
680 3954 761 4006 homo
786 3954 908 4007 Christus
923 3977 933 3992 ·
961 3947 1103 4017 episcopos
1120 3947 1243 4000 scribens
1258 3948 1292 4000 de
1307 3947 1460 4014 hujusmodi
1472 3947 1620 4016 impostore
1633 3946 1693 4010 (tto.
1705 3962 1753 4011 vn,

120 4034 185 4090 lesus
199 4037 234 4091 ad
252 4036 376 4091 homines
391 4037 470 4091 dixit:
493 4039 551 4094 Non
584 4057 646 4094 snrn
665 4042 769 4096 iniectos
803 4043 910 4096 cisind
960 4037 1043 4107 epist.
1063 4038 1176 4105 llblza
1195 4036 1762 4106 llum.inquit,nonotliciumsednomen

121 4125 699 4198 omnempericrontdommtaruetvttatrl
711 4132 784 4194 ,llil
796 4130 909 4193 ,etitem
960 4125 1082 4188 attendit,
1100 4125 1230 4179 sacerdos
1246 4140 1298 4180 non
1315 4140 1386 4188 esse,
1403 4125 1453 4179 sed
1492 4126 1546 4180 diei
1570 4125 1757 4179 tantummodo

77 4247 78 4251 η
122 4210 625 4286 dicit:Elulioscncchobco,ooterrorc
638 4219 814 4272 sortientia
838 4220 907 4273 ouili
960 4212 1075 4267 inaniter
1089 4213 1263 4282 00ncuplscll·
1278 4211 1357 4279 Quod
1373 4213 1395 4267 Si
1406 4214 1445 4267 Sic
1463 4213 1534 4278 licel,
1553 4214 1617 4283 quid
1635 4229 1686 4283 per
1711 4213 1763 4267 hoc

124 4302 907 4373 rtillosoporlelrneoddncero,elcocornmeomcotiient,
960 4301 1137 4371 aliudagitur,
1161 4301 1212 4354 nisi
1236 4309 1264 4353 ut
1288 4300 1359 4353 nrrlla
1387 4301 1421 4354 de
1443 4310 1502 4355 actu
1532 4301 1666 4370 probatio,
1688 4301 1761 4354 nulla

125 4392 908 4464 clfirluorcmooile,etortospostorlloon.,x).Sanctam
925 4384 1113 4444 [lsollicitudo
1128 4390 1162 4443 de
1186 4390 1318 4451 moribus,
1344 4388 1416 4441 nulla
1450 4389 1483 4442 sit
1501 4388 1591 4442 devita
1603 4389 1761 4443 discussio?

124 4475 262 4549 designans
279 4478 430 4532 Ecclesiam
455 4495 487 4533 ex
503 4480 709 4537 circumcisione
724 4498 755 4537 uo
776 4485 909 4554 praeputio

123 4566 162 4618 sub
177 4583 205 4622 se
220 4575 333 4637 pastore
345 4583 419 4632 vero,
437 4568 482 4639 qui
501 4571 589 4638 posuit
612 4570 730 4624 unimam
759 4587 834 4625 sunm
859 4589 908 4643 pro

123 4656 204 4709 oribus
212 4656 281 4720 suis,
300 4656 360 4725 ipso
376 4656 597 4728 angulnrilapide
612 4659 769 4714 uniendam.
782 4662 821 4715 De
833 4662 908 4729 cujus

124 4752 212 4798 nnete
227 4744 362 4799 Ecclesiae
383 4744 447 4799 ovili
469 4746 541 4799 idern
556 4746 644 4801 dicit:
670 4749 721 4815 Qui
744 4764 800 4802 ooo
816 4750 909 4804 introi

121 4846 162 4899 prr
173 4835 279 4887 ostium
291 4835 321 4887 in
335 4833 515 4900 ovileooiom,
524 4834 572 4889 sod
587 4837 716 4890 reaccedit
727 4837 852 4901 aliunde,
863 4838 907 4893 hic

122 4920 161 4984 tor
173 4925 214 4976 cst
233 4924 262 4976 et
278 4921 351 4975 iutro
366 4922 471 4992 (loom,
493 4925 547 4991 10).
573 4921 695 4991 Qualiter
711 4933 800 4978 autem
815 4935 841 4979 et
856 4942 909 4997 qno

121 5008 204 5063 ordine
219 5009 336 5080 quisque
350 5010 384 5062 ad
400 5010 479 5077 hujus
494 5010 579 5065 sancti
596 5012 674 5066 ovilis
689 5014 850 5078 custodiam,
881 5015 908 5068 id

120 5104 153 5149 est
167 5098 200 5151 ad
210 5097 335 5168 regimen
349 5105 451 5153 sancte
465 5100 588 5154 ecclesiae
598 5101 731 5156 accedere
749 5119 780 5155 ac
793 5104 908 5173 provehi

118 5183 215 5250 debeat,
233 5186 302 5241 sacri
317 5202 437 5241 canones
449 5195 573 5256 patenter
588 5190 744 5244 ostendunt.
776 5191 908 5246 Videlicet

120 5280 259 5345 utoperam
274 5275 357 5329 dante
387 5275 569 5331 interventore
593 5278 748 5347 constituto,
778 5280 909 5351 episcopo

117 5372 216 5430 pastore
231 5364 351 5418 viduatae
366 5363 498 5425 ecclesia,
515 5375 541 5419 et
561 5366 661 5421 celero
683 5375 709 5421 et
724 5383 739 5420 a
754 5367 843 5437 plebe,
863 5385 908 5423 se-

118 5452 227 5507 cundnm
242 5451 424 5524 apostolicam
440 5461 466 5507 ct
476 5454 634 5510 canonicam
651 5455 777 5523 sormam,
793 5457 911 5530 eligatur

958 4479 996 4531 Er
1013 4493 1067 4548 qtra
1083 4493 1121 4541 re,
1139 4478 1160 4530 si
1173 4486 1247 4531 recta
1262 4476 1413 4531 libraminis
1426 4476 1626 4531 examinatione
1655 4491 1759 4544 penso-

958 4575 1011 4628 tur,
1029 4566 1093 4619 dnm
1104 4566 1228 4636 improbe
1243 4567 1276 4621 ad
1291 4566 1398 4620 inanem
1407 4566 1524 4637 gloriam
1542 4565 1632 4619 locum
1652 4563 1761 4618 l'ostinat

958 4654 1079 4707 utilitatis
1093 4654 1225 4723 arripere,
1256 4671 1288 4709 eo
1316 4654 1375 4724 ipso
1402 4655 1489 4726 magia
1516 4654 1587 4724 quod
1625 4652 1758 4705 honorem

959 4743 1055 4813 quaerit
1083 4743 1211 4813 indignus
1240 4752 1290 4796 est.
1312 4744 1384 4797 Sicut
1408 4752 1497 4796 autern
1516 4742 1539 4794 is
1560 4740 1606 4811 qni
1631 4739 1760 4794 invitatus

959 4840 1059 4903 renuit,
1077 4840 1206 4911 quaesitus
1222 4840 1331 4911 refugit,
1344 4839 1428 4894 sacris
1444 4846 1484 4893 est
1499 4837 1629 4891 altaribus
1660 4837 1758 4892 admo-

959 4929 1073 4993 vendus,
1088 4928 1126 4982 sic
1141 4929 1186 4999 qni
1201 4929 1270 4981 ultro
1285 4926 1378 4992 ambit,
1395 4927 1436 4980 rel
1452 4925 1608 4996 importune
1623 4942 1653 4981 se
1675 4925 1755 4996 inge-

960 5015 1005 5084 rit,
1023 5025 1062 5070 est
1090 5016 1185 5086 procul
1209 5015 1389 5084 repellendus.
1416 5014 1486 5068 Nam
1514 5014 1560 5085 qui
1590 5014 1628 5070 sic
1661 5014 1754 5068 nititur

961 5105 995 5159 od
1012 5105 1108 5158 altiora
1124 5103 1319 5167 conscendere,
1335 5102 1400 5173 quid
1415 5102 1473 5174 agit
1483 5103 1535 5156 nisi
1548 5111 1577 5156 ut
1604 5103 1753 5159 crescendo

961 5193 1112 5253 decrescat,
1131 5200 1156 5245 et
1170 5191 1343 5245 ascendendo
1368 5191 1486 5246 exterius
1507 5191 1620 5246 interius
1649 5191 1676 5244 iu
1696 5205 1760 5261 pro·

962 5279 1075 5335 fundum
1090 5279 1239 5335 descendat
1250 5280 1263 5332 ‘i
1276 5300 1287 5328 a

995 5371 1027 5422 ll.
1046 5370 1256 5423 [demaenetum
1272 5384 1455 5440 magnumque
1472 5368 1616 5424 concilium
1639 5368 1762 5424 decrevit

960 5459 1049 5526 (conc.
1079 5457 1219 5523 commo,
1237 5473 1295 5512 cau.
1322 5462 1387 5526 abl:
1406 5459 1467 5514 «tu
1495 5456 1600 5511 reditus
1645 5457 1767 5513 ridnatae
