3794 6104
701 192 848 247 toa-,wls
871 190 967 244 PAPAE
994 189 1061 243 t'tlt.
1722 198 1760 243 aaa

456 319 592 376 CCLle.

381 426 415 461 ιιι
429 421 556 462 canosini
576 420 678 460 ascen.

438 498 527 563 (huno
543 493 618 562 879.)

132 581 819 664 StpniricotAnapcrtumdadcmarchiepiscopum
827 579 929 633 lledio-

171 659 316 712 lanensem
330 656 362 708 in
376 656 501 708 Romano
518 652 621 718 sancto
633 655 788 722 privatam,
804 666 837 704 ac
851 651 929 704 Iose-

169 729 265 797 phum,
294 724 413 779 camille
421 724 452 778 in
465 722 632 777 vercellensi
641 723 802 792 episcopum
812 720 929 775 ordino-

168 743 298 860 verardi
317 795 421 848 asilum
431 813 439 858 ,·
450 795 528 863 rapot
542 796 574 846 ut
584 792 806 863 Conspertcmin
825 790 930 844 l'erccl·

169 812 927 936 lensiccciismcpiscopumcscccnsccrotumtoeotor.

170 962 273 1017 Dilecto
283 976 314 1015 ac
329 958 445 1030 spiritali
461 957 517 1013 filio
532 958 645 1012 Cancro
660 956 782 1029 glorioso
796 956 866 1026 regi.

169 1049 261 1121 llegiae
276 1046 457 1120 magnitudini
476 1052 574 1101 vestrm
596 1053 689 1099 notum
710 1059 772 1099 esse
794 1043 928 1109 volumus,

131 1135 170 1191 fili
195 1135 366 1199 charissime,
384 1134 447 1206 quia
462 1137 627 1203 anspertum
642 1130 872 1186 Mediolanensem
888 1147 931 1184 ar-

131 1223 345 1294 chiepiscopum,
364 1223 391 1275 in
406 1221 494 1291 prima
521 1220 631 1292 quidem
647 1219 752 1290 synodo
766 1219 793 1272 in
814 1217 931 1273 ecclesia

133 1310 205 1365 beati
221 1310 295 1364 Petri
314 1308 430 1379 apostoli
450 1307 544 1362 habita
570 1323 620 1379 pro
635 1308 691 1360 suis
720 1305 930 1360 evidentissimis

133 1396 310 1471 negligentiis
320 1403 346 1451 et
361 1395 626 1465 praesumptionibus,
652 1410 704 1448 una
724 1410 783 1448 curn
800 1410 930 1448 reveren-

131 1485 246 1540 dissimo
269 1484 462 1553 episcoporum
481 1489 552 1538 coetu
567 1481 729 1553 regulariter
745 1481 929 1536 excommuni-

132 1573 254 1627 cavimus
271 1587 277 1626 :
295 1572 344 1626 sed
359 1578 478 1625 mentem
493 1584 569 1623 suarn
585 1569 612 1622 in
628 1568 783 1638 superbiam
809 1568 927 1638 crigens,

132 1674 189 1715 non
214 1658 300 1714 solum
320 1674 371 1729 pro
399 1658 558 1728 perpetratis
579 1657 685 1712 veniam

132 1745 267 1818 quaesivit,
279 1761 373 1801 verum
389 1745 469 1799 etiarn
495 1752 556 1798 ante
571 1744 737 1799 audientiam
761 1752 787 1798 et
811 1751 931 1798 nostram

133 1833 311 1905 apostolicam
326 1832 537 1897 absolutionem,
570 1847 677 1887 sacrum
692 1833 862 1902 praesumpsit
878 1832 931 1886 mi-

133 1921 276 1977 nisterium
296 1921 450 1988 celebrare,
473 1928 553 1991 atque
580 1928 673 1974 contra
693 1935 786 1975 sacros
812 1935 931 1975 canones

132 2015 280 2079 contraque
294 2008 401 2079 regiam
416 2016 442 2062 ct
464 2015 584 2062 nostram
608 2007 783 2077 apostolicam
805 2006 928 2061 volunta·

133 2105 197 2162 tenn
220 2095 378 2166 episcopum
407 2095 435 2149 in
449 2094 617 2151 vercellensi
637 2094 754 2149 ecclesia
783 2095 931 2149 enormiter

131 2198 296 2240 consecrare
320 2181 502 2254 praesumpsit.
519 2182 572 2238 Pro
597 2181 696 2253 quibus
711 2181 835 2236 videlicet
850 2189 931 2237 tantae

130 2270 293 2326 temeritatis
319 2269 587 2340 praesumptionibus,
605 2278 631 2323 et
661 2269 751 2339 ipsum
766 2272 930 2339 anspertum

131 2358 235 2412 dudum
259 2357 496 2429 archiepiscopum
513 2356 540 2410 in
560 2372 602 2424 ca,
626 2373 687 2429 quae
707 2373 795 2426 nuper
809 2364 870 2412 acta
889 2367 931 2412 est

131 2446 247 2516 synodo,
264 2444 337 2499 omni
353 2445 501 2515 episcopali
516 2445 619 2499 honore
634 2445 807 2514 privavimus,
821 2454 929 2511 etcum,

130 2548 212 2604 quern
227 2533 318 2588 illicite
333 2532 466 2587 ordinavit
482 2533 648 2602 episcopum,
666 2532 837 2587 decrevimus
853 2549 932 2603 syno-

131 2620 187 2675 dali
199 2620 302 2690 judicio
317 2620 469 2690 depositum
486 2635 547 2675 esse
576 2620 610 2673 ab
624 2620 719 2674 ordine
733 2621 905 2690 episcopatus
922 2639 929 2675 :

130 2707 230 2762 intuitu
245 2717 334 2762 tamen
359 2708 553 2763 misericordiae
580 2707 608 2761 in
630 2708 773 2778 pristinum
795 2724 849 2779 quo
871 2716 930 2762 erat

939 317 1099 373 Anostrrun
1114 313 1289 383 apostolicam
1319 313 1494 373 voluntatem,
1518 313 1679 383 episcopum
1702 314 1762 366 ordi-

981 418 1046 456 nare
1062 410 1164 455 temero
1179 402 1360 471 praesumpsit.
1385 402 1448 456 ldeo
1477 411 1504 456 et
1533 400 1662 454 eumdem
1688 401 1764 455 archi-

980 490 1148 560 episcopum,
1159 497 1184 543 et
1195 490 1265 544 hunc
1274 490 1362 559 ipsum
1375 491 1476 560 loseph
1488 489 1648 543 invasorem
1664 504 1695 543 ac
1709 505 1768 558 pre-

981 587 1158 647 sumptorem,
1175 593 1228 631 non
1244 578 1385 631 intrantem
1407 594 1456 648 per
1470 578 1574 631 ostium
1589 619 1595 644 ,
1608 577 1656 630 sed
1673 575 1766 632 aliunde

980 665 1057 736 quasi
1072 665 1157 720 iurem
1166 665 1363 735 ingredientem
1380 665 1406 719 in
1421 665 1494 720 ovile
1509 665 1633 729 Domini,
1654 679 1715 719 cum
1730 666 1771 720 vir-

980 761 1035 807 tuto
1051 754 1137 807 sancti
1153 753 1278 824 Spiritus,
1308 763 1334 807 et
1359 753 1519 809 auctoritate
1540 753 1689 807 beatorum
1715 753 1772 808 Petri

980 856 1013 897 ac
1028 841 1102 896 Pauli
1118 841 1302 911 apostolorum
1317 842 1480 911 principum,
1507 850 1662 912 nostroque
1678 850 1773 911 aposto

980 929 1032 984 lico
1043 929 1143 998 judicio
1155 945 1206 983 una
1221 944 1283 984 curn
1298 928 1419 1000 synodali
1442 937 1515 985 cmtu
1536 929 1774 984 reverendissimo·

981 1034 1039 1072 rum
1051 1018 1250 1087 episcoporum,
1269 1019 1342 1072 ornni
1357 1017 1506 1088 episcopali
1521 1019 1630 1072 honore
1659 1017 1774 1072 decreti-

980 1122 1040 1160 mus
1052 1122 1112 1161 esse
1128 1106 1248 1175 privatos
1263 1114 1289 1160 et
1301 1105 1405 1161 alienos
1421 1124 1427 1159 ι
1446 1114 1539 1160 tamen
1555 1105 1658 1159 intuitu
1681 1107 1775 1160 miseri-

981 1194 1215 1259 cor·dim,dccreto
1235 1194 1356 1264 synodali
1379 1195 1533 1255 statuimus,
1563 1195 1621 1263 jum
1634 1193 1719 1248 fatum
1740 1196 1776 1249 lo

981 1283 1057 1351 seph,
1066 1282 1219 1335 invasorem
1226 1281 1356 1336 Ecclesiae
1364 1282 1520 1353 vestraa,[de
1526 1283 1626 1336 ordine
1638 1282 1777 1352 episcopali

980 1369 1124 1437 deiectum,
1136 1371 1161 1422 in
1178 1370 1292 1441 gradum
1318 1378 1344 1424 et
1363 1371 1486 1425 ordinem
1500 1386 1557 1441 quo
1573 1371 1653 1440 prins
1677 1371 1778 1442 ,exstitit

980 1457 1135 1511 omnimodo
1152 1458 1259 1511 roverti.
1275 1458 1344 1511 Nam
1367 1473 1428 1512 curn
1457 1459 1609 1528 praedictus
1635 1462 1777 1528 anspertus

980 1532 1298 1600 dudumllediolanensis
1313 1546 1537 1616 archiepiscopus
1556 1554 1632 1601 esset
1649 1546 1762 1616 regulari

716 1656 851 1710 humiliter
874 1672 929 1711 non
943 1637 1020 1717 Bter
1034 1629 1289 1690 excommunicatus,
1307 1630 1423 1700 aliquam
1440 1630 1482 1685 vel
1499 1630 1681 1684 minimorum
1696 1632 1722 1684 in
1736 1631 1768 1686 Ec

982 1717 1064 1771 clesia
1080 1717 1130 1771 Dei
1146 1717 1380 1772 consecrationem
1394 1719 1530 1789 graduum
1542 1718 1636 1772 lacere
1647 1718 1777 1773 nullomo

982 1804 1017 1859 do
1031 1804 1116 1874 potuit
1132 1824 1138 1868 ;
1156 1806 1219 1875 quia
1235 1806 1306 1876 qnod
1321 1821 1374 1859 non
1395 1806 1498 1871 habuit,
1514 1807 1585 1860 darc
1600 1804 1725 1876 prolecto
1740 1822 1777 1860 ne

982 1893 1076 1963 quivit.
1094 1892 1183 1960 Quare
1193 1893 1313 1947 omnium
1328 1903 1448 1948 vestmm
1469 1902 1624 1967 cognoscat
1641 1895 1776 1964 sagacitas,

982 1980 1152 2034 etlaudanda
1169 1980 1294 2045 fidelitas,
1312 1982 1438 2051 quoniam
1466 1982 1585 2036 dilectus
1606 1998 1642 2037 ac
1659 1982 1777 2051 spiritalis

981 2065 1051 2120 silius
1067 2076 1160 2122 noster
1174 2068 1397 2133 Carolomannus‚
1414 2069 1551 2139 gloriosus
1567 2086 1618 2127 rex
1635 2071 1712 2124 istius
1732 2073 1778 2126 lta·

982 2155 1025 2209 lici
1042 2155 1130 2225 regni,
1149 2156 1237 2225 ipsum
1260 2156 1461 2211 vercellensem
1483 2159 1685 2228 episcopatum.
1710 2176 1777 2216 more

981 2259 1181 2312 praecessorum
1197 2258 1307 2297 suorum
1323 2261 1419 2315 regum
1442 2255 1468 2300 et
1487 2247 1699 2316 imperatorum,
1721 2264 1778 2304 con·

981 2332 1063 2385 cessit
1080 2332 1141 2385 huic
1156 2332 1305 2401 Consperto
1320 2349 1385 2387 vero
1400 2334 1581 2396 nobilissimo,
1605 2337 1777 2406 praesentibus

982 2418 1073 2471 missis
1087 2421 1198 2481 nostris,
1215 2429 1389 2491 nostramque
1405 2423 1586 2490 apostolicam
1611 2423 1776 2479 clementiam

982 2507 1077 2559 suiset
1092 2506 1188 2560 litteris
1202 2508 1366 2576 deprecatus
1381 2518 1409 2562 ut
1424 2526 1486 2562 euru
1515 2511 1594 2564 vobis
1625 2513 1775 2582 episcopum

982 2596 1283 2649 consecrar·en1us.Nos
1304 2597 1473 2664 autem,ejus
1497 2598 1631 2667 precibus
1653 2600 1776 2661 inclinati,

982 2681 1105 2735 nolentes
1120 2698 1168 2736 vos
1183 2683 1229 2736 diu
1244 2683 1302 2737 sine
1316 2685 1417 2753 proprii
1440 2700 1471 2738 ao
1486 2685 1603 2756 legitimi
1635 2702 1697 2742 esse
1717 2703 1775 2741 curt

133 2804 213 2850 mm
228 2795 465 2866 gmdumreveffl·
486 2797 644 2859 Porronos'
661 2797 810 2850 secundum
835 2794 931 2850 volun,
981 2769 1108 2838 pastoris,
1126 2771 1196 2824 hunc
1223 2771 1310 2839 ipsunt
1333 2781 1432 2826 sanctae
1456 2773 1626 2828 vercellensi
1655 2775 1776 2831 Ecclesia

133 2890 215 2935 tatem
233 2889 260 2936 et
275 2883 433 2952 petitionem
453 2883 543 2937 dilecti
565 2880 612 2936 filii
633 2883 716 2936 nostri
741 2882 935 2937 Carolomanni‘
981 2865 1079 2911 vesum
1102 2858 1250 2953 ³Pf³⁵¹⁰¹i⁰³
1278 2859 1407 2956 {summi
1435 2862 1597 2959 ⁸¹¹fl⁰si¹⁸1⁸
1627 2865 1776 2933 el³l⁵⁰⁰llum
1815 2862 1820 2872 ¹

131 2968 246 3039 gloriosi
261 2969 334 3038 regis
348 2970 419 3024 hunc
441 2969 622 3039 Consperpum
660 2970 928 3037 revemndissimum,
982 2960 1214 3008 consecravimus
1227 2947 1406 3018 dedimusque
1422 2952 1498 3002 vobis
1514 2966 1564 3018 pro
1589 2950 1717 3006 invasore
1735 2952 1775 3006 illo

133 3055 168 3110 dc
182 3071 236 3126 quo
248 3056 303 3125 jam
318 3056 382 3111 olirn
399 3056 476 3111 vohis
487 3073 537 3127 per
551 3065 670 3111 vestrum
695 3055 802 3112 fidelem
818 3058 930 3112 missum
981 3033 1062 3130 ΜΨ]
1076 3043 1286 3132 P3510¹'⁰“¹·P¹'f³
1315 3037 1482 3132 miscenam
1505 3037 1609 3106 ignum
1640 3041 1774 3109 Pl⁰lid¹¹¹¹¹

129 3141 306 3208 innotuimus,
323 3144 349 3196 jn
365 3143 463 3198 eadem
486 3144 651 3198 percellens,
667 3143 799 3209 Ecclesia,
816 3160 931 3200 consen,
981 3131 1046 3174 satis
1068 3130 1212 3183 rectorem,
1229 3140 1275 3193 qur
1294 3124 1397 3177 scilicet
1426 3125 1528 3178 nostris
1549 3141 1599 3179 vos
1627 3128 1775 3196 apostolicis

131 3229 259 3285 tientibus
274 3231 401 3285 omnibus
416 3230 694 3301 comprovincialibus
719 3223 864 3303 episcopis,
882 3248 930 3287 an·

129 3317 241 3372 tistitem
256 3319 487 3384 consecravimus,
505 3335 586 3389 quem
602 3321 719 3389 petimus
726 3320 823 3375 obnixe
839 3328 867 3374 ut
881 3337 930 3391 pro

130 3419 225 3460 amore
241 3405 290 3461 Dei
305 3414 331 3462 et
346 3407 432 3462 sancti
450 3407 530 3467 Petri,
547 3422 578 3461 ac
593 3416 698 3473 nostro,
715 3416 813 3462 vestrae
828 3418 926 3478 poten-

131 3492 175 3548 tiae
190 3492 304 3548 brachio
326 3495 465 3558 tueamini,
483 3502 519 3559 et,
540 3503 620 3564 prout
642 3495 666 3549 ei
682 3510 750 3565 opus
772 3494 861 3558 fucrit,
884 3496 929 3550 di·

129 3596 214 3651 gnum
229 3597 338 3651 sempor
352 3582 379 3635 in
394 3582 673 3653 omnibuspraebeatis
690 3582 825 3638 solatium.
842 3585 929 3654 Rega-

129 3667 182 3722 lem
196 3667 381 3723 excellentiam
398 3679 514 3724 vestram
530 3670 662 3725 Dominus
671 3679 813 3726 conservet
825 3671 928 3726 incolu-

130 3769 212 3815 rnem,
229 3755 390 3810 charissime
400 3756 446 3810 lili.
457 3759 525 3811 Data
538 3763 570 3812 ut
589 3774 686 3827 supro.

450 3861 602 3917 CCLlel.

395 3961 431 4000 nn
445 3964 666 4004 v'sucancsusns.

440 4039 530 4103 (Anno
547 4037 621 4099 879.)

129 4121 263 4189 Praecipit
272 4120 495 4191 utConsprrtum
508 4125 633 4178 oscillis
647 4125 806 4194 episcopum
819 4130 926 4182 corrati-

166 4194 260 4245 tatum
289 4193 445 4261 rccipiunt,
480 4198 507 4247 ct
530 4208 651 4265 congruo
690 4195 792 4250 honore
818 4198 923 4252 colant.

163 4261 273 4330 toaeptt
288 4262 426 4317 invasoris
438 4268 502 4318 octa
516 4265 597 4319 nullo
613 4281 672 4320 carc
687 4266 823 4320 declarat.

981 3207 1109 3262 doctrinis
1127 3209 1292 3274 admonitus,
1326 3211 1404 3280 quasi
1437 3211 1567 3282 populum
1594 3215 1703 3268 Domini
1730 3216 1774 3268 sibi

980 3296 1155 3350 commissum
1167 3314 1243 3351 more
1258 3300 1314 3351 veri
1337 3300 1453 3368 pastoris
1477 3301 1578 3370 pabulo
1595 3302 1657 3357 vitm
1685 3319 1773 3374 perpe·

981 3392 1086 3454 tuaeque
1102 3385 1195 3438 salutis
1210 3401 1325 3454 pascere
1347 3396 1428 3457 atque
1441 3388 1467 3441 iu
1497 3389 1575 3461 virga
1599 3391 1733 3461 aequitatis
1750 3401 1773 3444 et

980 3471 1196 3526 mansuetudinis
1209 3490 1305 3544 regere
1325 3473 1447 3545 vigilanti
1463 3492 1574 3545 semper
1589 3495 1657 3532 cura
1668 3487 1694 3532 et
1705 3479 1771 3532 solli·

980 3558 1097 3613 citudinc
1112 3560 1371 3630 solerterprornret.
1389 3560 1477 3629 Quem
1499 3564 1595 3635 itaque
1610 3581 1659 3621 vos
1687 3582 1772 3620 omnes

980 3655 1104 3701 unovoto
1127 3656 1153 3700 et
1170 3648 1214 3717 pio
1231 3647 1327 3703 ellectu
1350 3651 1425 3719 quasi
1451 3659 1559 3720 patrem
1594 3662 1621 3708 et
1648 3664 1770 3709 rectorem

979 3729 1130 3784 animarum
1147 3741 1308 3798 vostrarum,
1324 3742 1415 3800 utpote
1432 3734 1588 3789 charissimi
1613 3735 1671 3800 lilii,
1696 3747 1723 3791 ut
1736 3753 1770 3791 re·

979 3817 1084 3886 cipiatis
1099 3820 1224 3888 prasenti
1240 3828 1340 3874 statuto
1356 3830 1447 3875 nostro
1454 3822 1584 3890 jubemus
1601 3844 1608 3888 ;
1625 3834 1649 3879 et
1674 3826 1767 3893 abiecto

978 3920 1010 3960 ac
1025 3907 1168 3974 reprobato
1181 3908 1335 3977 supradicto
1350 3909 1485 3975 invasore,
1504 3911 1586 3973 hunc,
1605 3929 1686 3983 quern
1707 3913 1766 3968 ordi·

978 3994 1102 4047 navirnus
1119 3994 1206 4058 vobis,
1224 3996 1349 4050 habetote
1378 3997 1546 4067 episcopum.
1578 4001 1647 4053 Nam
1677 4015 1763 4073 magna

978 4097 1026 4135 vos
1036 4082 1116 4135 latrdc
1131 4082 1229 4151 dignos
1245 4082 1301 4137 fore
1317 4085 1456 4151 videmini,
1472 4088 1546 4157 quod
1566 4088 1602 4141 de
1619 4089 1688 4143 beati
1708 4087 1764 4142 Petri

977 4169 1092 4238 apostoli
1107 4171 1314 4225 consecratione.
1325 4173 1462 4226 meruistis
1489 4174 1592 4229 habere
1608 4178 1762 4230 antistitem:

977 4265 1002 4310 et
1019 4258 1069 4310 hoc
1084 4258 1110 4310 in
1126 4267 1301 4330 augmentum
1316 4260 1428 4315 honoris
1451 4261 1587 4318 Ecclesiae
1605 4263 1762 4320 vircellensis

160 4345 292 4402 Omnibus
307 4350 484 4420 presbyteris,
496 4352 663 4416 diaconibus,
674 4353 921 4410 subdiaconibuset
935 4344 1031 4405 [isine
1047 4344 1128 4399 dubi⁰
1152 4347 1301 4416 proveniet,
1337 4348 1360 4401 Si
1375 4363 1423 4402 505
1438 4349 1536 4403 det'ola
1560 4361 1654 4408 mente
1678 4352 1761 4406 ⁰081!ss

124 4436 198 4490 omni
225 4435 301 4498 clero
324 4452 357 4492 ac
386 4439 518 4508 primatis,
547 4441 676 4511 omnique
699 4440 798 4511 populo
814 4443 924 4498 l'ercel-

124 4523 202 4578 lensi.

162 4612 209 4664 llis
225 4612 327 4667 nostris
341 4614 497 4682 apostolicis
513 4614 693 4669 litterisvobis
708 4618 848 4688 cognitum
860 4618 922 4673 laci-

123 4713 184 4752 mus
200 4699 262 4770 quia
277 4704 442 4771 anspertum
462 4702 564 4756 dudum
573 4703 808 4774 archiepiscopum
823 4706 923 4760 lledio

122 4784 262 4841 lonensem
273 4803 324 4858 pro
340 4789 396 4843 suis
412 4789 505 4843 multis
515 4792 772 4861 praesumptionibus
785 4801 811 4846 ct
827 4794 919 4865 negli-

124 4872 226 4944 gentiis
237 4875 292 4942 jain
302 4875 365 4930 olinr
381 4893 434 4932 una
450 4893 512 4933 cum
527 4887 621 4934 sancta
635 4879 740 4949 synodo
755 4895 834 4934 sarra
849 4896 923 4935 com-

122 4962 251 5016 munione
265 4963 432 5033 privavimus
450 4984 456 5031 ;
473 4966 522 5020 sed
538 4965 596 5036 ipse
609 4974 702 5022 contra
722 4969 853 5022 canonica
864 4978 922 5023 sta·

116 5056 177 5109 tuta
193 5058 219 5103 et
243 5059 340 5105 contra
355 5060 477 5106 nostrum
502 5053 680 5124 apostolicum
705 5056 921 5127 synodicumque

114 5135 247 5203 judicium
275 5153 372 5210 agens,
388 5148 450 5195 ante
479 5141 650 5210 audientiam,
670 5152 696 5197 et
720 5143 918 5198 absolutionem

119 5223 297 5279 ministerium
313 5242 419 5282 sacrum
436 5243 520 5298 agere
534 5231 713 5300 atqueadhuc
728 5232 917 5286 excommuni-

122 5318 200 5363 catus
215 5312 241 5365 in
255 5314 306 5369 hac
323 5315 488 5370 vercellensi
504 5315 627 5370 Ecclesia
647 5328 747 5384 vostra,
775 5320 920 5390 quemdam

116 5396 203 5449 virum
217 5399 318 5469 loseph
335 5404 495 5469 nominent
510 5403 645 5469 audimus,
657 5416 750 5460 contra
768 5409 870 5475 regiam
891 5416 919 5460 et

975 4432 1166 4502 obtemperatis
1189 4419 1342 4504 preceptis.
1359 4437 1638 4498 Nosenim,vcstram
1663 4441 1759 4510 cupien-

974 4526 1015 4573 tes
1026 4521 1150 4585 snlntem,
1167 4523 1228 4576 ideo
1243 4539 1385 4577 monemus
1395 4532 1423 4577 ut
1432 4534 1523 4580 mente
1538 4536 1563 4579 ct
1581 4544 1694 4598 corpore
1708 4526 1760 4580 salvi

974 4623 1034 4663 esse
1050 4610 1400 4678 possitisluhcmusetium
1424 4629 1521 4668 omnes
1549 4617 1708 4686 scripturas.
1728 4612 1760 4668 vel

973 4696 1095 4751 dationes
1110 4699 1293 4769 cujuscunque
1305 4701 1414 4765 tenoris,
1427 4718 1494 4771 qrras
1505 4702 1570 4757 lecit
1586 4705 1621 4758 de
1640 4704 1757 4774 plebibus,

973 4785 1109 4838 casalibus
1125 4795 1149 4838 et
1167 4787 1236 4839 villis
1252 4788 1336 4856 ipsius
1353 4789 1482 4843 Ecclesiae
1505 4790 1696 4855 vercellensis,
1716 4788 1759 4843 nul

973 4870 1027 4926 larn
1044 4873 1143 4927 hahere
1159 4873 1313 4928 lirnritatcm
1330 4894 1336 4937 ;
1353 4877 1401 4930 sed
1426 4877 1519 4930 omnia
1543 4895 1606 4948 quae
1629 4879 1690 4934 lecit
1710 4890 1758 4932 esse

969 4960 1123 5027 judicamus
1140 4978 1224 5016 vucun
1238 4973 1262 5016 et
1283 4963 1383 5026 inania,
1400 4965 1462 5034 quia
1491 4965 1631 5035 legitimus
1646 4967 1702 5036 ipse
1715 4979 1757 5019 non

972 5047 1020 5101 luit
1036 5048 1188 5118 episeopus.
1207 5058 1232 5103 et
1253 5050 1314 5104 itlec
1329 5051 1467 5121 quippiam
1489 5053 1559 5107 clarc
1575 5071 1634 5123 ¹non
1665 5054 1756 5124 potuit:

972 5151 1033 5188 cuni
1050 5152 1115 5189 vcro
1135 5136 1180 5206 qui
1195 5154 1228 5190 cx
1244 5139 1284 5190 his
1299 5156 1360 5209 qum
1376 5139 1437 5192 lecit
1463 5140 1565 5211 aliquid
1583 5141 1687 5196 lirnium
1711 5153 1758 5195 esse

971 5223 1077 5287 dixerit,
1095 5226 1208 5279 ,litaniae
1223 5234 1249 5278 et
1267 5227 1409 5296 Sapphirae
1423 5230 1598 5284 anathemate
1626 5230 1758 5286 feriendum

971 5308 1030 5364 lore
1045 5327 1199 5365 censemus.
1218 5315 1284 5366 ,vani
1300 5314 1322 5367 si
1337 5314 1478 5381 crrjtrslibet
1509 5317 1627 5371 consilio
1651 5319 1690 5372 vel
1709 5319 1760 5370 hor·

970 5415 1027 5461 tatu
1042 5409 1119 5462 aliter
1134 5410 1234 5469 lacere,
1251 5427 1304 5466 non
1320 5413 1353 5465 tle
1368 5413 1495 5482 praesenti
1510 5414 1601 5483 ipsum
1616 5416 1755 5469 invasorem
