3826 6098
167 234 219 290 729
751 227 929 287 EPISTOLAE
952 229 997 286 ET
1024 230 1197 291 uadenti.
1763 237 1817 293 730

169 353 295 411 irretiens
306 370 403 411 omues
418 355 464 427 qui
474 354 525 410 sibi
534 353 804 421 communicaverint,
815 354 859 411 rel
873 363 969 411 contra
983 355 1094 419 Aenim
1109 374 1203 413 sumus
1226 374 1281 414 non
1303 359 1392 416 solnm
1406 377 1467 433 quae
1480 360 1552 417 dicta
1566 369 1638 428 sunt,
1655 361 1704 418 sed
1720 369 1746 418 et
1759 378 1819 418 ma·

168 443 344 499 interdictum
359 451 481 498 nostrum
496 460 563 499 ausu
577 444 719 500 temerario
739 443 854 499 faverint
871 460 877 497 :
894 443 967 498 unde
1015 446 1075 514 jora
1092 446 1252 511 concedere,
1269 455 1370 503 tantum
1386 456 1414 503 ut
1429 451 1550 519 eiusdem
1565 451 1691 523 magistri
1706 450 1821 506 militum

169 547 221 588 vos
235 539 331 588 cautos
341 532 457 588 reddere
467 532 600 603 volumus,
611 533 634 587 si
648 547 703 587 non
716 531 797 588 vultis
812 531 865 603 ipsi
878 531 968 587 eidem
1019 549 1110 590 semna
1124 535 1162 589 ita
1184 536 1218 591 sit
1239 536 1328 592 tidelis
1349 545 1376 593 et
1391 539 1504 608 stabilis,
1521 546 1548 594 et
1563 539 1636 595 omni
1658 538 1822 595 certitudine

169 620 320 677 secundum
335 620 445 694 regulas
458 637 550 677 sacras
561 619 823 690 subjacerejudicio.
836 618 968 691 Optamus
1019 623 1205 693 praemunitus,
1218 633 1245 679 ut
1259 625 1391 682 securitas
1405 644 1438 682 ex
1453 635 1567 700 utraque
1581 636 1659 698 parte
1675 626 1755 682 firma
1765 642 1823 682 ma·

168 706 374 778 fraternitatem,
391 716 444 775 eto,
1019 717 1092 778 neat,
1118 718 1145 766 et
1166 711 1224 766 sice
1246 712 1413 770 dubitatione
1434 724 1509 771 certa
1531 716 1666 787 persistat.
1693 713 1772 783 Quod
1797 715 1821 770 si

501 814 634 870 Lxxpp„
1019 814 1080 869 quae
1094 800 1286 870 repromittunt
1295 811 1341 857 aut
1351 803 1501 873 adimplere
1511 804 1584 860 nolle
1598 811 1644 858 aut
1653 803 1821 877 prolongare

375 917 412 959 A„
431 918 540 959 cmm
559 918 758 959 mmm,
1020 885 1091 941 velle
1106 886 1168 943 illos
1182 891 1354 960 cognoveris,
1371 907 1426 948 non
1440 892 1488 946 tibi
1502 893 1535 948 sit
1547 891 1656 949 licentia
1675 892 1728 947 hoc
1742 907 1757 945 a
1771 906 1821 947 no·

471 993 562 1063 (Anno
586 993 663 1063 377.)
1021 980 1074 1029 stra
1085 975 1196 1032 scientia
1211 978 1373 1046 occultandi,
1392 980 1441 1042 sed
1456 981 1588 1053 quidquid
1610 980 1746 1036 veraciter
1761 978 1821 1036 sine

404 1079 537 1152 gjmpem
552 1081 724 1152 mummi,
1020 1061 1084 1118 dolo
1098 1080 1149 1134 per
1171 1065 1260 1121 omnia
1286 1067 1432 1124 indicandi.
1449 1070 1489 1125 De
1504 1070 1547 1124 his
1568 1084 1636 1142 ergo
1660 1068 1738 1124 stude
1751 1084 1822 1140 prae·

201 1169 329 1224 Joqmg
344 1167 633 1241 epise0pusunjve1qo
648 1167 868 1225 clemssoelesiae
884 1167 970 1223 vero.
1021 1151 1170 1208 sentialiter
1193 1169 1244 1208 nos
1268 1154 1383 1225 pleniter
1401 1173 1432 1211 ac
1458 1157 1587 1212 citissime
1602 1156 1697 1212 litteris
1714 1155 1766 1210 tuis
1779 1145 1831 1209 in·'

165 1256 271 1313 nensis.
1021 1247 1136 1307 struere,
1148 1249 1177 1297 ut
1188 1242 1260 1313 quod
1272 1243 1400 1315 deinceps
1411 1245 1484 1300 Deus
1494 1245 1645 1313 dictaverit,
1658 1259 1720 1300 cum
1734 1243 1820 1316 ipsius

200 1344 385 1417 Expefienriae
408 1351 507 1401 vestm
530 1352 624 1400 norum
649 1361 711 1400 esse
734 1343 869 1414 volumus,
894 1344 971 1400 Λᾶς.
1021 1327 1120 1383 auxilio
1136 1330 1194 1384 sine
1214 1345 1291 1385 mora
1304 1331 1423 1403 incipere
1438 1342 1465 1388 et
1478 1331 1611 1404 perficere
1630 1347 1819 1404 procuremus.

165 1433 274 1489 lardum
296 1433 455 1506 episcopum
478 1441 601 1490 vestrum
624 1434 781 1490 auctoritate
804 1432 878 1489 sedis
901 1447 971 1504 apo·
1021 1416 1061 1471 De
1074 1416 1172 1488 quibus
1195 1412 1253 1491 fise
1276 1435 1335 1490 Plae
1357 1420 1463 1477 ⁰³²²&ss
1489 1436 1582 1477 curam
1604 1421 1700 1491 arripe,
1717 1420 1763 1493 qui
1776 1419 1818 1475 ¹¹1·

166 1521 272 1578 „0110ae
309 1521 501 1578 communione
537 1522 680 1593 privatum,
719 1521 848 1593 quonjam
875 1536 971 1577 coen0.
1022 1504 1119 1560 mirum
1134 1506 1245 1578 speciali
1259 1508 1439 1581 prerogativa
1453 1509 1820 1580 nostrorumviscerumprae

166 1610 243 1664 bium
266 1609 440 1680 Nonantulae,
467 1610 539 1682 quod
561 1626 670 1682 semper
684 1609 842 1681 apostofigae
857 1608 931 1666 88de
945 1616 973 1665 et
1022 1593 1127 1649 caefel'fs
1146 1594 1247 1650 foveris
1261 1595 1290 1650 in
1304 1604 1393 1653 unfro.
1410 1599 1479 1654 0818
1494 1614 1523 1653 lv
1539 1597 1678 1655 Kalendas
1692 1596 1764 1663 Maii,
1779 1596 1822 1651 in·

165 1705 267 1754 nostrae
288 1698 374 1769 ipsius
395 1698 561 1753 auctoritatis
585 1698 729 1770 privilegio
753 1697 883 1752 munitum
904 1696 1005 1773 nul-B
1022 1681 1139 1738 dictim
1151 1698 1181 1738 ¹·

163 1785 219 1841 lius
242 1785 391 1843 invasionis
414 1787 588 1858 usurpatione
611 1786 792 1855 detinebatur,
815 1786 863 1842 sed
878 1785 963 1841 solius

163 1876 308 1947 bucusque
323 1874 430 1931 abbatis
439 1891 454 1931 e
464 1875 571 1949 greuuo
584 1874 696 1930 fratmm
712 1875 792 1931 electi
807 1883 887 1946 atque
897 1891 968 1946 prae·

163 1963 213 2018 leti
227 1963 416 2019 moderamine
439 1963 593 2037 regebatur,
622 1962 765 2035 subripuit,
787 1963 897 2034 suisque
912 1962 969 2018 usi·

163 2052 229 2122 bus,
245 2051 392 2108 coarctatis
406 2059 527 2107 extrema
543 2060 666 2125 egestate
681 2051 833 2119 monachis,
849 2050 972 2122 applica·

162 2141 215 2207 vit,
246 2148 274 2196 et
301 2127 414 2196 eatenus
442 2140 524 2196 etiarn
552 2148 614 2211 post
642 2139 769 2212 frequens
796 2139 970 2195 interdictum

1346 1790 1493 1847 LXXVIII.

1190 1891 1227 1933 tn
1247 1893 1405 1934 vacuatam
1423 1895 1653 1937 affluerunrux.

1328 1969 1417 2037 (Anno
1437 1968 1512 2040 877.)

1261 2056 1393 2127 Ejusdem
1408 2060 1579 2129 arpamerrti.

1054 2141 1182 2196 lacunas
1197 2142 1342 2216 episcopus
1356 2147 1497 2201 Ponuntur
1511 2144 1693 2217 praefecturio.

161 2236 291 2284 nostrum
306 2229 471 2300 opprimere,
488 2228 713 2300 saeculariumque
728 2227 852 2282 menibus
867 2227 972 2298 disper·
1056 2229 1085 2284 Si
1100 2245 1164 2286 vere
1189 2230 1282 2304 utique
1305 2233 1436 2306 magister
1451 2234 1566 2289 militum
1579 2242 1689 2306 paetum
1703 2233 1819 2288 Sarace-

161 2318 245 2373 titum
268 2317 386 2388 prodere
411 2333 465 2373 non
490 2316 627 2386 formidat,
644 2325 738 2372 contra
752 2323 904 2371 sanctorum
918 2316 969 2371 Pa·
1020 2332 1118 2372 norum
1138 2320 1281 2391 proposuit
1300 2338 1436 2393 mmpere,
1462 2323 1604 2379 hortamur
1624 2329 1653 2378 ut
1666 2321 1820 2390 Traiectum

159 2415 239 2462 trum
253 2405 375 2479 regulas,
391 2420 513 2462 necnon
528 2412 553 2461 et
569 2405 701 2460 adversus
723 2404 969 2476 apostolicaesedis
1019 2421 1081 2462 cum
1096 2406 1197 2479 inclyto
1213 2423 1309 2464 socero
1332 2418 1378 2466 tuo
1393 2411 1487 2478 adeas,
1504 2411 1550 2466 ubi
1566 2426 1674 2483 quoque
1689 2417 1716 2465 et
1728 2417 1821 2465 nostra

160 2502 189 2550 et
206 2493 292 2549 totins
305 2501 407 2549 sanctae
421 2493 518 2566 synodi
528 2493 699 2558 sententiam,
711 2493 739 2546 in
749 2493 969 2549 communionem
1019 2503 1125 2566 reperta
1138 2497 1293 2567 praesentia,
1310 2498 1442 2571 quidquid
1463 2499 1660 2555 rationabiliter
1676 2498 1817 2570 quaeritur,

156 2590 230 2656 post
243 2588 368 2638 nostram
382 2596 491 2654 quoque
514 2581 726 2653 prohibitionem
740 2597 788 2653 per
802 2582 901 2637 missos
916 2597 968 2638 no·
1018 2583 1150 2656 quidquid
1165 2586 1349 2641 necessarium
1365 2603 1413 2642 seu
1426 2588 1557 2658 possibile
1578 2587 1737 2659 postulatur,
1753 2599 1818 2657 gre·

158 2679 239 2727 stros
254 2677 282 2726 et
295 2669 387 2741 apices
402 2670 552 2741 saepissime
567 2670 729 2725 destinatam
740 2670 843 2741 passim
854 2671 967 2742 recepit,
1018 2672 1168 2727 tentissime
1192 2673 1334 2730 confestim
1356 2676 1479 2731 admittet
1496 2695 1502 2731 :
1518 2675 1568 2733 sed
1583 2684 1610 2732 et
1633 2674 1766 2746 ampliora
1780 2673 1820 2728 fa·

158 2767 188 2817 et
210 2758 242 2814 in
266 2759 372 2815 cunctis
394 2758 575 2828 pravitatibus
599 2759 658 2827 ejus
680 2759 805 2814 conscius
829 2766 855 2813 et
878 2757 968 2813 fautor
1017 2775 1080 2815 cere
1093 2760 1167 2816 nullo
1181 2762 1263 2818 modo
1286 2764 1486 2832 recusabimus,
1502 2772 1531 2820 ut
1545 2779 1650 2831 omnes,
1667 2762 1819 2819 secundum

155 2847 305 2920 apparuit.
315 2847 583 2903 Ercommunieatum
594 2847 676 2918 igitur
685 2864 747 2903 eum
759 2846 864 2913 scitote,
880 2847 968 2904 donec
1017 2850 1186 2920 Apostolum,
1215 2851 1376 2909 lucrifacere
1404 2853 1542 2910 veleamus
1566 2855 1604 2924 (ll
1627 2855 1688 2910 Cor.
1714 2853 1765 2923 rx).
1787 2852 1818 2906 In

150 2938 187 2994 in
203 2935 384 3009 praesentiam
394 2936 467 2991 aedis
478 2935 635 3007 apostoliea
645 2936 767 3002 veniens,
779 2935 813 2991 de
824 2936 966 3007 praedicto·
1017 2953 1071 3009 quo
1085 2938 1218 2994 industria
1237 2949 1281 2995 tua
1303 2949 1378 2996 tanto
1403 2941 1544 2998 sollicitius
1569 2942 1700 3010 elaboret,
1717 2946 1819 3012 quanto

147 3041 223 3081 rum
254 3039 415 3080 excessuum
446 3023 572 3096 qualitate
601 3024 728 3080 idoneam
752 3023 965 3080 satisfactionem
1017 3025 1147 3097 liquidius
1161 3028 1212 3083 sibi
1232 3044 1281 3100 per
1304 3030 1357 3087 hoc
1381 3031 1494 3086 coeleste
1515 3031 1658 3102 praemium
1671 3045 1687 3084 a
1701 3027 1818 3085 Domino

147 3129 262 3171 coram
278 3112 382 3184 positus
403 3113 565 3168 exhibuerit.
583 3111 650 3181 Quae
665 3113 688 3168 si
703 3113 896 3184 contempserit
911 3112 967 3168 exi·
1021 3116 1079 3169 Deo
1095 3115 1176 3170 tribui
1186 3132 1240 3172 non
1254 3118 1372 3189 ignorat.
1383 3119 1510 3190 Alioquin
1521 3120 1653 3174 adversus
1668 3133 1740 3183 eum,
1757 3132 1818 3188 quaa

146 3211 242 3261 stens
266 3200 386 3267 interim,
402 3201 498 3257 existet
521 3218 572 3273 per
593 3201 684 3256 omnia
704 3201 895 3257 communione
907 3202 970 3270 jure
1021 3202 1104 3275 digne
1117 3219 1263 3274 possumus
1283 3222 1377 3279 agere,
1393 3206 1605 3261 indubitabiliter
1620 3213 1647 3260 et
1660 3203 1819 3259 indifferen-

140 3291 300 3363 privatus,
316 3289 374 3361 pari
394 3289 502 3345 vinculo
518 3288 642 3345 irretiens
657 3291 813 3360 omnesqui
828 3289 879 3344 sibi
895 3305 973 3345 com·
1021 3296 1061 3345 ter
1075 3307 1214 3359 exercere,
1232 3294 1339 3349 Christo
1353 3295 1481 3365 propitio,
1498 3293 1649 3349 nullatenus
1664 3292 1818 3348 omittemus

139 3376 376 3443 municaverint,
392 3377 435 3432 vel
457 3386 548 3434 contra
575 3377 748 3433 interdictum
763 3385 886 3434 nostmm
900 3393 968 3434 ausu
1019 3377 1088 3432 Data
1103 3395 1131 3434 ιν
1146 3380 1205 3434 Kal.
1222 3381 1293 3451 dieii,
1309 3381 1456 3438 indictione
1470 3397 1501 3438 x.

147 3466 318 3525 temerario
342 3465 480 3533 faverint3
495 3466 567 3521 unde
582 3481 630 3522 vos
654 3475 748 3522 cautos
763 3466 881 3522 reddere
896 3466 973 3522 volu·
1357 3497 1483 3553 LXXIX·
1537 3454 1544 3467 ’

131 3573 235 3623 mus,
253 3554 278 3610 si
292 3569 347 3609 non
361 3553 442 3610 vultis
452 3554 505 3625 ipsi
519 3555 607 3610 eidem
621 3555 770 3610 secundum
785 3556 895 3626 regulas
906 3555 970 3610 sub·
1142 3597 1179 3637 A„
1198 3598 1327 3642 mom„
1345 3601 1454 3642 cmv„
1481 3599 1690 3643 mmm,
1784 3633 1787 3639 ,

123 3645 255 3716 jacere
277 3642 389 3712 judicio.
407 3642 540 3715 Optamus
555 3659 615 3710 vos,
636 3644 969 3700 etc.Data1vllalendas
1324 3675 1415 3746 (Anno
1435 3676 1510 3746 377.)

130 3733 235 3800 Μῦν
252 3730 402 3787 indi⁰¹i⁰¹¹⁹
416 3747 447 3786 ¹·
1018 3757 1168 3819 Accilium
1191 3767 1291 3819 contro
1314 3766 1467 3822 Saracenos
1490 3764 1635 3836 implorat,
1660 3765 1708 3835 qui
1723 3763 1819 3819 devas-

497 3837 631 3894 Lxxvss.
1055 3832 1116 3890 fata
1133 3835 1297 3906 Campania,
1313 3836 1410 3892 arania
1434 3838 1526 3892 Romoe
1548 3834 1708 3891 suburbana
1731 3834 1816 3906 depo-

277 3941 315 3983 au
333 3941 500 3984 manmena
519 3943 674 3983 svrscorurt
693 3942 850 3983 annutante.
1055 3906 1240 3980 putabantur.

475 4016 565 4088 (Anno
585 4016 660 4085 8η)
1052 3996 1181 4050 loannes
1193 3993 1338 4065 episcopus
1351 3994 1386 4049 ad
1401 3993 1602 4065 imperatorem.

126 4107 257 4164 nom
282 4107 317 4160 ,η
332 4104 385 4160 „pp
406 4105 547 4176 „pm-pm
569 4122 607 4160 a„
632 4106 882 4178 Neapolitanorum
906 4105 968 4161 dux
1054 4083 1151 4139 Divina
1172 4083 1234 4138 ideo
1256 4084 1384 4152 majestas
1398 4084 1588 4140 excellentiam
1612 4090 1733 4140 vestram
1761 4099 1819 4156 praa

196 4173 292 4248 scedas
316 4191 382 4230 cam
396 4175 544 4232 Saracenis
570 4178 677 4231 irritum
698 4180 830 4247 frangere
843 4178 922 4242 velit,
940 4180 968 4232 et
1017 4173 1124 4230 caeteris
1138 4171 1222 4245 elegit
1245 4172 1360 4227 Romani
1374 4172 1481 4244 imperii
1502 4172 1643 4228 altitudine
1658 4172 1816 4244 sublimare,

198 4248 248 4302 ‘1⁶²
263 4261 378 4318 Operam
403 4249 435 4301 “f
457 4246 531 4301 idem
555 4246 616 4301 ‘1²⁴2
638 4247 788 4318 &liffeim
802 4248 968 4303 “pulchar
1018 4261 1208 4334 augustalique
1236 4260 1319 4314 voluit
1346 4260 1498 4316 diademate
1528 4276 1672 4327 coronare,
1701 4267 1730 4314 ut
1759 4262 1817 4316 Deo

198 4333 261 4373 aaa
275 4332 373 4371 secam
391 4318 549 4387 trajectum
563 4332 592 4372 te
605 4319 765 4388 conferant,
789 4333 841 4399 qap
851 4319 910 4388 ipse
924 4322 967 4373 est

198 4389 475 4459 atura13paratam
496 4403 525 4443 sc
545 4388 631 4443 adea
653 4405 713 4459 qaoe
734 4392 916 4460 promiserat,
939 4390 967 4443 et
1045 4437 1050 4447 ,
1167 4436 1172 4446 .
1301 4435 1306 4445 .
1438 4435 1479 4446 ..

196 4458 306 4530 majora
328 4474 537 4523 comarum,
559 4459 584 4513 ,p
609 4460 669 4531 ips,
692 4460 752 4514 dux
776 4461 808 4514 p,
823 4431 1002 4515 ,engentpaD
1017 4435 1174 4508 triumphali
1201 4435 1354 4491 Ecclesiam
1381 4435 1481 4490 Chusa
1509 4448 1577 4493 vace
1601 4451 1683 4508 supra
1710 4443 1817 4508 petram

1017 4357 1112 4404 nostro
1127 4349 1276 4404 clementer
1289 4347 1433 4403 auxiliante
1449 4348 1576 4420 potentiae
1591 4354 1690 4404 vestrae
1706 4348 1817 4405 brachio

192 4530 346 4603 persistat.
1018 4543 1088 4582 verae
1113 4523 1177 4580 fidei
1201 4523 1337 4580 fundatam
1363 4524 1505 4581 tueremini
1529 4540 1648 4596 semper,
1673 4534 1700 4580 et
1718 4526 1752 4580 ad
1766 4525 1817 4580 im·

190 4619 326 4683 [annuas
341 4615 485 4687 episcopus
500 4617 649 4672 bernacro
663 4616 792 4688 episeopo
808 4618 946 4687 Capuano.
1016 4615 1089 4670 mani
1111 4613 1270 4684 crudelique
1294 4629 1464 4685 paganorum
1487 4614 1672 4680 infestatione,
1698 4613 1744 4685 qui
1766 4629 1816 4670 nos

191 4705 315 4762 Student
337 4704 468 4761 sanctitas
484 4712 528 4759 tua
543 4705 693 4761 certissime
713 4705 784 4762 scire
799 4706 821 4760 si
835 4705 966 4777 Neapoli·
1013 4705 1072 4772 jum
1098 4718 1174 4757 more
1198 4703 1332 4758 latronum
1354 4702 1473 4774 undique
1497 4703 1699 4759 circumdantes
1723 4701 1816 4758 omnia

118 4784 293 4852 tQuorum
317 4792 372 4847 dux
387 4793 598 4863 praesentialiter
622 4794 678 4849 vult
692 4801 802 4864 pactum
818 4795 967 4851 Saraceno-
1016 4799 1110 4848 nostra
1135 4791 1199 4863 igne
1214 4791 1359 4864 gladioque
1377 4791 1527 4858 devastant,
1543 4790 1702 4862 piamentis
1718 4790 1815 4847 defen-

113 4878 213 4941 ¹'tarn
233 4881 402 4952 irrumpere,
419 4888 446 4935 et
459 4879 563 4937 foedere
579 4881 687 4948 Christi,
701 4883 774 4954 quod
784 4882 965 4955 integenera·
1016 4880 1116 4936 deretis
1140 4880 1248 4934 intuitu.
1264 4879 1319 4935 Sed
1344 4879 1406 4950 quia
1424 4878 1502 4934 nobis
1516 4879 1612 4951 procul
1627 4878 1816 4950 existentibus,

106 4955 239 5031 ¹¹onis
262 4967 338 5024 unda
359 4969 474 5042 pepigit,
496 4970 540 5026 vel
554 4986 570 5025 a
583 4987 663 5037 nunc,
681 4970 748 5026 sicut
774 4971 895 5026 debitum
913 4979 965 5038 est,
1017 4977 1055 5023 lot
1069 4969 1139 5025 dura
1163 4977 1189 5023 et
1211 4967 1402 5040 importabilia,
1431 4982 1482 5039 pro
1507 4968 1605 5039 quibus
1625 4969 1683 5037 jam
1697 4976 1816 5025 vestram

106 5053 300 5120 veraciter
321 5056 454 5113 inhaerere
471 5076 478 5113 :
495 5066 521 5114 et
536 5059 559 5113 si
582 5059 690 5131 quidem
714 5059 794 5114 talem
818 5075 889 5115 nuuc
909 5060 967 5115 ani·
1015 5057 1186 5128 augustalem
1214 5055 1419 5127 imploravimus
1446 5057 1625 5126 maiestatem,
1653 5073 1734 5128 supra
1756 5071 1816 5111 mo-

106 5140 232 5226 fnum
261 5144 365 5200 babere
386 5147 560 5218 cognoveris,
585 5149 637 5203 hoc
659 5148 739 5203 nobis
760 5147 967 5218 praesentialiter
1016 5146 1081 5200 dum
1096 5145 1216 5217 quotidie
1230 5145 1358 5217 patimur,
1370 5144 1470 5217 quippe
1484 5161 1546 5201 cum
1561 5153 1617 5201 tota
1627 5145 1817 5217 jamdepopu·

106 5229 295 5297 ludicato.
307 5235 365 5306 llge
375 5235 484 5290 ntidem
494 5236 548 5290 dux
558 5235 764 5307 Neapolitanus,
777 5244 803 5292 et
812 5235 967 5292 Guaiferius
1015 5234 1070 5289 lata
1083 5234 1233 5304 Campania
1249 5233 1288 5288 nil
1300 5232 1458 5299 habeamus,
1471 5233 1563 5306 nilque
1571 5233 1660 5299 nobis,
1671 5240 1719 5288 aut
1733 5248 1816 5290 vene·

106 5320 303 5402 jkloriosus
317 5323 455 5395 princeps,
471 5340 503 5378 aa
518 5323 630 5383 Pulclur
649 5324 835 5394 prolectarius
851 5325 886 5379 ad
901 5325 967 5379 Tra·
1017 5322 1148 5377 rabilibus
1170 5321 1354 5387 monasteriis,
1378 5322 1537 5394 caeterisque
1560 5322 1613 5394 piis
1631 5322 1709 5389 locis,
1725 5338 1816 5395 neque

106 5407 262 5474 ¹&ctum
287 5426 342 5466 una
364 5419 454 5468 tecum
474 5413 642 5478 accelereat3
655 5413 701 5468 ubi
723 5413 802 5468 etiam
818 5428 869 5468 nos
889 5429 968 5470 acce·
1017 5410 1122 5468 senatui
1145 5411 1278 5478 Romano,
1302 5411 1373 5467 unde
1389 5411 1568 5483 corporaliter
1585 5410 1732 5468 sustentari
1746 5427 1814 5485 pos·

106 5484 270 5568 flente-a,
288 5515 351 5573 quae
374 5501 433 5557 Deo
457 5509 518 5557 sunt
533 5500 689 5573 placabilia,
705 5508 863 5560 statuemus.
880 5502 967 5559 Parati
1017 5499 1111 5570 simus,
1142 5498 1303 5558 remanserit
1319 5517 1326 5555 z
1341 5499 1468 5560 omnibus
1492 5498 1572 5558 etiam
1595 5500 1689 5560 Roma
1713 5500 1813 5563 subur-
