3794 6104
55 237 101 293 ³05
409 234 530 295 OPUSC.
560 237 605 295 ΕΤ
627 238 735 297 EPIST.
765 239 802 294 IN
831 239 944 298 CAUSA
967 242 1138 303 Htttcttaltt
1161 246 1313 306 tauoutt.
1656 252 1708 311 ³06

59 358 126 433 legia
140 366 288 415 seruentur
302 358 442 416 Ecclesiis.
463 381 474 409 ι
491 360 597 417 Etinde
612 370 759 433 sequentes
769 362 858 419 sancti
871 364 899 424 A
910 364 933 420 si
946 381 1060 424 necesse
1073 367 1113 424 illi
1127 369 1218 440 luerit,
1234 373 1412 443 apostolicam
1436 374 1508 431 beati
1522 376 1593 432 Petri
1609 376 1704 435 sedem

61 464 187 515 meones,
204 447 272 504 etin
287 448 406 505 decretis
421 449 702 507 suisliomentesedis
717 452 863 522 pontifices
910 453 1036 523 appellet,
1052 464 1155 512 etcum
1169 459 1351 529 appellatione
1384 478 1433 517 sue
1456 463 1490 519 ad
1519 479 1706 523 successorem

62 535 305 610 promulgaverunt
320 536 454 606 (Coelest.,
470 555 513 610 ep.
533 542 561 604 2,
577 556 603 595 c.
620 541 647 605 t;
663 539 762 607 Bonis„
780 557 823 613 cp.
834 545 860 608 33
910 536 981 592 illius
996 537 1143 610 confugiat,
1159 550 1188 597 ut
1203 543 1272 613 ipse,
1288 545 1322 600 de
1337 546 1545 616 provincialium
1566 558 1708 621 metropo-

62 641 137 682 eooc.
170 624 313 696 Cortlop„
337 640 362 680 c.
393 624 552 694 tellonis,
570 626 779 699 ep.a;1nnoe.‚
811 645 857 700 ep.
910 623 1053 682 liteuarum
1068 629 1268 703 sediumatque
1283 632 1473 705 episcoporum
1483 628 1605 708 judiciis,
1620 637 1708 694 mise·

61 712 538 786 decret.,c.l0):«Utunequaeque
553 715 751 785 provinciesuo
766 724 863 772 metro-
910 713 998 769 ricors
1012 722 1038 770 et
1053 715 1157 785 justum
1176 717 1307 775 decernat
1331 721 1473 789 judicium,
1503 725 1608 796 quiain
1635 725 1707 782 illius

61 800 329 873 praecendente
353 801 397 866 stt,
413 817 465 857 nee
488 803 658 873 usurpationi
680 803 757 860 loeus
782 804 862 860 alicui
911 801 1028 871 primam
1043 802 1101 874 ipse
1115 804 1212 862 beatus
1227 807 1322 864 Petrus
1336 817 1495 866 cunctorum
1509 827 1594 869 onere
1606 821 1706 884 portat,

62 888 197 945 secerdoti
210 889 238 943 in
253 888 365 944 alterius
380 889 545 945 concedatur
567 891 676 960 injuria.
694 892 735 947 Sit
749 908 862 949 conces·
911 890 987 957 cujus
996 890 1159 963 principatus
1172 896 1331 953 auctoritate
1358 897 1494 956 mediator
1507 900 1557 956 llei
1573 908 1600 956 et
1617 901 1710 957 homi-

64 977 164 1032 sissibi
193 983 337 1034 contentus
363 977 549 1049 unusquisque
576 979 716 1049 limitibus,
737 980 807 1036 alter
833 982 862 1036 in
910 993 976 1033 nurn
989 979 1071 1035 homo
1086 980 1210 1037 Christus
1226 984 1304 1039 lesus
1332 986 1426 1042 sedern
1454 986 1604 1044 Romanam
1626 1005 1710 1060 super

62 1065 172 1121 alterius
185 1065 329 1137 provincie
342 1065 409 1120 nihil
423 1075 579 1137 prasumat,
595 1068 643 1123 sed
657 1069 863 1140 vmetropolitani
911 1081 1006 1122 omnes
1025 1068 1107 1124 sedes
1135 1069 1296 1138 sublimavit,
1326 1073 1536 1131 Alexandrinam
1557 1077 1707 1144 decorarit,

62 1153 100 1209 sui
114 1169 285 1226 unaquaeque
299 1153 438 1226 provincie
467 1155 496 1210 in
509 1156 635 1211 omnibus
650 1158 731 1212 rebus
749 1159 861 1213 ordina·
911 1155 1108 1211 Antiochenam
1123 1156 1302 1226 confirmavit,
1317 1169 1344 1216 et
1357 1177 1407 1233 per
1421 1171 1535 1220 ceteras
1550 1164 1707 1235 provincias

62 1244 161 1298 donem
177 1258 287 1314 semper
301 1251 450 1314 exspectet.
466 1244 501 1298 Et
529 1245 652 1317 quisquis
672 1245 861 1318 episcoporum
910 1243 1053 1316 privilegia
1066 1246 1123 1300 suis
1136 1246 1269 1303 Ecclesiis
1296 1251 1452 1305 conseruari
1475 1267 1507 1308 ac
1534 1252 1708 1309 corroborari

62 1340 212 1397 accusatur,
230 1331 266 1386 ad
279 1331 423 1402 primatem
436 1332 583 1403 provincia
597 1333 683 1404 ipsius
707 1335 861 1391 accusatio·
910 1330 1041 1386 decrevit.
1060 1331 1191 1389 Ordinem
1205 1343 1295 1391 eutem
1320 1338 1486 1410 exsequendi
1497 1339 1591 1407 judicii
1608 1340 1643 1397 de
1657 1356 1708 1412 ap·

62 1436 123 1476 nem
136 1418 246 1476 deleret
258 1427 411 1487 accusator,
428 1429 454 1476 et
475 1430 618 1478 accusatus
633 1423 678 1478 die
701 1429 800 1479 statuta
814 1424 860 1478 lit·
909 1418 1027 1489 pellente
1041 1421 1171 1493 episcopo
1193 1423 1265 1479 idem
1279 1425 1423 1482 concilium
1444 1426 1570 1498 explanat
1591 1427 1709 1485 dicens:

62 1508 124 1564 teris
138 1509 304 1581 regulariter
331 1517 470 1574 evocatus,
500 1526 622 1581 presens
637 1511 660 1566 si
688 1510 798 1567 confidit
826 1512 861 1567 ed
913 1507 1043 1563 «Placuit
1061 1517 1088 1563 ut
1104 1510 1127 1565 si
1150 1512 1295 1584 episcopus
1320 1522 1464 1570 accusatus
1478 1513 1568 1582 luerit,
1594 1523 1621 1571 et
1632 1516 1708 1585 judi-

63 1597 165 1666 objecta
179 1596 356 1668 respondeat.
374 1597 428 1652 Sed
443 1605 469 1653 ct
483 1598 506 1652 si
519 1615 580 1670 quae
594 1600 735 1655 causavel
750 1608 862 1656 conten·
910 1595 1032 1651 caverint
1048 1600 1209 1671 congregati
1229 1601 1350 1672 episcopi
1373 1603 1500 1675 regionis
1515 1603 1611 1675 ipsius,
1630 1613 1656 1659 et
1675 1605 1709 1661 de

63 1686 148 1741 tiones
171 1685 450 1756 inter1olericostam
473 1686 621 1758 superioris
649 1688 752 1743 ordinis
779 1704 860 1759 quern
875 1684 1000 1776 Egredu
1014 1701 1064 1740 suo
1079 1701 1140 1741 eum
1151 1687 1309 1757 dejecerint,
1326 1692 1349 1744 si
1368 1690 1548 1762 appellaverit
1570 1692 1617 1763 qui
1631 1690 1710 1760 deje-

63 1775 142 1830 etiam
156 1772 297 1829 interioris
311 1772 412 1829 luerint
425 1783 534 1841 exortae,
551 1776 723 1848 congregetis
739 1777 862 1845 ejusdem
912 1780 971 1828 ctus
986 1781 1035 1839 est,
1052 1782 1078 1830 et
1093 1774 1245 1848 confugerit
1258 1778 1292 1832 ed
1303 1779 1455 1849 episcorum
1474 1781 1604 1837 Romanae
1613 1780 1709 1837 Eccle-

61 1861 210 1934 prouiaciae
224 1862 372 1933 episcopis,
385 1862 505 1935 jurgium
518 1864 676 1919 terminetur
692 1882 698 1920 :
716 1881 767 1922 nec
781 1865 861 1921 alicui
912 1862 969 1930 siae,
985 1869 1011 1917 et
1025 1862 1140 1918 uoluerit
1154 1880 1184 1919 se
1198 1865 1295 1932 audiri,
1318 1867 1341 1921 si
1357 1868 1460 1936 Justum
1473 1869 1610 1939 putauerit
1623 1877 1653 1924 ut
1666 1884 1711 1925 re·

63 1951 152 2018 liceat,
170 1950 276 2007 relictis
289 1951 333 2006 his
348 1951 547 2018 sacerdotibus,
574 1952 618 2024 qui
642 1953 670 2007 in
685 1953 782 2009 eadem
796 1970 861 2024 pro·
911 1958 1026 2005 novetur
1040 1966 1164 2017 examen,
1180 1952 1302 2009 scribere
1316 1954 1359 2010 his
1374 1954 1510 2027 episcopis
1524 1956 1652 2027 dignetur
1666 1957 1713 2029 qui

61 2039 149 2095 rincitt
163 2038 216 2095 Dei
231 2039 386 2095 Ecclesiam
397 2046 462 2094 nutu
476 2040 739 2113 divinogubernant,
751 2041 784 2096 ad
794 2042 862 2096 elias
911 2037 939 2092 in
952 2037 1066 2094 linitime
1081 2048 1107 2095 et
1117 2041 1268 2113 propinqua
1287 2042 1428 2112 provincie
1451 2052 1521 2112 sunt,
1538 2052 1568 2099 ut
1582 2045 1634 2115 ipsi
1649 2044 1710 2099 dili-

61 2128 207 2184 eonvolere
222 2127 387 2198 provincias.
407 2151 417 2173 ι
912 2133 1009 2198 genter
1032 2142 1142 2183 omnmo
1169 2130 1317 2200 requirent,
1349 2139 1374 2186 et
1395 2132 1472 2200 Juxta
1495 2131 1577 2187 fidem
1592 2132 1711 2189 veritatis

83 2216 193 2272 Eodem
208 2223 303 2272 sancto
318 2215 419 2287 Spiritu
434 2216 594 2288 inspirante,
610 2233 664 2289 quo
679 2225 705 2273 ct
719 2218 863 2289 praemisse
912 2213 1051 2269 diffiniant.
1063 2215 1142 2284 Quod
1158 2217 1181 2271 si
1195 2217 1218 2272 is
1250 2218 1295 2289 qui
1309 2227 1389 2290 rogat
1404 2235 1516 2275 causam
1531 2236 1608 2275 suam
1623 2220 1711 2276 audiri

60 2304 177 2361 dirersis
193 2305 289 2359 oribus
303 2305 473 2376 diversisque
482 2306 650 2376 temporibus
666 2307 774 2363 decreta
790 2315 861 2375 sunt,
913 2301 1020 2368 iterum,
1033 2303 1224 2374 deprecatione
1239 2322 1287 2360 sua
1300 2297 1414 2363 moverit
1429 2309 1587 2379 episcopum
1606 2310 1710 2364 Rome·
1774 2334 1779 2343 ·

59 2393 246 2449 venerandum
256 2392 419 2449 sardicense
433 2393 575 2449 concilium
591 2395 683 2449 statuit
693 2396 783 2463 (coac.
794 2398 862 2451 Sor-
914 2407 988 2456 num,
1005 2400 1032 2446 ut
1060 2408 1075 2447 e
1097 2392 1183 2448 latere
1199 2409 1248 2449 suo
1274 2396 1462 2466 presbyterum
1488 2397 1586 2466 mittet,
1614 2398 1666 2453 erit
1683 2397 1711 2451 in

59 2482 123 2549 dic„
133 2498 197 2553 cap.
208 2485 253 2554 3):
266 2482 321 2537 «Ut
331 2482 354 2536 si
364 2481 489 2554 ineliqua
498 2482 639 2554 prouincia
649 2483 748 2555 aliquis
758 2484 864 2555 episco·
913 2487 1046 2549 potestate
1070 2481 1192 2553 episcopi
1207 2483 1271 2554 quid
1286 2483 1359 2553 velit,
1379 2492 1405 2539 et
1419 2484 1485 2556 quid
1499 2485 1613 2540 estimet
1629 2504 1636 2551 ·,
1653 2485 1713 2541 etsi

58 2587 107 2644 pus
121 2579 222 2627 contra
234 2570 345 2626 fratrem
368 2586 446 2625 suurn
461 2571 619 2643 episcopum
630 2572 705 2627 litem
725 2574 861 2639 hebuerit,
896 2567 1065 2625 decreverit
1079 2569 1224 2627 mittendos
1239 2588 1300 2626 esse
1315 2573 1361 2644 qui
1385 2581 1535 2643 presentes
1564 2590 1626 2628 cum
1650 2574 1712 2645 epi-

60 2675 93 2715 ae
107 2675 181 2714 unus
198 2659 331 2715 eduobus
346 2674 378 2714 ex
394 2659 445 2714 alia
469 2660 608 2730 provincia
623 2661 738 2717 advocet
757 2662 862 2731 episco·
914 2657 1005 2726 scopis
1035 2657 1166 2725 judicent,
1194 2659 1326 2715 habentes
1355 2661 1612 2728 ejusauctoritetem
1627 2676 1708 2731 aquo

59 2764 122 2819 pum
136 2747 319 2820 cognitorem.
331 2746 411 2816 Quod
427 2747 450 2802 si
465 2747 563 2819 uliquis
573 2748 863 2820 episcopusjudicatus
914 2745 1041 2800 destinati
1055 2753 1127 2812 sunt,
1153 2746 1202 2801 erit
1231 2747 1259 2802 in
1273 2763 1321 2802 suo
1349 2749 1467 2804 arbitrio.
1497 2749 1525 2803 Si
1540 2765 1605 2805 vero
1619 2748 1712 2805 credi-

60 2835 183 2892 fueritin
196 2836 287 2908 alique
307 2851 400 2903 cause,
423 2845 450 2891 et
476 2844 551 2908 putat
572 2854 602 2892 se
627 2838 725 2893 bonam
750 2853 861 2894 oausam
914 2831 984 2886 derit
999 2833 1144 2904 episcopos
1158 2834 1291 2903 sufficere,
1325 2845 1354 2890 ut
1369 2837 1478 2910 negotio
1500 2838 1642 2894 terminum
1657 2838 1712 2893 im·

58 2926 160 2981 hebere
176 2933 205 2980 ut
218 2925 318 2980 iterum
331 2924 475 2981 concilium
492 2933 647 2994 renovetur,
680 2926 765 2982 sancti
790 2928 862 2981 Petri
913 2930 1023 2991 ponant,
1040 2921 1120 2978 faciet
1143 2924 1215 2995 quod
1238 2924 1438 2996 sapientissimo
1466 2926 1579 2982 consilio
1604 2927 1712 2996 iudica-

61 3013 177 3086 epostoli
205 3012 261 3086 (cui
290 3014 325 3069 ob
353 3014 437 3068 robur
462 3013 634 3069 solidissimae
649 3013 712 3069 fidei
739 3015 863 3069 Christus
914 3010 1022 3065 verit.»

60 3112 135 3174 petra
149 3118 209 3159 ese
219 3118 320 3158 nornen
330 3103 402 3157 Petri
412 3101 519 3169 indidit,
533 3101 694 3158 dicens2Ta
704 3119 732 3159 ce
750 3105 861 3171 Patras,
950 3100 1023 3172 Lege
1047 3100 1190 3170 epistolem
1213 3101 1299 3173 ipsius
1333 3103 1504 3160 Sardieensis
1539 3103 1647 3160 concilii
1679 3103 1714 3159 ed

61 3197 188 3265 etraper
203 3192 277 3247 hanc
290 3195 414 3264 patrem,
425 3190 529 3247 scilicet
543 3199 626 3246 rectae
634 3189 706 3258 fidei,
720 3207 801 3263 quam
812 3194 862 3246 Pe·
913 3202 1009 3242 ornnes
1038 3204 1154 3259 usquam
1181 3189 1333 3261 episcopos,
1364 3198 1389 3247 ct
1403 3192 1526 3247 invenies
1555 3193 1608 3248 hoc
1630 3193 1713 3248 modo

62 3288 99 3336 ue
113 3279 163 3335 tibi
174 3279 315 3336 revelante
323 3279 466 3335 confessus
481 3296 521 3346 es,
552 3280 692 3349 oediftcapo
705 3282 862 3336 Ecclesiam
913 3272 1091 3326 Athanasium
1105 3273 1328 3340 Alexandrinum,
1347 3282 1372 3329 et
1393 3274 1505 3329 Paulum
1520 3276 1715 3331 Constantino-

62 3387 164 3437 meam,
174 3369 436 3425 ettibidaboclaoes
446 3370 526 3441 requi
536 3367 788 3440 coelorumfflatth,
800 3384 860 3438 χιι,
913 3359 1072 3429 politanum,
1090 3361 1139 3415 sed
1153 3371 1180 3416 et
1193 3361 1262 3416 alios
1285 3363 1441 3433 apostolicae
1465 3363 1538 3418 sedis
1558 3364 1716 3420 auctoritaie

63 3457 164 3532 18‚{9]3
175 3464 204 3512 et
219 3474 227 3511 ς
242 3457 440 3531 Tualiqqrando
449 3473 599 3514 conversus
610 3457 746 3526 confirma
756 3460 862 3528 [ratres
913 3448 940 3502 in
955 3449 1051 3502 eadem
1062 3450 1167 3520 synodo
1181 3449 1322 3505 absolutos
1350 3464 1382 3506 80
1405 3451 1548 3506 restitutos.
1575 3452 1647 3524 Lege
1662 3452 1714 3509 de·

63 3552 120 3605 tuos
134 3547 216 3620 {Leto
242 3560 314 3613 xxtt,
340 3544 406 3618 321(
421 3545 547 3601 uidelicet
575 3547 660 3601 Pasce
690 3561 751 3602 oves
784 3562 862 3602 eneas
913 3536 1040 3592 crotelem
1064 3537 1204 3608 epistolam
1218 3538 1317 3593 Leonis
1340 3539 1374 3592 ad
1393 3539 1539 3610 episcopos
1553 3555 1603 3611 per
1622 3540 1712 3595 Caesa·

61 3637 148 3710 prm,
163 3650 228 3702 m,
252 3633 480 3707 25]‚mem0riam
502 3635 630 3691 honorari
654 3634 802 3690 constituit,
828 3636 863 3691 Ut
913 3625 1032 3679 ricnsem
1061 3625 1248 3681 Mauritaniam
1278 3626 1438 3682 constitutos
1470 3628 1565 3700 (epist.
1599 3629 1654 3699 et),
1685 3635 1713 3683 et

63 3725 195 3782 scribetur
209 3725 301 3797 (conc.
331 3723 450 3790 Sardio,
467 3738 528 3778 can.
545 3727 571 3792 3,
590 3724 617 3794 l)
632 3722 720 3778 abhis
734 3723 780 3793 qui
795 3739 862 3779 eeu·
913 3712 1036 3769 invenies
1048 3713 1369 3785 Lupicinum,secundum
1379 3716 1460 3784 hujus
1470 3717 1567 3788 synodi
1578 3717 1710 3785 tenorem,

63 3812 324 3871 semenaminarunt
338 3811 645 3882 Romanoepiscopo,et
659 3810 682 3865 si
701 3811 864 3881 judicaverit
912 3801 940 3858 in
970 3802 1111 3873 provincie
1132 3802 1239 3871 jussum
1261 3803 1356 3870 audiri,
1386 3820 1449 3860 oum
1474 3805 1579 3860 ratione
1604 3805 1709 3862 reddite

63 3902 250 3959 renovandum
260 3917 322 3957 esse
333 3901 476 3972 judicium,
489 3907 636 3956 renovetur
645 3908 671 3956 et
683 3900 860 3969 detjudices;
914 3907 998 3963 quare
1012 3891 1231 3947 communionem
1246 3900 1308 3948 ente
1330 3892 1494 3949 auditionem
1514 3902 1658 3949 meruerat.
1678 3894 1715 3949 Et

64 3991 85 4045 si
97 3999 191 4048 autern
217 3989 375 4062 probaverit
387 3989 477 4061 ,talem
491 4004 554 4045 esse
567 4004 688 4053 oensem,
705 3996 734 4043 nt
748 4004 802 4043 non
818 4005 863 4043 re·
913 3995 968 4035 non
982 3979 1164 4051 praejudicetis
1184 3980 1341 4051 apostolieae
1364 3981 1438 4036 sedis
1451 3982 1565 4047 statutis,
1579 3999 1631 4040 nec
1642 3999 1712 4054 prae-

66 4078 191 4136 lricentur
205 4095 268 4152 quae
281 4087 342 4135 ecta
357 4087 429 4144 sunt,
447 4094 508 4150 quae
528 4077 682 4133 decreverit
705 4075 865 4132 confirmata
914 4068 1089 4124 decessorum
1104 4084 1214 4123 suorum
1230 4068 1340 4141 suisque
1356 4069 1484 4135 decretis,
1501 4072 1635 4126 Donatum
1646 4070 1713 4127 seti-

66 4176 148 4224 erunt.
163 4168 201 4223 Et
230 4183 293 4224 oum
311 4166 410 4239 aliquis
441 4167 586 4238 episcopus
614 4165 758 4236 depositus
783 4164 864 4220 luerit
913 4156 1053 4212 cirtensem
1067 4157 1348 4214 conversumdirecto
1370 4156 1433 4214 lidei
1448 4159 1540 4214 libello
1555 4159 1634 4232 gregi
1652 4159 1711 4215 llo-

68 4272 155 4313 wmm
179 4256 375 4328 episcoporum
398 4255 511 4325 judicio,
541 4255 587 4327 qui
615 4253 644 4308 in
671 4254 766 4310 vicinis
795 4253 864 4310 locis
913 4244 1012 4301 minico
1040 4246 1211 4316 praesedisse.
1228 4246 1376 4301 lllaximum
1391 4246 1482 4313 etiem,
1498 4263 1531 4301 ex
1546 4247 1713 4319 laicorepre·

68 4354 275 4412 commorantur,
293 4352 319 4401 et
334 4343 541 4415 proclamaverit
555 4344 694 4416 egendum
708 4342 761 4397 sibi
774 4358 863 4416 nego·
914 4333 1081 4389 hensibiliter
1094 4334 1257 4401 ordinatum,
1275 4333 1397 4389 similiter
1412 4334 1476 4390 dato
1484 4333 1586 4399 libello,
1602 4334 1636 4388 ab
1652 4335 1712 4405 epi-

69 4434 127 4490 qum
139 4435 169 4490 jn
184 4434 254 4490 urbe
270 4435 365 4499 Roma,
377 4432 446 4488 „pes
460 4432 605 4504 episcopus
629 4432 656 4486 jn
679 4431 802 4500 ejusdem
817 4447 862 4486 ca.
877 4417 1027 4493 Dseopali,
1042 4438 1123 4492 quarn
1138 4421 1329 4494 quoquomodo
1340 4421 1564 4492 adeptuslueret,
1581 4421 1712 4493 dignitate

70 4522 166 4591 thedre,
181 4530 246 4596 post
260 4522 474 4594 appellationem
489 4521 605 4593 ejusqui
619 4519 725 4575 ridetur
739 4536 800 4575 esse
815 4520 863 4575 de·
913 4525 967 4565 n0¹¹
992 4509 1097 4580 repelli·
1118 4510 1219 4582 Assgflli
1244 4509 1361 4582 denique
1385 4519 1411 4564 ⁰¹
1430 4509 1567 4564 Tibel'issssi
1589 4525 1711 4576 eausam,

69 4613 174 4682 positus,
190 4611 304 4668 manino
319 4627 374 4666 „011
398 4610 544 4679 ordinetur,
567 4608 619 4663 nisi
645 4623 727 4664 causa
741 4607 821 4664 suerit
835 4608 863 4662 jn
913 4598 959 4670 qui
973 4614 1022 4669 per
1035 4597 1166 4653 turnultus
1188 4606 1214 4652 et
1229 4599 1377 4655 seditiones
1398 4598 1557 4654 dicebantur
1583 4596 1710 4664 ordinati,

70 4698 160 4767 judicio
187 4699 312 4772 episcopi
341 4699 457 4756 Romani
495 4697 681 4753 determinate.
713 4718 723 4745 i
758 4697 863 4752 laetam
912 4686 1318 4759 provincialiumepiscoporum
1330 4687 1432 4757 judicio
1445 4686 1619 4742 commissam
1627 4685 1713 4741 luisse

72 4802 179 4863 nmque
208 4805 242 4846 αθ
271 4788 372 4845 satione
399 4786 587 4859 plenissimum
611 4784 770 4840 §aretinense
798 4784 864 4840 vidit
914 4785 939 4831 et
952 4776 988 4831 ad
1002 4777 1180 4848 apostolicam
1196 4777 1290 4832 sedem
1314 4783 1413 4830 statute
1437 4772 1580 4828 reserenda
1605 4789 1711 4844 praece·

72 4879 216 4948 commum,
235 4885 263 4933 ut
278 4877 340 4950 quia
354 4878 505 4933 secundum
529 4889 622 4930 sacros
637 4873 762 4930 Nicaenos
778 4889 863 4929 0³00.
912 4864 1083 4936 ptumiuisse
1105 4866 1237 4933 invenies,
1263 4874 1289 4920 et
1304 4864 1327 4919 si
1341 4879 1402 4935 quer
1426 4878 1517 4917 cause
1539 4862 1711 4931 emerserint,

73 4981 121 5035 nes,
138 4983 311 5040 unaquaeque
329 4966 470 5038 provincia
492 4979 542 5021 suo
557 4961 762 5033 metropolitano
784 4962 864 5017 debet
914 4971 976 5026 quae
990 4954 1025 5010 ad
1040 4962 1137 5011 statum
1152 4952 1345 5016 Ecclesierum‚
1362 4959 1389 5005 et
1403 4951 1438 5005 ed
1453 4951 1629 5007 concordiem
1645 4968 1712 5023 per-

72 5069 123 5113 esse
136 5055 286 5122 contentia,
302 5070 354 5113 nec
364 5053 532 5125 usurpationi
547 5049 713 5108 locuselicui
727 5051 863 5106 secerdoti
914 5043 1017 5098 tineent
1032 5043 1215 5108 sacerdotum,
1230 5041 1258 5094 in
1270 5039 1410 5110 provincia
1425 5040 1477 5095 sul>
1492 5040 1588 5096 timore
1603 5040 1712 5096 Domini

70 5141 214 5202 ualterins
228 5144 390 5212 conceditur
402 5142 509 5212 injurie,
525 5156 614 5214 neque
628 5147 657 5194 ut
670 5138 738 5193 alter
752 5139 780 5193 in
795 5139 863 5195 alte·
913 5131 1049 5198 ventilari,
1066 5140 1091 5187 et
1106 5132 1139 5186 de
1155 5128 1311 5200 compositis
1326 5144 1359 5184 ac
1374 5129 1570 5201 componendis
1586 5128 1712 5184 omnibus

68 5231 115 5289 rius
128 5232 274 5305 prouincia
287 5232 415 5305 quiddam
444 5237 599 5304 presumat,
619 5228 669 5284 scd
695 5244 864 5302 unaquaeque
913 5221 947 5276 ed
963 5220 1057 5276 sedem
1071 5217 1244 5290 apostolicam
1258 5216 1443 5288 plenissimam
1458 5217 1619 5273 relationem
1632 5216 1711 5287 mitti,

69 5323 201 5392 muncia
217 5322 419 5394 metropolitani
433 5320 475 5377 sui
490 5321 518 5376 in
540 5318 666 5376 omnibus
681 5317 763 5371 rebus
787 5319 863 5375 ordi-
914 5318 942 5364 nt
966 5325 997 5363 ee
1012 5308 1152 5378 queejuxte
1167 5305 1382 5363 ecclesiasticum
1397 5322 1502 5362 morem
1522 5307 1595 5374 juste
1610 5312 1636 5360 et
1665 5322 1711 5361 ra·

66 5412 477 5483 mtionemsempcrexspectet,
494 5426 529 5466 ne
548 5410 685 5481 judicatus
707 5407 735 5465 in
752 5409 864 5482 provin.
913 5395 1077 5451 tionabiliter
1102 5393 1201 5449 luerint
1228 5393 1350 5464 diffinite,
1367 5394 1452 5466 ipsius
1476 5393 1611 5449 sententia
1625 5395 1712 5451 robo-

67 5499 119 5559 cidi
129 5501 240 5575 iudicio
254 5498 370 5577 quilibet
397 5499 529 5561 innocens
550 5499 696 5561 damnetur
705 5499 862 5574 episcopus,
914 5500 1016 5552 rentur.
1043 5492 1097 5549 Sed
1111 5498 1138 5548 et
1152 5491 1186 5548 de
1202 5491 1288 5550 altero
1303 5491 1421 5550 tiammo
1436 5499 1555 5548 asencto
1569 5491 1709 5550 Bonilacio
