3826 6098
188 233 244 290 'ar
475 219 492 232 ‘
689 234 1365 296 nmaxaucuranxnnsrsancnmexscom.
1782 242 1840 299 vsa

186 359 337 433 apostolos,
355 368 383 418 et
396 361 430 417 ab
450 360 511 434 ipso
535 361 652 419 Domino
677 362 849 435 appellantur
871 370 898 418 et
921 362 988 418 flunt
1001 361 1095 424 Anon
1129 364 1217 420 solum
1251 380 1308 431 eos,
1350 364 1399 421 sed
1432 372 1459 420 et
1499 379 1597 422 amnes
1637 365 1841 423 consentientes

191 448 228 506 ita
243 457 270 506 et
284 449 353 507 tales
367 451 557 523 possessiones
571 460 652 525 atque
667 450 822 520 facultates,
836 452 954 507 Domino
962 452 990 506 in
1039 452 1089 519 eis,
1111 453 1175 524 quia
1196 467 1252 509 non
1272 453 1360 509 solum
1391 454 1437 526 qni
1468 452 1571 510 faciunt
1605 455 1645 510 rei
1673 454 1840 524 judicantur,

188 537 246 594 auis
260 537 384 594 ecclesiis
399 547 426 595 et
435 539 463 594 in
474 540 636 611 specialibus
646 556 787 596 servorum
798 540 883 612 ipsius
893 540 988 595 usibus
1039 541 1088 596 sed
1112 540 1194 597 etiam
1224 542 1271 614 qui
1290 541 1451 598 facientibus
1483 543 1664 600 consentiunt.
1690 545 1742 599 Par
1764 545 1839 600 enim

187 634 366 693 consecrata,
382 637 493 700 propter
507 627 602 684 fideles
617 628 729 698 Christi,
745 628 837 701 quieis
849 638 876 684 at
891 628 988 686 exinde
1037 645 1119 701 poena
1134 637 1161 686 et
1175 636 1288 703 agentes
1303 638 1330 686 et
1346 631 1549 687 consentientes
1573 631 1788 704 comprehendit.
1813 635 1839 690 Α
1857 654 1862 662 ·

187 715 303 780 aluntur,
321 716 372 771 Dei
386 716 541 783 haereditas,
558 717 700 772 cumorbis
709 724 845 773 terrarum
861 727 887 773 et
896 718 987 789 pleni·
1037 734 1088 790 qua
1113 734 1196 789 poena
1219 733 1370 775 consensus
1391 719 1471 776 liberi
1495 736 1556 777 esse
1578 735 1633 777 non
1655 729 1772 792 possunt
1799 722 1840 776 illi

187 804 253 860 tudo
275 805 333 874 ejus
356 804 442 876 ipsius
462 805 507 872 sit,
527 805 605 877 quasi
629 805 785 878 specialiter
807 807 985 878 appellantur.
1037 823 1152 878 quorum
1168 807 1349 863 ministerium
1366 815 1416 875 est,
1435 810 1459 864 ei
1485 809 1531 881 qui
1555 809 1618 865 talia
1640 819 1755 881 possunt
1776 818 1842 882 pro-

190 893 265 950 Sicut
287 894 370 961 enim,
401 895 511 966 quaudo
533 894 622 950 omnis
646 896 745 950 domus
769 896 855 950 lsrael
879 896 987 951 Domini
1037 896 1142 964 hibere,
1157 895 1337 967 comprimere
1351 905 1378 953 et
1392 897 1551 963 emendare,
1563 906 1589 953 ct
1603 913 1637 954 ea
1650 913 1705 954 non
1722 900 1837 954 student

189 983 336 1039 haereditas
351 984 509 1053 vocabatur,
527 985 614 1039 tribus
625 992 715 1040 tamen
730 985 804 1050 Levi,
822 986 901 1057 quasi
911 985 987 1041 deci·
1037 983 1186 1057 corrigere.
1200 1009 1211 1033 ι»
1223 986 1257 1039 Et
1270 993 1380 1041 sanctus
1392 986 1702 1058 Gregoriusinepistola
1713 988 1749 1042 ad
1760 987 1841 1044 Sabi-

188 1072 271 1127 matio
288 1073 377 1128 adhuc
392 1072 475 1128 etiam
490 1074 518 1127 iu
532 1073 632 1128 lumbis
647 1073 763 1130 Abrahae
778 1090 795 1129 a
809 1074 867 1129 Deo
890 1075 985 1144 electa,
1037 1089 1102 1128 num
1113 1073 1345 1130 subdiaconum:‹
1359 1074 1549 1145 sacrilegium,
1556 1075 1653 1147 inquit,
1663 1083 1688 1132 et
1695 1083 1791 1132 contra
1800 1075 1842 1132 le·

187 1177 249 1218 cum
277 1160 393 1218 decimis
416 1169 442 1217 et
472 1162 610 1232 primitiis,
636 1163 750 1218 urbibus
784 1172 810 1219 et
839 1163 986 1230 suburbiis,
1037 1177 1087 1233 ges
1103 1170 1153 1228 est,
1170 1162 1193 1216 si
1209 1163 1269 1233 quis
1284 1162 1358 1233 quod
1371 1162 1573 1219 venerabilibus
1586 1163 1654 1219 locis
1665 1163 1837 1236 relinquitur,

187 1249 304 1307 villabus
317 1259 399 1321 atque
413 1251 635 1320 possessionibus
650 1260 675 1306 ct
690 1250 985 1319 facultatibuscuuctis,
1037 1265 1128 1321 pravae
1143 1250 1289 1306 voluntatis
1306 1251 1403 1305 studiis
1424 1252 1481 1306 suis
1503 1253 1645 1309 tentaverit
1669 1253 1841 1324 compendiis

189 1339 317 1411 specialis
343 1339 452 1393 Domini
475 1340 631 1409 haereditas,
664 1357 738 1411 pars,
771 1341 815 1397 vel
838 1342 987 1413 assumptio
1037 1339 1841 1414 retinere.rEtsnnctushugustinusinsermoneEvange·

188 1427 348 1483 dicebatur:
366 1428 403 1481 ita
419 1435 444 1481 et
459 1428 512 1497 isti,
531 1429 577 1499 qui
588 1429 686 1493 cleros,
700 1429 729 1484 id
743 1437 784 1485 est
794 1445 855 1485 sors
870 1429 912 1485 vel
923 1446 987 1500 pars
1034 1425 1065 1482 lii
1080 1427 1167 1483 sancti
1183 1427 1296 1482 loannis
1311 1428 1393 1484 dicit:
1410 1429 1463 1484 Fur
1473 1429 1622 1503 sacrilegus
1630 1429 1782 1486 loculorum
1793 1446 1842 1486 sa-

185 1515 293 1571 Domini
304 1515 485 1586 appellantur,
512 1532 573 1573 curn
597 1517 722 1573 omnibus
745 1517 926 1590 ecclesiis,lid
947 1526 988 1574 est
1037 1531 1146 1574 crorum
1163 1525 1189 1572 et
1203 1517 1409 1576 Dominicornm
1423 1527 1464 1573 est
1478 1518 1582 1585 Judas;
1598 1526 1625 1574 et
1635 1519 1681 1590 qui
1689 1519 1794 1591 aliquid
1803 1520 1840 1575 de

189 1603 290 1660 divinis
305 1604 422 1660 ovilibus
433 1606 468 1659 ad
484 1620 513 1660 se
528 1605 736 1676 pertinentibus,
753 1607 879 1678 specialis
888 1607 987 1662 Christi
1036 1604 1161 1662 Ecclesia
1174 1605 1282 1661 furatur
1296 1615 1323 1661 et
1337 1606 1418 1678 rapit,
1428 1607 1617 1678 Judaeperdito
1633 1615 1838 1678 comparatur.»

186 1693 332 1748 haereditas
347 1693 446 1749 dicitur
460 1701 487 1748 ct
510 1694 609 1760 existit,
632 1711 693 1748 cum
716 1710 811 1750 omnes
836 1696 985 1751 credentes
1004 1694 1074 1785 BEt
1089 1695 1154 1749 item
1168 1694 1195 1749 in
1212 1695 1297 1750 sacris
1311 1696 1487 1751 canonibusa
1504 1705 1597 1752 sancto
1606 1696 1707 1767 Spiritu
1718 1696 1840 1763 dictatis,

185 1795 217 1837 ac
240 1781 378 1846 credituri,
408 1790 462 1836 tam
482 1797 515 1836 ex
548 1782 756 1839 circumcisione
790 1800 870 1855 quam
892 1783 989 1855 quiex
1043 1791 1069 1838 at
1085 1783 1183 1839 Christi
1197 1783 1336 1839 sanctione
1355 1783 1533 1855 confirmatis,
1550 1785 1679 1856 scriptum
1696 1794 1737 1841 est
1756 1787 1839 1856 (con-

184 1870 325 1943 prtaputio,
356 1870 456 1926 Christi
482 1871 628 1934 hareditas
655 1872 838 1942 appellentur,
881 1872 992 1928 dicente
1043 1873 1094 1928 eil.
1113 1873 1308 1940 feletheum.
1325 1874 1386 1943 lll:
1405 1895 1417 1925 ‹
1435 1873 1842 1945 Siquisdepotentibuscleri-

188 1959 324 2030 Propheta
340 1977 347 2014 :
363 1961 445 2026 Deus,
461 1965 601 2016 uenerunt
621 1965 719 2032 pentes
744 1963 776 2016 in
795 1961 991 2017 hereditatem

187 2052 267 2104 tuam
281 2048 370 2119 (Psoi.
388 2048 528 2120 cxxvtrr);
544 2055 588 2104 et:
605 2052 846 2118 Postulaame,et
860 2050 927 2107 dabo
942 2050 993 2106 tibi

184 2141 281 2208 pentes
293 2138 490 2194 haereaitatem
499 2142 588 2206 tuum,
599 2141 626 2194 ei
635 2140 837 2212 passessionem
846 2144 926 2195 tuam
934 2144 993 2195 ter·

186 2227 280 2282 minuc
296 2231 380 2282 terrea
388 2229 474 2299 (Psal.
488 2228 530 2298 tl).
542 2229 582 2282 De
594 2228 692 2298 quibus
704 2228 860 2299 quicunque
872 2227 992 2284 indebita

186 2315 307 2386 quodam
320 2315 450 2381 abutitur,
468 2315 526 2369 sine
541 2315 599 2371 ulla
615 2317 785 2371 dubitatione
808 2316 855 2371 illa
879 2315 992 2371 maledi-

94 2477 98 2484 Δ
186 2402 277 2459 ctione
293 2403 433 2471 multatur,
451 2411 477 2458 et
497 2404 555 2474 ipsa
581 2412 687 2460 tenetur
707 2405 850 2471 obnoxius,
867 2420 949 2476 quam
965 2414 991 2460 et

189 2490 309 2548 coelestis
323 2497 349 2546 et
361 2491 453 2546 omnis
470 2500 577 2548 terrena
592 2493 719 2549 continue
735 2493 850 2548 Domino
865 2494 992 2550 decantat

187 2579 328 2636 Ecclesia:
340 2581 393 2648 Qui
408 2581 561 2647 dixerunt:
572 2581 709 2653 inquiens,
722 2583 888 2638 hereditate
894 2585 984 2655 passi—

188 2667 304 2726 deamus
320 2671 519 2725 sanctuarium
528 2671 589 2726 Dei.
602 2672 771 2737 Dcatrmcas,
787 2687 859 2743 pone
874 2673 942 2727 illos
955 2675 989 2726 ut

189 2762 295 2826 rotam,
311 2762 338 2813 et
354 2759 429 2813 sicut
443 2760 656 2830 stipulamante
679 2763 783 2832 facient
802 2762 890 2816 uenti.
907 2761 986 2815 Sicut

1043 1974 1106 2015 curn
1145 1970 1191 2015 aut
1232 1962 1380 2032 quemlibet
1418 1977 1568 2033 pauperum
1604 1970 1649 2018 aut
1681 1962 1841 2035 religiosum

1044 2049 1245 2120 exspoliaverit,
1263 2057 1289 2105 et
1316 2050 1485 2105 mandaverit
1498 2052 1533 2106 ad
1547 2052 1636 2122 ipsum
1653 2051 1838 2122 episcopusut

1044 2153 1106 2194 eum
1119 2138 1229 2205 audiat;
1246 2138 1270 2193 si
1284 2140 1489 2210 contempserit,
1505 2141 1621 2196 invicem
1649 2156 1711 2196 mox
1734 2141 1839 2212 scripta

1042 2235 1202 2297 percurrant
1240 2243 1291 2298 per
1324 2243 1419 2283 omnes
1446 2229 1593 2299 provinciae
1625 2229 1779 2301 episcopos,
1814 2238 1842 2285 et

1043 2330 1219 2387 quoscunque
1261 2316 1336 2370 adire
1374 2318 1501 2386 potuerit,
1532 2325 1561 2372 ut
1589 2318 1838 2374 excommunicatus

1043 2403 1183 2470 habeatur,
1200 2405 1288 2461 donec
1302 2405 1392 2459 audiat
1410 2414 1436 2461 et
1459 2406 1557 2462 reddat
1579 2405 1677 2462 aliena.
1697 2429 1708 2456 ι
1725 2407 1759 2461 Εῑ
1770 2407 1840 2463 item

1044 2492 1173 2563 scriptum
1206 2502 1247 2547 est
1279 2493 1391 2563 (concil.
1425 2495 1525 2566 Aquila.
1545 2510 1607 2551 can.
1624 2495 1676 2566 t):
1702 2519 1713 2541 ι
1740 2494 1841 2552 Clerici

1043 2581 1135 2648 etiam,
1151 2581 1359 2651 velsaeculares,
1377 2582 1422 2655 qui
1444 2583 1594 2639 oblationes
1615 2591 1771 2655 parentum,
1793 2592 1840 2639 aut

1042 2670 1167 2736 donatas,
1183 2678 1228 2725 aut
1241 2678 1403 2728 testamento
1419 2672 1536 2737 relictas,
1561 2671 1679 2728 retinere
1700 2688 1838 2744 praesum·

1043 2759 1157 2829 pserint,
1173 2768 1220 2814 aut
1233 2760 1261 2814 id
1278 2761 1351 2831 quod
1378 2760 1429 2832 ipsi
1454 2762 1624 2816 donaverunt
1647 2761 1770 2817 ecclesiis
1792 2761 1838 2817 vel

189 2846 990 2920 ipnisquicomburitsiteam,etsicutllammaccmburens

186 2936 357 3006 neantesita
368 2938 545 3007 persequeris
552 2938 616 2993 illos
633 2939 837 3011 inrtenrpestate
848 2942 908 3006 tara,
919 2940 949 2992 et
959 2939 990 2993 in

185 3026 230 3081 tra
240 3030 289 3080 tua
301 3024 425 3080 turbabis
435 3025 580 3099 cos.lmple
588 3027 991 3099 saeicseorumipnominiamt
1044 3041 1117 3092 rum,
1148 3041 1290 3098 quousque
1321 3027 1449 3093 reddant,
1480 3033 1513 3081 ab
1541 3027 1664 3083 ecclesiis
1686 3027 1838 3084 excludan-

185 3085 1026 3186 quaer-antunnacntuum,l)amine.Erubesaantete-antur·C
1042 3121 1094 3169 tur.
1114 3138 1125 3162 n

184 3203 988 3277 denturinseculumsaculi,eteanfundanturcipereont
1075 3203 1153 3260 Unde
1183 3219 1355 3275 summopere
1384 3212 1499 3261 caveant
1523 3205 1690 3276 potentiores
1723 3205 1836 3278 quique,

185 3297 214 3349 et
226 3302 395 3366 copnascant
405 3300 471 3365 quia
482 3313 585 3353 conten
595 3296 842 3358 tibiDominus,tu
857 3295 933 3349 scius
943 3294 989 3348 al·
1038 3292 1225 3364 unusquisqne
1240 3293 1267 3347 iu
1282 3293 1379 3349 ordine
1395 3300 1420 3349 et
1434 3295 1565 3365 dignitate
1586 3309 1645 3358 sua,
1668 3310 1703 3350 ue
1726 3310 1834 3365 praesu-

186 3383 987 3457 tissimusinomniterrnffsal.cxxxix).Sanctnsquoqne
1038 3381 1153 3436 mantin
1170 3381 1370 3437 damnationem
1390 3398 1467 3438 suurn
1480 3399 1527 3439 res
1550 3382 1602 3437 sibi
1625 3382 1837 3449 ecclesiasticas,

182 3471 329 3530 Anacletus
344 3491 425 3548 papa,
447 3477 482 3531 ab
496 3477 556 3546 ipso
572 3474 651 3529 beato
667 3474 747 3528 Petro
767 3471 892 3543 apostolo
907 3487 987 3542 pres·
1037 3485 1127 3542 neque
1143 3469 1263 3543 fatigent,
1280 3471 1324 3526 vel
1344 3470 1468 3544 aflligaut
1482 3472 1647 3527 inconsuetis
1661 3472 1840 3528 consuetudi-

181 3560 422 3632 hyterordinntus,
440 3572 534 3635 postea
549 3563 577 3618 iu
605 3562 670 3617 sede
694 3561 817 3618 liomana
841 3574 987 3617 successor
1037 3559 1118 3615 uibus
1141 3560 1192 3615 Dei
1215 3560 1357 3625 ecclesias,
1374 3569 1400 3615 et
1420 3561 1481 3615 loca
1506 3569 1686 3617 sanctorum:
1720 3561 1840 3617 scientes

180 3648 253 3706 illius
270 3650 356 3708 factus
370 3654 525 3726 episcopus,
543 3668 605 3708 cum
629 3651 711 3706 totius
737 3650 832 3704 muudi
860 3648 986 3705 sacerdo·
1037 3649 1099 3719 quia
1121 3656 1150 3703 ut
1177 3649 1368 3718 praemisimus,
1386 3665 1431 3703 res
1462 3649 1656 3705 ecclesiasticae
1688 3657 1751 3709 vota
1776 3656 1841 3704 sunt

181 3739 253 3794 tibus
265 3741 419 3809 judicavit:
440 3762 451 3791 a
470 3740 521 3809 Qui
546 3739 696 3806 abstulerit,
723 3739 859 3810 inquiens,
883 3737 985 3808 aliquid
1036 3735 1166 3803 fidelium,
1182 3737 1344 3806 patrimonia
1358 3752 1519 3807 pauperum,
1536 3739 1624 3811 pretia
1638 3745 1838 3809 peccatorum;

181 3828 250 3900 patri
265 3828 309 3884 vel
323 3830 411 3896 matri,
428 3828 574 3885 homicidas
592 3828 731 3899 particeps
757 3833 808 3882 est.
836 3827 916 3881 Pater
940 3841 986 3881 no·
1036 3833 1064 3881 et
1086 3826 1115 3880 in
1135 3825 1245 3881 tuitione
1264 3815 1346 3897 atque
1371 3825 1530 3882 defensione
1552 3826 1650 3882 Christi
1671 3827 1835 3893 consistunt,

182 3924 239 3971 ster
253 3916 312 3972 sine
331 3917 414 3972 dubio
439 3918 514 3972 Deus
542 3923 592 3981 est,
618 3916 663 3987 qui
683 3931 733 3971 uos
757 3916 880 3980 creavit·,
897 3922 985 3971 mater
1036 3913 1082 3985 qui
1097 3929 1145 3969 eas
1157 3905 1240 3968 'terrae
1256 3913 1425 3984 principibus
1447 3921 1529 3986 atque
1543 3914 1706 3986 primoribus
1722 3914 1757 3969 ad
1782 3914 1836 3970 de-

181 4020 245 4061 vero
259 4013 354 4061 nostra
368 4006 502 4073 Ecclesia,
526 4021 587 4077 quae
610 4004 637 4058 in
662 4004 798 4075 baptismo
827 4004 985 4075 spiritaliter
1035 4001 1201 4058 fendendum
1217 4011 1243 4057 et
1267 4003 1496 4070 conservandum,
1522 4019 1576 4059 nou
1601 4004 1636 4059 ad
1658 4002 1835 4074 affligendum

182 4094 366 4167 regeneravit.
383 4096 458 4168 Ergo
476 4095 523 4166 qui
547 4093 645 4148 Christi
660 4094 791 4165 pecunias
807 4102 833 4149 et
854 4093 984 4149 Ecclesiae
1035 4091 1079 4147 vel
1100 4090 1296 4161 usurpandum,
1333 4091 1390 4147 sive
1423 4092 1652 4163 presumendum,
1687 4092 1834 4148 commisit.

180 4182 261 4253 rapit,
276 4182 365 4240 aufert
380 4184 423 4239 vel
438 4183 588 4252 fraudatur,
609 4183 745 4239 homicida
772 4191 823 4249 est,
851 4190 932 4254 atque
955 4190 984 4237 ut
1035 4179 1115 4243 Nam,
1146 4193 1313 4251 quaecunque
1342 4180 1527 4250 praetendatur
1555 4196 1571 4235 a
1596 4195 1758 4252 quoeunque
1780 4180 1835 4235 uti-

180 4271 316 4328 ltomicida
331 4281 393 4328 autc
405 4280 582 4343 conspectum
594 4272 659 4341 iusti
674 4272 776 4342 judicis
799 4271 982 4343 deputabitur.
1033 4267 1126 4332 litatis,
1145 4267 1202 4323 sive
1233 4269 1406 4325 necessitatis
1439 4269 1567 4336 occasio,
1590 4269 1636 4325 ille
1664 4269 1748 4325 corda
1771 4283 1831 4324 om·

151 4403 153 4408 .
180 4358 232 4430 Qui
247 4361 317 4431 rapit
338 4361 482 4432 pecuniam
507 4361 624 4432 proximi
645 4361 686 4416 sni
711 4361 884 4432 iniquitatem
913 4373 982 4429 ope·
1034 4355 1110 4409 nium
1134 4357 1276 4428 conspicit,
1303 4357 1349 4429 qui
1373 4358 1447 4412 novit
1476 4357 1655 4428 cogitationes
1681 4356 1833 4424 hominnm,

178 4456 267 4517 ratur3
285 4450 331 4521 qui
352 4457 441 4505 autem
465 4467 509 4506 rcs
535 4450 668 4506 Ecclesiae
692 4448 847 4516 abstulerit,
871 4440 1020 4504 scarila-D
1036 4451 1062 4500 et
1077 4452 1235 4500 remunerat
1258 4446 1379 4502 actiones
1404 4445 1836 4519 cleliamcogitationesirrenru-

1043 2848 1213 2903 monasteriis
1245 2849 1410 2905 crediderint
1438 2849 1624 2916 auferendum,
1654 2850 1724 2906 sicut
1753 2865 1840 2922 syno-

1043 2937 1094 2992 dus
1128 2945 1221 2992 sancta
1257 2938 1408 3006 constituit,
1439 2938 1513 2994 velut
1552 2946 1697 2995 necatores
1731 2955 1838 3011 paupe-

178 4536 253 4610 gium
268 4537 332 4594 facit
347 4546 412 4594 etut
432 4539 585 4611 sacrilegus
607 4538 771 4607 judicandus
794 4544 845 4592 est.
865 4560 877 4584 a
904 4537 980 4602 ltem,

179 4635 288 4683 sanctus
302 4627 429 4682 Urbanus
451 4642 521 4698 papa
537 4636 564 4682 et
578 4635 684 4697 martyr
701 4644 708 4680 ε
727 4646 738 4675 ι
757 4626 810 4679 llcs
825 4631 851 4678 at
866 4622 983 4679 faculta-

178 4722 219 4770 tes
242 4713 435 4771 ecclesiasticae
459 4715 612 4770 oblationes
632 4713 811 4786 appellantur,
839 4710 903 4783 quia
924 4713 982 4767 Do-

178 4802 252 4858 mino
274 4802 432 4873 offeruntur,
455 4812 482 4860 et
513 4813 576 4860 vota
600 4809 661 4857 sunt
690 4800 811 4856 fidelium
839 4808 867 4854 et
895 4800 985 4874 pretia

176 4900 353 4964 pcccatorum
375 4901 457 4964 atque
481 4891 648 4964 patrimonia
677 4905 837 4961 pauperum.
872 4889 900 4944 si
925 4890 985 4961 quis

178 4982 217 5038 ia
241 4981 369 5053 rapuerit,
395 4997 459 5037 rcus
475 4989 516 5038 est
539 4977 726 5035 damnationis
749 4978 861 5032 Ananiae
887 4985 913 5034 et
939 4978 988 5033 Sa-

177 5069 272 5143 phirae,
289 5077 316 5124 et
330 5078 437 5142 oportet
446 5068 606 5141 hujusmodi
617 5066 733 5123 tradere
747 5066 872 5135 Satanae,
883 5070 916 5122 ut
927 5069 986 5140 spi-

178 5155 253 5210 ritus
267 5156 362 5210 saluus
388 5156 426 5210 sit
449 5157 482 5208 iu
505 5151 550 5207 dfe
571 5152 684 5208 Domini
702 5152 730 5221 (l
739 5151 800 5207 Cor.
818 5152 857 5223 v).
876 5172 888 5201 a
907 5152 984 5218 ltem,

162 5251 290 5299 sanctus
304 5242 401 5298 Lucius
415 5256 485 5313 papa
502 5257 509 5294 z
526 5260 537 5289 ι
562 5239 663 5295 lterum
684 5239 934 5296 ecclesiasticarum
960 5248 986 5294 et

179 5329 334 5389 facultatum
355 5322 502 5401 raptores,
526 5344 541 5383 a
564 5328 702 5385 liminibus
725 5336 826 5385 sanctae
853 5328 986 5385 Ecclesiae

177 5419 420 5477 anathematizatos
447 5417 598 5488 apostolica
620 5419 783 5474 auctoritate
808 5418 936 5490 pehimus
960 5425 987 5472 et

178 5517 351 5583 damnamus,
379 5525 458 5588 atque
487 5515 640 5591 sacrilegos
653 5520 656 5524 '
668 5530 731 5573 esse
757 5516 941 5584 judicamus,
960 5518 988 5571 et

1034 4540 1146 4587 aeratas
1159 4533 1312 4589 nullatenus
1327 4534 1505 4605 derelinquet.
1523 4534 1657 4603 Quocirca
1671 4533 1760 4589 omnis
1783 4535 1833 4605 qui

1035 4619 1092 4675 vult
1108 4621 1198 4678 salvus
1227 4622 1296 4688 fieri,
1321 4631 1348 4678 et
1370 4623 1406 4678 ab
1429 4630 1531 4678 retorna
1553 4633 1642 4678 morte
1660 4623 1780 4689 liberari,
1808 4631 1836 4677 et

1036 4710 1072 4765 ad
1094 4718 1223 4766 aeternam
1246 4711 1330 4767 vitam
1353 4711 1505 4781 pervenire,
1537 4711 1716 4767 attentissima
1742 4711 1837 4767 cordis

1035 4815 1102 4855 aure
1117 4799 1242 4854 exaudiat
1256 4800 1321 4870 quid
1336 4800 1452 4870 Spiritus
1466 4807 1577 4856 sanctus
1592 4816 1642 4872 per
1657 4816 1705 4856 eos
1727 4800 1836 4856 locutus

1037 4896 1088 4953 est,
1100 4887 1199 4959 quibus
1213 4887 1280 4942 dixit
1299 4887 1431 4943 Dominus
1448 4906 1454 4941 :
1472 4892 1540 4945 Ecce
1550 4906 1599 4961 eqo
1613 4891 1753 4945 vobiscum
1768 4905 1835 4944 sum

1037 4977 1167 5033 omnihus
1176 4976 1271 5032 dicem
1287 4976 1424 5048 usquead
1445 4980 1717 5033 consummationem
1737 4979 1837 5034 seculi

1038 5065 1148 5135 (llatth.
1169 5063 1288 5135 xxvru);
1311 5072 1359 5119 et:
1377 5066 1438 5121 Non
1453 5082 1498 5121 uer
1517 5067 1586 5121 estis
1605 5067 1653 5137 qui
1671 5067 1832 5139 loquimini,

1038 5153 1835 5227 sedSpiritusPatrisvestriquilequiturincobis(dlutth

1037 5241 1089 5307 x);
1119 5247 1167 5295 ct:
1195 5242 1371 5314 Quaecunque
1400 5245 1587 5314 alliqaneritis
1614 5247 1835 5314 superterram,

1038 5333 1124 5385 erunt
1141 5331 1228 5402 lipata
1250 5335 1279 5386 ct
1301 5333 1333 5386 in
1357 5333 1443 5400 coeto;
1468 5335 1497 5386 et
1522 5347 1694 5404 quaecamque
1722 5333 1839 5388 salvari·

1039 5419 1076 5473 tis
1093 5435 1177 5491 super
1195 5424 1311 5486 terrum,
1330 5424 1416 5476 crunt
1437 5421 1531 5477 saluta
1545 5424 1574 5475 ct
1592 5421 1624 5474 iu
1639 5421 1707 5476 eoele
1724 5421 1836 5492 (batth.

1038 5518 1139 5589 xvxtrlz
1164 5524 1213 5573 et:
1235 5517 1361 5590 Accipite
1379 5519 1520 5590 Spiritum
1542 5522 1699 5574 sanetum:
1715 5533 1836 5592 quorum
