3794 6104
48 259 102 325 aas
426 272 550 331 cause.
580 275 627 330 nr
651 274 762 330 nersr.
798 276 833 328 tn
861 275 974 334 clusa
1003 281 1175 338 uincerat
1203 285 1358 349 caunum.
1646 291 1697 344 aas

53 401 109 449 tuta
124 393 185 464 ipse
200 394 328 450 omnibus
344 395 458 452 validior
471 399 637 469 antiquitatis
649 415 724 466 usus,
741 407 766 454 et
780 399 892 461 anti-A
908 402 971 459 lidci
994 415 1019 461 et
1044 415 1142 463 statuta
1162 407 1280 465 Nicaenae
1304 411 1416 483 synodi,
1443 423 1503 481 quae
1527 412 1560 465 ad
1585 421 1705 474 aostmrn

55 498 110 554 qua
121 482 260 552 maiorum
275 484 394 553 traditio,
407 487 623 543 reverentissimo
634 489 728 561 vigore
740 487 857 544 tenenda
907 494 1051 549 concilium
1063 512 1113 566 per
1129 497 1214 552 beatae
1228 499 1426 554 reeordationis
1451 499 1624 555 Caecilianum
1639 501 1704 556 Car-

56 570 255 627 corroborarit.

351 689 463 746 CAPUT
487 691 563 745 XXI.

60 777 134 846 Quot
148 793 206 834 aaa
221 778 279 834 uisi
293 779 399 848 umenti
419 780 547 851 capitulo
562 782 592 835 ia
606 780 724 835 concilio
743 780 856 835 h'iceno

306 850 419 920 suerint
441 851 607 905 constitute.

90 936 124 991 Et
148 952 204 1007 qua
227 936 331 992 ratione
357 937 480 1008 quadam
500 955 532 992 ex
554 937 596 991 his
618 938 720 1009 quaein
737 938 858 1008 epistolis

57 1024 230 1096 antiquorum
245 1025 319 1079 sedis
335 1025 462 1080 Romanae
483 1024 639 1097 pontificum
662 1027 763 1097 scripta
779 1027 857 1081 ime-

57 1112 178 1180 niuntur,
193 1129 209 1167 a
224 1113 431 1170 successoribus
452 1130 545 1169 eorum
567 1131 617 1169 usa
632 1131 685 1170 nou
701 1114 810 1181 luerint,
826 1114 859 1168 li·

58 1210 99 1257 cet
122 1201 158 1257 ad
183 1201 389 1258 instructionem
418 1203 526 1258 valeant
553 1202 709 1273 plurimum.
734 1204 858 1276 quaedam

60 1306 123 1346 rero
146 1289 176 1344 in
198 1290 316 1346 decretis
340 1307 434 1346 eemm
456 1291 553 1362 posita,
570 1299 625 1345 eta
643 1292 765 1347 conciliis
789 1291 859 1346 inter

60 1395 177 1436 canones
192 1394 287 1435 sacros
302 1379 475 1436 inveniantur
499 1392 652 1452 assumpta,
669 1392 695 1435 et
710 1382 781 1436 unde
797 1381 859 1451 opi-

60 1467 103 1524 nio
126 1475 223 1524 exorta
246 1468 387 1536 exstiterit,
409 1469 488 1539 plura
512 1486 593 1540 quarn
608 1470 635 1523 in
657 1486 761 1525 canone
784 1469 859 1524 inre-

60 1556 167 1613 aiantur
182 1556 210 1611 in
223 1555 336 1612 Nicaena
360 1557 464 1628 synodo
488 1558 599 1613 decreta
621 1557 704 1613 luisse
727 1557 859 1628 capitula,

61 1645 130 1718 quod
155 1661 190 1701 ex
216 1643 314 1699 litteris
338 1645 526 1717 antiquitatum
550 1646 649 1701 seriem
674 1645 859 1701 deferentibus

907 584 1093 654 thagmensem
1119 585 1285 657 episcopum,
1307 588 1354 658 qui
1376 587 1504 651 interfuit,
1527 588 1609 644 allata
1630 597 1702 660 sunt,

867 714 869 718 ,
907 671 955 724 sed
971 679 997 726 et
1009 689 1070 742 quae
1085 681 1177 743 patres
1199 675 1363 745 exemplaria
1383 684 1528 747 sequentes
1542 676 1588 732 hic
1603 678 1705 734 consti·

908 768 1028 825 luerunt,
1052 762 1094 815 rel
1117 779 1188 818 nunc
1211 765 1347 818 communi
1371 772 1456 818 tractu
1480 764 1637 834 statuimus,
1663 766 1706 821 his

908 849 993 920 gestis
1008 848 1200 906 ecclesiasticis
1223 852 1321 906 inserta
1346 853 1501 907 manebunt.
1522 875 1532 902 l
1550 853 1621 908 Nam
1643 854 1706 928 quia

908 936 1067 992 Caecilianus
1082 939 1200 994 Nicaeuae
1214 941 1319 1010 synodo
1333 939 1494 1005 interfuerit,
1507 949 1533 996 et
1543 942 1707 1013 subscriptio

908 1024 980 1078 illius
1002 1034 1124 1092 testatur,
1142 1035 1168 1081 et
1182 1028 1299 1082 historiae
1314 1045 1345 1084 ae
1360 1030 1493 1085 chronicae
1515 1030 1708 1087 ecclesiastica

910 1122 1044 1180 astruunt,
1073 1115 1101 1170 in
1132 1116 1229 1186 quibus
1258 1117 1387 1187 scriptum
1412 1127 1476 1172 est:
1499 1118 1599 1186 «Quia
1625 1119 1707 1174 tertio

909 1220 980 1258 anno
1007 1212 1069 1275 post
1097 1204 1236 1258 Nieeenam
1262 1206 1405 1276 synodum,
1430 1207 1559 1261 ianuario
1583 1215 1608 1262 et
1632 1208 1709 1263 Justo

910 1293 1076 1358 consulibus,
1100 1294 1223 1347 Donatus
1247 1294 1412 1367 agnoscitur,
1428 1311 1443 1348 a
1457 1311 1510 1366 quo
1525 1311 1574 1365 per
1588 1294 1709 1351 ahicam

911 1380 1068 1446 Donatislae,
1094 1381 1139 1452 qui
1163 1381 1280 1452 primum
1304 1391 1416 1453 propter
1439 1382 1592 1437 ordinatum
1615 1391 1709 1440 contra

911 1470 1074 1525 voluntatem
1083 1486 1159 1524 suam
1169 1470 1342 1526 Caeilianum
1353 1470 1477 1527 ecclesiae
1487 1471 1711 1545 Cartlragineusis

911 1559 1083 1629 episcopum,
1100 1558 1216 1614 schisma
1232 1557 1371 1626 fecerunt,
1387 1558 1546 1628 objicientes
1562 1559 1586 1617 ei
1601 1559 1712 1619 crimina

912 1663 965 1701 non
981 1648 1105 1716 probata,
1121 1654 1147 1701 et
1161 1647 1278 1701 maxime
1295 1647 1367 1718 quod
1383 1663 1399 1701 a
1413 1647 1584 1703 traditoribus
1609 1648 1712 1705 divina·

61 1732 225 1805 accepimus,
242 1732 290 1788 tibi
304 1742 428 1804 exparte
452 1734 552 1797 scribo,
570 1751 623 1789 non
639 1735 791 1789 veritusne
806 1733 859 1787 mi·
875 1752 970 1814 Brum
987 1736 1189 1806 scripturarum
1200 1734 1280 1789 luerit
1290 1736 1431 1790 ordinatus
1444 1752 1450 1789 :
1464 1737 1513 1791 sed
1528 1744 1590 1807 post
1604 1752 1713 1795 causam

61 1821 86 1880 bi
98 1821 251 1880 calumnias
275 1829 375 1888 struas,
399 1822 469 1878 sicut
488 1822 545 1893 jam
565 1821 653 1878 iecisti
675 1823 709 1879 de
735 1823 860 1894 hisquae
912 1821 1056 1879 conlictam
1089 1831 1169 1894 atque
1202 1821 1324 1892 finitam,
1358 1823 1490 1893 pertinaci
1522 1824 1658 1881 discordia
1686 1825 1714 1889 ip

60 1909 153 1980 scripsi
165 1910 202 1968 de
217 1909 364 1982 Stephano,
381 1927 492 1966 sensum
505 1912 639 1967 dictorum
654 1928 775 1966 meomm
795 1928 860 1982 per·
911 1911 1037 1966 haeresim
1062 1911 1235 1965 transierunt.
1255 1935 1265 1958 r
1284 1912 1337 1967 Sed
1353 1918 1379 1965 et
1394 1911 1509 1982 epistola
1533 1912 1627 1984 Cyrilli
1650 1914 1712 1969 hle·

61 2007 175 2068 velens,
191 2006 219 2054 et
234 1999 338 2070 scripta
360 2015 421 2054 mea
444 2000 590 2057 decurtans
612 2001 640 2054 in
661 1999 763 2070 scripto
788 1999 861 2071 quod
912 1999 1036 2054 sandrini
1056 2000 1185 2070 episcopi,
1196 2000 1272 2068 cujus
1282 1999 1470 2070 praedecessor
1478 2000 1642 2067 Alexander,
1653 2017 1714 2057 cum

61 2086 122 2145 mibi
136 2087 173 2143 de
187 2086 348 2143 Amalberto
363 2087 471 2153 dedisti,
487 2088 583 2143 rolens
595 2104 638 2144 me
649 2105 681 2143 ex
693 2088 783 2144 verbis
793 2087 862 2144 meis
910 2089 1009 2160 legatis
1032 2088 1189 2159 apostolicae
1213 2088 1296 2154 sedis,
1315 2088 1380 2144 Osio
1400 2088 1526 2144 videlicet
1541 2089 1714 2147 Cordubense

60 2175 207 2242 revincere,
223 2183 250 2230 et
263 2191 307 2231 me
328 2175 363 2231 ad
387 2176 571 2232 tortitudinem
586 2176 624 2230 tui
637 2176 731 2246 judicii
753 2185 863 2232 contor—
912 2177 1052 2247 episcopo.
1069 2185 1094 2231 et
1110 2177 1252 2231 Vincentio
1267 2193 1299 2233 ac
1315 2177 1423 2232 Victore
1448 2177 1578 2232 Romanis
1600 2178 1715 2250 presby-

61 2279 152 2335 qaere.
172 2271 199 2319 et
213 2263 237 2319 si
251 2264 362 2320 easdem
377 2264 527 2320 calumnias
551 2265 650 2332 sciero,
667 2281 781 2320 necesse
795 2263 862 2318 mihi
911 2266 995 2336 teris,
1012 2265 1147 2320 mediante
1170 2265 1346 2321 Constantino
1375 2265 1541 2336 imperatore
1568 2265 1715 2336 praesedit,

60 2351 92 2407 sit
104 2352 171 2408 inde
184 2352 351 2418 rescribere,
368 2361 394 2407 et
408 2361 514 2423 tempus
536 2353 673 2407 inutilitati
688 2353 860 2424 expendare;
913 2370 973 2409 cum
1001 2353 1154 2424 integritate
1183 2353 1268 2424 ipsius
1296 2353 1422 2423 concilii,
1452 2371 1502 2425 per
1529 2355 1716 2410 Innocentium

60 2439 82 2495 ai
103 2449 196 2496 autem
221 2456 268 2495 eas
291 2456 426 2509 nesciero,
451 2441 485 2495 ad
509 2441 714 2512 derogationem
738 2441 790 2495 mei
814 2440 862 2496 tibi
912 2443 1102 2514 presbyterum
1117 2442 1211 2497 missa.
1226 2442 1347 2514 itemque
1363 2443 1570 2513 epistolahttici
1584 2444 1717 2498 Constan-

60 2528 862 2601 credentesaliquomodopossisadducere.Dicamautem
913 2523 1084 2602 tinopolitani
1112 2531 1250 2601 episcopi,
1280 2547 1341 2586 cum
1364 2532 1517 2605 integritate
1541 2530 1717 2587 nihilominus

60 2634 92 2674 ex
106 2617 201 2673 verbis
215 2626 338 2672 veterum
354 2634 413 2689 quae
428 2617 572 2675 didicimus
587 2618 621 2673 de
636 2618 759 2688 capitulis
773 2618 863 2673 Nieae·
912 2619 997 2690 ipsius
1023 2619 1130 2674 concilii
1145 2636 1194 2690 per
1208 2620 1364 2675 llarcellum
1388 2621 1584 2675 subdiaconum
1606 2621 1719 2676 Cartba-

60 2722 100 2763 ttae
114 2705 225 2777 synodi,
241 2712 271 2761 ut
285 2706 308 2761 si
322 2714 348 2761 te
364 2706 480 2762 delectat
501 2707 612 2775 bellare,
631 2723 691 2761 eum
711 2705 750 2760 eis
773 2706 862 2776 possis
913 2708 1021 2780 ginensi
1046 2709 1150 2779 synodo
1170 2707 1287 2777 directa,
1304 2716 1329 2762 et
1345 2708 1427 2762 rerba
1451 2708 1574 2763 Faustini
1598 2708 1721 2783 episcopi

60 2793 158 2850 mltum
175 2809 333 2861 conserere,
350 2803 376 2851 et
392 2811 444 2867 ego
454 2795 559 2850 valeam
571 2810 730 2866 repausare.
743 2794 863 2849 Historia
913 2811 946 2851 ac
961 2796 1043 2869 legati
1059 2796 1132 2852 sedis
1148 2795 1304 2866 apostolicae
1325 2796 1429 2867 prelata
1444 2797 1471 2851 in
1486 2797 1591 2868 synodo
1605 2797 1717 2852 Cartha·

62 2883 83 2938 si
98 2883 211 2956 quidem
226 2883 357 2955 tripertita
372 2883 432 2953 (lib.
448 2899 478 2949 ιι,
491 2901 514 2940 c.
528 2885 555 2953 7)
571 2883 746 2938 Athanasium
763 2883 864 2938 dixisse
913 2884 1021 2956 ginensi
1032 2884 1154 2955 Epistola
1164 2900 1272 2956 quoque
1282 2884 1367 2955 ipsius
1378 2884 1529 2941 conciliiad
1539 2885 1718 2941 Coelestiuum

63 2972 154 3028 scribit
169 2971 206 3026 ita
223 2989 231 3025 t
248 2971 461 3028 alaNicaenum
486 2972 632 3027 concilium
648 2971 787 3026 venientes
807 2972 864 3041 epi·
914 2989 1013 3045 papam
1037 2973 1242 3040 honorabiliter,
1260 2982 1287 3027 ut
1302 2988 1353 3045 par
1368 2981 1418 3040 est,
1444 2974 1588 3030 destinata.
1616 2974 1670 3029 Sed
1695 2981 1723 3030 et

63 3060 136 3132 scopi
150 3059 249 3134 viginti
263 3061 483 3132 conscripserunt
500 3061 534 3114 de
548 3060 755 3116 conversatione
776 3061 863 3115 eccle·
879 3063 987 3168 Cactio
1014 3061 1175 3116 duodecima
1205 3062 1436 3117 Chalcedonensis
1466 3062 1591 3128 concilii,
1615 3063 1646 3117 iu‘
1668 3079 1722 3136 qua

62 3149 170 3206 siastica
183 3148 352 3205 sanctiones.
372 3172 382 3195 ι
400 3148 511 3203 Etitem
529 3165 535 3203 :
555 3172 565 3196 a
583 3148 866 3219 lleminitrestrapa-
917 3151 1047 3221 scripturn
1070 3151 1184 3204 habetur
1213 3150 1307 3221 regula
1343 3151 1520 3221 nonagesima
1549 3150 1657 3222 quinta,
1685 3152 1719 3207 de

62 3237 154 3294 tieatia
178 3236 280 3294 iactum
304 3236 331 3291 in
354 3236 447 3293 Nicaea
470 3237 579 3293 civitate
601 3237 755 3301 concilium,
771 3237 814 3291 eui
839 3245 865 3291 et
916 3247 1027 3294 vacante
1044 3239 1190 3309 episcopo,
1207 3246 1232 3291 et
1247 3238 1326 3308 paulo
1349 3245 1411 3308 post
1433 3238 1559 3293 Leontius
1574 3255 1606 3293 ex
1622 3238 1719 3294 eodem

61 3342 111 3399 ego
122 3325 186 3397 ipse
201 3325 377 3382 conscientiae
385 3342 453 3381 meae
464 3325 565 3381 cultum
579 3325 708 3381 decenter
718 3325 836 3380 exhibui.
852 3347 863 3374 a
915 3327 1009 3382 codice
1028 3326 1092 3397 legit
1110 3327 1233 3398 regulam
1258 3326 1462 3398 nonagesimam
1485 3336 1598 3381 sextam.
1616 3327 1655 3382 De
1677 3327 1721 3382 his

59 3413 172 3472 etitem
187 3414 217 3468 in
232 3412 330 3470 eadem
345 3412 464 3469 Historia
481 3415 667 3485 scriptumest
685 3432 691 3468 :
710 3436 720 3462 r
738 3413 865 3484 Synodus
915 3416 961 3487 qui
974 3415 1008 3469 ad
1033 3415 1217 3485 episcopatum
1242 3414 1328 3469 vocati
1355 3415 1465 3469 evitant.
1492 3413 1567 3485 Quas
1590 3415 1716 3486 regulas,

60 3503 201 3576 corrigere
216 3503 313 3559 rolens
324 3502 464 3558 hominum
476 3503 558 3558 vitam
573 3512 599 3558 et
614 3503 642 3557 in
655 3503 782 3559 Ecclesia
793 3519 867 3557 eom·
915 3503 1118 3559 connumeratis
1131 3521 1146 3555 a
1160 3503 1247 3573 capite
1262 3501 1356 3574 viginti
1381 3502 1507 3573 capitulis
1531 3503 1634 3558 Nicaeni
1650 3519 1723 3559 coa-

58 3591 237 3659 moraatium,
252 3590 642 3663 posuitlegesquascanones
657 3590 862 3662 appellamus.»
915 3591 978 3655 eiiii,
1005 3590 1027 3645 si
1051 3591 1112 3661 quis
1134 3608 1183 3661 per
1206 3590 1314 3662 singula
1338 3591 1533 3663 consequentia
1555 3590 1672 3648 concilia
1685 3607 1719 3647 ex

56 3679 232 3738 Btdecimus
247 3678 368 3735 historiae
390 3679 583 3735 ecclesiastica
606 3679 676 3734 liber
702 3677 801 3743 Rufini,
818 3677 864 3749 qui
915 3679 1010 3734 ordine
1039 3678 1237 3744 numeraverit,
1265 3678 1291 3731 in
1316 3678 1485 3734 Antiocheno
1514 3679 1630 3735 concilio
1658 3680 1718 3736 loca

59 3766 231 3842 amtalogc
247 3766 404 3840 apostolicae
420 3767 494 3822 sedis
508 3768 578 3822 inter
592 3767 763 3837 recipiendos
778 3767 863 3821 libros
915 3766 1088 3838 praelatorum
1110 3783 1285 3822 numerorum
1310 3774 1403 3821 tenere
1419 3766 1547 3822 inveniet.
1563 3768 1641 3824 Unde
1657 3784 1720 3824 ma·
1820 3754 1824 3759 ¹

60 3855 233 3922 decaniam,
250 3863 344 3927 aperte
359 3856 488 3924 ostendit,
499 3865 561 3926 post
575 3855 774 3911 consessionem
790 3854 863 3920 tidei,
915 3855 1042 3911 niiestum
1056 3863 1107 3920 est,
1123 3871 1177 3910 non
1194 3855 1246 3910 nisi
1261 3863 1363 3910 tantum
1387 3855 1565 3928 rigentique
1585 3855 1719 3920 babemus

59 3944 155 4023 rigimi
183 3944 239 4002 dire
266 3952 368 4002 tantum
397 3944 515 4016 capitula
548 3960 682 4000 canonum
713 3944 739 3998 in
769 3944 865 3999 eodem
915 3945 1033 4015 capitula
1048 3943 1131 3999 luisse
1147 3944 1173 3998 in
1189 3943 1300 4000 Nicaeno
1315 3943 1430 4000 concilio
1445 3944 1601 4003 constituta.
1616 3945 1718 4003 Verum

60 4026 187 4103 concilio,
202 4040 232 4093 et
245 4032 280 4093 de
295 4032 421 4093 Pascbali
445 4033 614 4090 solemnitate
638 4032 722 4088 luisse
743 4033 863 4087 decreta.
916 4041 941 4089 et
958 4030 1177 4105 longissimarum
1192 4040 1300 4088 aetatum
1328 4049 1360 4087 ex
1389 4033 1499 4105 antiqua
1523 4033 1720 4096 consuetudine

59 4121 116 4183 bro
131 4129 237 4190 autem,
254 4137 316 4193 quae
331 4138 414 4192 super
428 4121 531 4196 vigenti
551 4130 613 4179 sunt
635 4121 691 4177 illic
705 4121 863 4186 constituta,
915 4121 1020 4192 prolixa
1035 4129 1167 4191 tempora,
1179 4138 1229 4191 per
1245 4138 1306 4192 quae
1320 4121 1406 4192 ipsius
1420 4120 1527 4178 concilii
1543 4123 1720 4177 bracteatum

61 4208 87 4266 ie
99 4209 200 4285 viginti
214 4209 274 4266 aliis
289 4209 414 4281 capitulis
429 4211 499 4281 apud
514 4227 565 4266 nos
580 4210 715 4265 habentur
727 4209 863 4266 conclusa.
916 4209 1012 4281 viginti
1027 4209 1145 4280 capitula
1160 4209 1235 4264 luere
1251 4217 1387 4278 suscepta,
1406 4209 1499 4263 verbis
1513 4209 1621 4281 praelati
1635 4210 1723 4275 bisto-

63 4297 136 4355 Uada
150 4307 179 4355 et
192 4299 222 4354 in
236 4299 334 4355 eodem
354 4299 425 4354 libro
440 4298 478 4353 ita
493 4299 624 4369 scriptum
639 4298 752 4353 habetur
769 4316 775 4350 ε
794 4320 805 4348 «
824 4298 864 4353 De
916 4296 1056 4368 riographi
1071 4297 1277 4351 indubitabilem
1292 4295 1392 4351 iaciunt
1406 4294 1497 4351 tidem.

63 4385 176 4461 singulis
204 4387 358 4459 quibusque
395 4386 590 4444 ecclesiasticis
627 4386 865 4441 obseruationibus
1218 4450 1222 4465 1
1349 4447 1386 4461 ..

64 4483 135 4530 certa
148 4483 253 4530 statuta
267 4474 424 4548 ligentibus
441 4476 587 4531 concilium
602 4476 767 4546 diremptum
782 4483 836 4540 est,
851 4497 862 4523 ι
881 4462 908 4522 D
1204 4446 1316 4502 th’U'l'
1335 4448 1423 4502 ΜΗ·

63 4571 89 4620 et
112 4571 176 4635 anat
198 4563 371 4635 opitulaex
385 4563 481 4620 ordine
506 4573 532 4619 et
552 4580 666 4619 numero
694 4565 864 4620 constituta:
915 4563 1084 4634 aequatura
1098 4563 1232 4634 capitalis
1247 4581 1264 4617 c
1279 4564 1357 4618 beato
1371 4559 1716 4635 Graporioinepiatolaed

67 4649 148 4723 ww
168 4667 236 4710 m
250 4652 287 4709 de
299 4652 353 4719 bia,
369 4652 464 4725 inquit,
488 4660 570 4723 prout
594 4653 749 4708 divinarum
771 4652 864 4725 legum
1042 4634 1228 4688 Theoclialam
1242 4631 1589 4689 Patricium*alternorotia.

71 4740 215 4796 reverentia
228 4749 391 4812 poposcerat
406 4741 600 4805 decrevissent,
617 4741 666 4796 sed
681 4742 864 4796 etdeobser-
952 4739 1005 4794 Sed
1029 4748 1055 4795 et
1077 4740 1150 4811 quod
1174 4741 1208 4795 de
1232 4742 1420 4808 anathemate,
1451 4755 1484 4793 ex
1510 4738 1602 4795 uerbis
1630 4742 1715 4802 saneti

72 4828 167 4885 tatione
182 4829 296 4885 Paschae
310 4828 450 4902 antiquum
472 4845 616 4897 canonem,
632 4845 776 4901 perquem
791 4829 864 4884 nulla
916 4827 1043 4898 Gregorii
1062 4828 1097 4882 ad
1119 4829 1300 4884 Theoctistam
1325 4826 1479 4892 Patriciam‚
1506 4825 1533 4882 in
1557 4829 1713 4900 supradicta

74 4911 216 4990 dereliquo
240 4918 358 4974 varietas
381 4919 507 4984 oriretur,
525 4918 649 4974 ecclesiis
674 4918 860 4982 tradidissent,
915 4916 1107 4986 compilatione
1123 4925 1168 4972 tua
1183 4916 1329 4987 improprie
1344 4914 1468 4985 posuisti,
1480 4916 1550 4973 bene
1561 4926 1588 4972 et
1599 4917 1715 4974 rationa-

75 5005 187 5061 otnnibus
210 5005 263 5062 rite
283 5005 433 5077 dispositis,
454 5006 631 5062 ecclesiarum
645 5023 698 5077 pax
714 5014 740 5060 et
755 5005 822 5061 fides
837 5006 865 5060 in
914 5004 1005 5063 biliter
1020 5006 1091 5061 dicta
1101 5005 1172 5059 male
1184 5004 1298 5075 intelligi
1309 5002 1453 5071 tradidisti,
1465 5007 1712 5062 etnonsecundum

76 5088 181 5150 Orientis
194 5103 276 5166 atque
291 5093 448 5150 Occidentis
468 5096 590 5167 partibus
606 5112 659 5149 una
673 5104 753 5166 atque
769 5095 865 5150 eadem
914 5092 991 5149 illum
1005 5110 1125 5159 sensum,
1142 5109 1222 5163 quem
1234 5093 1329 5146 beatus
1340 5093 1491 5164 Gregorius
1505 5093 1570 5149 illud
1581 5095 1608 5148 in
1619 5094 1713 5150 eadem

78 5182 229 5239 serrabatur.
249 5183 332 5252 Cujus
346 5183 561 5257 historiographi
575 5183 655 5238 dictis
669 5183 758 5242 (salva
772 5190 866 5238 aucto·
917 5181 1032 5251 epistola
1045 5181 1143 5251 posuit,
1160 5180 1328 5249 interpretari
1352 5181 1486 5236 studuisti.
1509 5181 1587 5251 Apud
1602 5181 1713 5237 Graecos

78 5267 140 5328 ritate
153 5270 313 5345 apostolica·
329 5271 412 5337 sedis,
433 5289 495 5344 quaa
517 5287 567 5327 suo
592 5271 743 5343 principatu
759 5271 867 5328 Domini
917 5269 1051 5343 siquidem
1065 5268 1183 5322 novitate
1198 5282 1295 5322 uocum
1316 5268 1491 5337 delectantes,
1516 5276 1614 5339 quator
1626 5268 1714 5324 heere-

78 5369 111 5415 tre
133 5368 274 5436 percepto,
296 5368 323 5417 et
342 5360 473 5418 Ecclesia
500 5360 641 5432 profutura
668 5360 814 5426 constituit,
841 5369 867 5415 et
917 5356 968 5413 tica
982 5356 1096 5426 capitula
1119 5355 1289 5426 invenerunt,
1307 5357 1453 5429 dequibus
1476 5364 1593 5412 sanetus·
1609 5357 1715 5439 Grego-

78 5450 205 5511 tfflttittrla
219 5450 418 5514 commando
439 5449 594 5520 confirmat)
610 5457 637 5506 et
652 5449 868 5524 Carthagineasa
918 5445 971 5507 rius
997 5444 1031 5498 ad
1056 5443 1236 5507 Theaetistam
1270 5444 1409 5506 Patriciam
1441 5443 1556 5517 scripsit.
1591 5443 1712 5523 Quorum

76 5535 218 5610 minuar
248 5537 406 5609 concilium,
438 5537 512 5612 quod
540 5537 635 5595 dicit:
659 5560 670 5589 r
691 5537 868 5609 Exemplaria
918 5533 1035 5604 primum
1049 5540 1100 5598 est,
1117 5531 1178 5603 quia
1201 5533 1250 5588 sub
1265 5533 1375 5589 obtentu
1386 5532 1526 5603 religionis
1550 5532 1631 5591 etiam
1658 5549 1711 5591 noa
