3794 6104
126 209 179 265 ιιι
658 200 830 259 umculm
857 195 1057 255 ausaausrs
1075 200 1351 260 aucnmrrscorr.
1725 206 1757 260 si
1783 224 1810 267 =

128 338 156 386 te
169 328 336 387 devitarem:
353 341 425 385 nnnc
438 334 527 384 eutem
542 326 604 399 quia
619 342 673 383 nou
688 327 777 382 solum
799 320 964 396 sapienti-A
977 324 1061 393 ribus,
1078 343 1134 382 noa
1166 328 1235 383 adeo
1261 334 1289 382 ut
1318 326 1541 384 desideraveram
1582 326 1810 400 laudabilibuq

128 418 179 474 bus
193 426 220 474 et
234 417 434 488 insipientibus,
452 415 591 472 sedetiam
602 415 752 487 provinciae
766 415 931 472 lihemorum
981 423 1007 470 et
1022 415 1073 471 tuis
1087 416 1355 483 contradictionibus,
1385 424 1411 472 et
1438 415 1593 472 durissimis
1624 431 1657 472 ac
1685 425 1810 490 cont-

129 506 265 579 episcopis
280 507 357 578 meis,
374 505 478 562 scilicet
492 505 652 562 melioribus
677 513 704 561 et
718 503 931 576 sapientioribus
981 504 1149 572 charitatem,
1160 522 1221 577 quae
1229 506 1303 561 Deus
1318 513 1368 575 est,
1385 505 1614 576 responsionibus
1640 513 1668 563 ct
1695 506 1810 577 imp§

130 603 211 668 atque
226 594 452 666 religiosioridus,
467 593 575 650 debitor
588 610 658 662 sum,
675 593 766 651 locum
782 591 931 664 effugiendi
980 592 1115 672 ctionibus
1129 593 1257 649 indebitis
1271 594 1457 650 indesinenter
1472 594 1625 651 excrucias.
1645 594 1701 650 Sed
1726 602 1810 668 a.

130 684 255 741 invenire
269 699 324 740 non
337 684 426 750 valeo,
443 690 471 739 ut
485 691 511 739 te
525 690 676 755 opportune
700 682 852 754 importune
875 696 930 736 non
980 696 1042 736 nam
1056 681 1122 737 mihi
1136 683 1278 756 contingat
1292 683 1365 755 quod
1380 683 1409 739 in
1431 683 1584 756 Evangelio
1612 683 1691 754 (lac.
1719 699 1810 756 ις

129 788 266 840 moneam,
278 788 341 829 curn
349 772 511 845 predicator
526 771 691 829 fortissimus
705 771 778 828 dicat
794 769 930 828 :uanam
979 785 1046 827 voce
1061 771 1178 828 Abrahae
1191 772 1225 828 de
1238 772 1339 827 Lazaro
1366 788 1417 843 per
1445 771 1556 845 llagella
1585 781 1738 845 expurgato

128 863 367 934 samaaanqaiae
378 863 507 919 omnium
518 878 594 919 :non
606 863 685 918 enim
699 862 931 934 subtertuqiqao·
980 859 1059 914 molis
1074 859 1129 915 suis
1143 860 1220 916 diviti
1234 861 1340 916 ardenti
1354 877 1518 932 responsum
1531 860 1671 917 audimus.
1693 862 1810 935 tte&

128 952 225 1009 minus
234 951 440 1008 adnamiarcm
450 951 694 1009 omnccomiliam
704 951 755 1006 ilci
769 949 842 1007 vobis
856 949 928 1020 (Act.
979 948 1017 1019 pit
1030 949 1149 1004 Lazarus
1165 948 1288 1005 similiter
1301 949 1431 1021 malapro
1441 949 1520 1004 malis
1531 947 1560 1004 in
1569 950 1626 1006 vita
1634 965 1686 1006 sua
1695 950 1810 1024 ηις,

127 1041 191 1113 xx),
207 1041 231 1096 si
245 1039 319 1096 enim
333 1056 388 1096 non
402 1040 600 1110 annuntiasset,
628 1039 772 1095 mundnsa
796 1038 930 1110 sanguine
979 1044 1007 1092 et
1020 1036 1098 1093 dives
1113 1037 1185 1094 bona
1198 1054 1249 1110 pro
1265 1037 1345 1094 bonis
1358 1037 1387 1093 in
1400 1038 1456 1094 vita
1470 1052 1531 1094 sua.
1543 1038 1626 1094 Etsic
1635 1047 1701 1110 opto
1714 1055 1810 1113 ιη)

128 1145 184 1186 non
198 1137 290 1197 esset;
306 1130 356 1186 sed
370 1129 469 1202 quibus
484 1144 566 1186 omne
581 1128 725 1187 consilium
748 1128 799 1184 Dei
821 1142 930 1184 annun·
978 1141 1030 1197 per
1045 1133 1070 1182 tc
1083 1124 1151 1193 fieri,
1161 1134 1190 1182 ut
1204 1127 1227 1181 si
1236 1143 1286 1198 per
1295 1127 1523 1198 inprovidentiam
1538 1128 1629 1183 Deum
1640 1128 1670 1184 in
1689 1128 1810 1212 aliqu

125 1219 195 1276 tiara
209 1219 319 1285 studuit,
335 1219 369 1273 ab
384 1233 480 1275 eorum
495 1217 628 1291 sanguine
656 1217 774 1273 mundus
810 1216 870 1273 luit.
899 1217 930 1272 In
979 1229 1013 1271 ex
1027 1223 1054 1271 te
1068 1213 1179 1285 offendi,
1196 1215 1285 1286 quiin
1306 1215 1398 1271 multis
1426 1231 1488 1273 eum
1512 1231 1557 1271 me
1581 1215 1732 1274 offendisse
1792 1247 1810 1294 q

131 1324 185 1382 qua
198 1323 266 1365 voce
281 1314 308 1363 et
322 1322 376 1381 ego
389 1314 519 1379 peccator
541 1307 698 1375 convenior,
723 1321 776 1379 ego
797 1305 930 1377 insipiens
979 1302 1121 1360 offendere
1134 1296 1239 1360 humili
1257 1311 1283 1359 ct
1309 1304 1425 1360 contrito
1453 1304 1538 1361 corde
1553 1304 1696 1374 confiteor,
1706 1321 1805 1376 req.

129 1404 158 1454 ut
172 1404 199 1453 te
209 1410 336 1452 moneam
350 1401 378 1451 et
391 1410 516 1467 arguam.
528 1396 564 1451 Et
573 1395 683 1469 quando
695 1393 846 1451 necessitas
869 1392 930 1450 exi·
978 1391 1052 1466 piam
1067 1408 1100 1450 ex
1114 1401 1140 1448 te
1164 1400 1255 1465 perte
1282 1393 1472 1466 purgationem
1500 1394 1529 1451 in
1558 1394 1615 1451 vita
1642 1411 1714 1465 mea,
1766 1421 1797 1466 qq

128 1485 334 1557 gitincrepem,
351 1483 429 1540 valde
444 1484 931 1558 constringor,egoreusesseosten·
977 1481 1041 1538 inde
1057 1481 1163 1539 cmcier
1181 1481 1208 1537 in
1227 1481 1281 1538 vita
1307 1480 1408 1550 futura,
1439 1482 1498 1555 qui,
1527 1489 1556 1539 ut
1571 1482 1628 1539 diri
1665 1501 1715 1556 per
1735 1488 1788 1550 ira.

128 1573 190 1640 dor,
206 1573 253 1645 qui
267 1572 493 1645 metropolitanus
508 1572 653 1646 episcopus
668 1589 761 1640 vocor,
778 1572 824 1645 qui
846 1588 930 1644 super
978 1569 1189 1640 providentiam,
1200 1585 1254 1626 non
1264 1577 1355 1627 autem
1368 1586 1417 1642 per
1430 1571 1630 1628 malevolentiae
1640 1575 1779 1636 conscien-

94 1664 102 1673 “
128 1676 162 1720 ea
176 1661 250 1718 mela
263 1678 326 1735 quae
339 1661 451 1738 propria
464 1662 563 1731 habeo,
579 1662 683 1719 alienas
697 1666 806 1735 quoque
825 1669 929 1719 mortes
942 1658 1053 1744 Btiam,
1069 1666 1203 1715 tantorum
1218 1659 1336 1731 gemitus
1359 1659 1406 1732 qui
1433 1660 1485 1716 sub
1511 1676 1597 1717 manu
1624 1669 1681 1729 tua,
1711 1673 1739 1720 ut
1759 1683 1770 1723 ι

127 1751 209 1819 addo,
224 1751 271 1824 qui
284 1757 323 1807 tot
336 1750 441 1819 occido,
457 1759 487 1808 ut
501 1751 593 1819 timeo,
609 1759 676 1825 quot
693 1751 728 1806 ad
750 1758 868 1808 mortem
888 1751 929 1808 ire
979 1747 1071 1806 multis
1085 1748 1194 1816 dicitur,
1209 1749 1279 1805 sicut
1293 1765 1389 1806 revera
1403 1749 1453 1805 sub
1467 1749 1537 1806 lalce
1551 1750 1719 1823 gravissimo
1728 1769 1765 1825 gc·

128 1839 248 1913 quotidie
262 1839 369 1915 tepidus
383 1847 410 1897 et
424 1840 614 1907 tacensvideo,
626 1840 735 1897 dicente
744 1840 862 1896 Domino
878 1856 930 1912 per
978 1845 1064 1904 munt,
1081 1837 1107 1893 in
1122 1838 1299 1910 provectione
1313 1845 1360 1893 tua
1374 1838 1498 1906 excitavi,
1516 1839 1640 1911 quotidie
1653 1840 1760 1897 ernitdtd

126 1928 290 2002 prophetam
303 1927 338 1986 de
345 1943 400 1985 uno
409 1930 743 2002 pereunte38aaqainam
754 1929 931 2002 ejusdama-
978 1925 1144 1993 Dominum
1160 1934 1187 1982 et
1201 1926 1316 1998 proinde
1331 1926 1498 2000 quotidiano,
1514 1927 1572 1984 bno
1587 1929 1715 1985 continuo
1735 1931 1761 1985 ti·

128 2034 170 2074 na
180 2022 231 2076 tua
244 2020 388 2092 requiram
404 2019 515 2090 (Sacri.
535 2021 652 2089 anxur),
668 2025 771 2090 quanto
785 2018 874 2090 magis
894 2018 929 2076 dc
978 2031 1056 2072 more
1071 2023 1097 2072 et
1112 2014 1207 2072 dolore
1222 2016 1384 2073 constrictus
1398 2032 1453 2074 non
1469 2016 1559 2073 solum
1575 2033 1671 2090 gemo,
1684 2018 1728 2075 sed
1743 2027 1764 2075 ct

126 2106 218 2164 multis
227 2106 289 2164 tEt
303 2108 386 2164 etiam
399 2106 434 2162 de
450 2107 493 2163 lris
507 2123 559 2181 per
571 2123 641 2180 quos
655 2106 732 2163 multi
746 2106 847 2167 debeat
871 2107 928 2162 sal·
978 2105 1018 2160 eis
1033 2104 1241 2179 congemiscens
1255 2106 1314 2162 Deo
1329 2106 1406 2175 cujus
1429 2105 1620 2177 permissionis
1638 2106 1734 2176 jndicio
1751 2123 1765 2163 a

125 2196 193 2264 vari,
208 2196 275 2252 mihi
289 2196 349 2254 baec
372 2195 503 2254 terribilis
531 2196 650 2253 invectio
672 2195 811 2263 incutitur,
827 2195 874 2269 qui
894 2196 929 2252 ad
978 2193 1225 2265 tescandnlizatus,
1241 2201 1269 2250 ct
1290 2202 1381 2251 mente
1411 2195 1585 2252 excruciatus
1612 2195 1706 2252 verbis
1726 2196 1768 2252 riri

126 2285 332 2357 speculandum,
343 2292 369 2341 et
379 2284 462 2340 etiam
477 2284 625 2356 episcopis,
635 2284 755 2356 peccatis
775 2284 845 2341 meis
868 2284 928 2341 eri·
977 2281 1093 2354 flagellis
1107 2282 1191 2338 attriti
1204 2282 1475 2340 cordecontribulato
1486 2284 1561 2352 dico,
1571 2285 1769 2359 quicoepitipcc

125 2373 254 2447 gentibus
267 2373 319 2430 Dei
328 2373 431 2443 judicio
446 2373 587 2445 praelatus.
603 2372 663 2442 Qua
677 2373 712 2430 de
726 2390 757 2431 re
771 2381 799 2431 et
818 2374 928 2431 archie—
977 2388 1022 2428 mc
1031 2375 1170 2440 accurat,
1183 2373 1273 2428 soluat
1284 2389 1404 2429 manum
1414 2389 1498 2429 suam
1508 2377 1537 2429 ct
1546 2375 1772 2445 sacratisimae

125 2463 264 2535 piscopos,
279 2463 352 2519 unde
366 2478 422 2520 non
434 2462 523 2531 laetor,
538 2463 588 2519 sed
602 2479 741 2532 revereor,
758 2479 817 2520 sum
846 2477 930 2521 voca·
977 2456 1170 2516 laoecsit'milri
1187 2461 1341 2519 consolatio
1360 2464 1393 2517 at
1410 2461 1593 2534 affliqeasmc
1613 2461 1709 2520 dolore
1721 2479 1772 2519 aaa

125 2559 179 2622 tus,
194 2551 242 2624 qui
255 2560 334 2609 reatu
349 2552 384 2609 de
398 2559 486 2608 morte
500 2551 657 2609 animarum
667 2551 853 2622 subjectorum
861 2567 927 2609 con·
979 2552 1089 2621 parcat,
1101 2564 1153 2605 nec
1160 2551 1355 2606 contradicam
1365 2551 1646 2608 scmcnibassancti
1653 2551 1712 2624 (iob
1719 2554 1774 2616 val:

125 2640 257 2713 stringor,
273 2657 335 2714 quae
349 2640 419 2698 forte
432 2640 584 2714 potuissent
593 2657 703 2714 semper
710 2641 802 2699 vivere
812 2640 836 2696 si
843 2641 927 2698 verba
976 2637 1074 2695 vellem
1083 2637 1156 2694 enim
1166 2637 1189 2692 si
1199 2637 1238 2693 illi
1248 2638 1378 2709 placeret,
1391 2646 1420 2694 ut
1430 2639 1547 2712 flagellis
1557 2639 1775 2712 dignummeper

122 2744 191 2789 men
203 2729 385 2802 correptionis
399 2730 533 2790 audirent.
547 2730 665 2804 Sanguis
689 2746 756 2804 ergo
783 2729 926 2787 morientis
976 2726 1060 2782 alium
1075 2743 1155 2798 quarn
1170 2743 1220 2798 per
1230 2727 1425 2801 tellagellaret,
1437 2728 1487 2785 sed
1501 2727 1563 2801 quia
1586 2729 1624 2784 ita
1648 2729 1701 2785 sibi
1718 2729 1776 2803 pla·

120 2819 156 2876 de
178 2834 261 2876 manu
297 2818 476 2890 speculatoris
507 2819 668 2892 requiritur,
708 2819 772 2891 quia
785 2827 926 2891 peccatum
976 2823 1019 2872 cet
1033 2816 1077 2872 cui
1092 2817 1162 2871 bone
1178 2823 1276 2873 cuncta
1289 2816 1407 2888 placent,
1423 2817 1514 2875 verbis
1528 2818 1666 2875 suiacum
1678 2835 1775 2877 conve·

122 2906 223 2963 subditi
236 2905 324 2977 culpae
338 2907 532 2978 praepositiesi
562 2907 674 2965 tacuerit
697 2913 845 2979 reputatur.
876 2908 926 2962 Est
975 2904 1048 2960 amm
1061 2905 1106 2977 qui
1121 2920 1155 2962 ex
1170 2904 1268 2962 affectu
1281 2907 1569 2963 nostraehumauitatis
1591 2908 1668 2963 Patri
1682 2908 1777 2983 digna·

123 3010 201 3068 ergo,
216 3002 245 3051 at
258 2994 354 3051 beatus
369 2995 520 3067 Gregorius
535 2995 612 3064 dicit,
627 2997 701 3069 quod
721 2996 788 3051 mibi
816 3003 858 3051 est
887 2995 926 3050 la-
942 3002 1019 3108 Ctus
1033 3001 1074 3050 est
1086 2993 1195 3052 dicere:
1207 2997 1302 3062 Pater,
1316 2996 1414 3064 sifieri
1425 3000 1527 3069 potest,
1546 3000 1680 3054 transeat
1703 3016 1720 3055 a
1734 3015 1777 3056 ms

122 3083 260 3152 ciendum,
276 3090 306 3138 ut
324 3083 404 3139 etiam
419 3084 555 3142 moriente
569 3085 679 3141 subdito
688 3085 928 3141 meliberumred-
978 3083 1058 3140 calix
1065 3085 1340 3151 isteqvcramtamcn
1355 3102 1413 3141 non
1423 3086 1777 3158 matemautensem

130 3173 203 3241 darn,
220 3188 344 3246 surgam,
360 3172 511 3247 invigilem,
527 3174 608 3230 malis
622 3173 726 3231 actibus
734 3173 927 3244 contradicam,
980 3172 1178 3243 tavis(llattlr.
1190 3174 1325 3244 xxva).Et
1339 3174 1404 3229 item
1421 3191 1428 3228 :
1445 3174 1544 3246 spiritu
1558 3189 1610 3231 suo
1624 3175 1662 3233 de
1684 3192 1718 3233 eo
1731 3175 1775 3248 qui

127 3262 338 3334 sioutscriptum
348 3269 390 3320 est
401 3282 408 3318 ι
419 3264 563 3330 Βὶιειιννι,
581 3266 699 3336 festina,
717 3265 826 3322 sarcita
851 3265 927 3321 ami·
977 3261 1036 3330 eJus
1051 3277 1112 3317 esse
1126 3261 1279 3329 videbatur,
1290 3262 1415 3334 praedixit
1427 3280 1434 3318 ι
1446 3264 1776 3322 Siinimicasmcasma-

121 3369 187 3410 cum
199 3356 289 3421 tuum,
302 3352 457 3409 acdedaris
469 3355 700 3411 connumeratis
715 3354 782 3420 tais,
793 3370 846 3410 nec
860 3354 927 3411 dor-
977 3350 1126 3407 dedicisset
1139 3351 1222 3419 mibi,
1233 3355 1549 3426 supportassemutiqac
1559 3372 1566 3410 :
1577 3357 1612 3411 ira
1621 3370 1686 3412 vcro
1697 3354 1774 3412 boum

121 3442 926 3515 mitentpalpcbroetaoe(Proc.xxvtu).lltsiadhuc,utcoe-
975 3440 1123 3497 unanimis
1133 3441 1194 3497 dux
1203 3445 1328 3509 meas,ct
1338 3446 1422 3498 notas
1432 3458 1521 3510 meus,
1533 3444 1774 3516 quicimalmeaau

120 3529 184 3602 pisti
193 3529 221 3586 in
230 3529 383 3588 resistendo
393 3530 527 3604 persistis,
546 3531 655 3588 audiam
663 3531 729 3604 quid
746 3531 872 3605 loquatur
897 3532 926 3588 in
974 3527 1210 3602 dulcescapicbas
1217 3531 1771 3590 mbosindomolleiambaiauimurcam

121 3635 176 3690 me,
186 3619 256 3677 etad
271 3635 316 3675 me
334 3620 369 3677 de
385 3620 577 3677 resistentibus
591 3621 724 3677 Dominus
744 3623 827 3678 Deus.
842 3623 923 3692 Ecca,
973 3632 1113 3675 consensu
1123 3618 1286 3691 (Psatnrv).
1302 3622 1385 3678 llonto
1399 3619 1592 3694 scilicetpacic
1600 3624 1709 3678 mercia
1722 3637 1772 3695 qac

121 3708 332 3781 inquiens,dcdi
339 3710 445 3780 facicm
453 3711 728 3769 tuamvalcatiorcm
739 3711 866 3782 faciebas
876 3726 924 3768 ca·
972 3708 1129 3780 sperabam,
1141 3710 1189 3781 qai
1197 3709 1294 3765 edebat
1301 3726 1391 3782 parics
1404 3725 1490 3779 meos,
1504 3711 1720 3769 bcauitcontra
1728 3726 1772 3767 mc

121 3814 197 3864 ram,
210 3800 238 3853 ct
248 3799 460 3868 sronlcmtaam
471 3799 764 3869 dariorcmsrcntibaa
781 3802 925 3866 coramati
971 3796 1139 3853 calcaneum
1150 3814 1234 3855 caum
1248 3798 1339 3869 (ioan.
1356 3799 1420 3869 aru)
1431 3814 1478 3855 :ac
1493 3798 1517 3854 si
1541 3806 1638 3870 aperte
1661 3799 1768 3866 diceret,

125 3885 793 3957 adamantem,ctatsiiiccmdcdi(aciemtaam
810 3887 921 3958 (dcccli.
972 3885 1045 3957 quod
1058 3894 1131 3943 tanto
1145 3886 1255 3960 gravium
1269 3888 1494 3960 pertuli,quanto
1507 3887 1566 3944 baec
1594 3888 1632 3944 ab
1660 3904 1695 3946 eo
1728 3888 1771 3961 qui
1790 3931 1810 3948 ..

121 3972 175 4042 ιιι),
190 3971 295 4030 scilicet
308 3979 338 4027 ut
346 3973 404 4030 sive
413 3973 625 4031 obauditoribus
634 3975 779 4032 conculcer
787 3985 868 4048 atque
875 3976 923 4033 dc·
971 3989 1050 4030 meus
1070 3991 1132 4031 esse
1146 3975 1289 4032 videbatur
1302 3976 1376 4032 sensi
1392 3993 1400 4033 ι
1415 3976 1464 4032 sed
1477 3975 1543 4032 licet
1555 3977 1622 4034 hinc
1640 3992 1710 4050 erga
1728 3991 1769 4032 rne
1782 4000 1810 4035 ε

120 4059 232 4131 spiciar,
244 4075 296 4117 nec
304 4076 354 4133 per
362 4061 482 4119 delatum
496 4062 628 4119 honorem
648 4064 801 4121 refrenetur
827 4064 922 4139 lingua
970 4062 1058 4134 pietas
1068 4079 1115 4120 cor
1128 4072 1203 4121 tuum
1217 4080 1273 4121 non
1286 4072 1389 4139 tangat,
1405 4065 1486 4122 timor
1499 4073 1594 4122 tamen
1603 4065 1671 4122 illud
1693 4065 1810 4122 debet:

120 4164 154 4206 ex
168 4148 341 4216 verecundia,
356 4166 408 4208 nec
423 4167 472 4223 per
486 4152 644 4224 despectam
658 4161 746 4210 taceat
759 4169 793 4210 ex
810 4154 922 4211 infirmi·
970 4168 1166 4227 compungere,
1188 4155 1251 4227 qnia
1265 4155 1434 4212 contumacia
1457 4162 1486 4211 et
1505 4153 1694 4212 inobedientia
1728 4162 1810 4212 tu-

120 4244 184 4294 tate.
202 4237 280 4295 Unde
295 4238 394 4295 iterum
409 4240 476 4296 mibi
490 4241 544 4298 dici
559 4242 691 4299 exaudio:
704 4244 918 4314 Netimcascos,
969 4241 1152 4316 qualicunque
1167 4244 1321 4301 successori
1337 4245 1410 4301 beati
1425 4244 1543 4317 Remigii
1561 4244 1590 4299 in
1617 4242 1810 4315 metropoli-

119 4345 209 4402 acqtce
218 4332 734 4407 metitasasaciceoram,qaicdomas,
746 4350 921 4408 exasperans
969 4338 1033 4387 tana
1048 4332 1113 4389 sede
1128 4332 1215 4404 ipsius
1229 4341 1282 4389 ate
1292 4333 1358 4389 mibi
1374 4333 1449 4389 illata
1457 4333 1485 4389 in
1495 4349 1558 4389 earm
1568 4332 1714 4400 redundat,
1723 4349 1810 4405 ιιι-

119 4417 280 4490 catlbccclt.
292 4419 333 4489 ιι).
345 4420 632 4493 Itaqueincrepandus
646 4429 687 4478 est
698 4422 784 4480 irater
799 4431 826 4479 ct
844 4439 917 4481 nua-
929 4409 993 4475 Dia
1008 4436 1051 4476 me
1065 4430 1210 4493 peccatore
1219 4422 1320 4479 vicario
1329 4438 1379 4479 suo
1394 4423 1651 4479 totiusllhemorum
1661 4420 1810 4493 provin—

118 4523 201 4580 quarn
215 4507 351 4565 timendus
365 4509 412 4581 qui
426 4517 468 4566 est
482 4526 646 4583 exasperans
665 4512 774 4569 donnus.
966 4508 1017 4566 ciae
1030 4518 1221 4583 oneraportat,
1252 4512 1383 4584 quinimo,
1414 4512 1521 4568 Christe
1549 4512 1625 4568 Deus
1652 4518 1744 4568 noster

152 4624 302 4696 propterea
316 4624 351 4683 dg
365 4641 399 4682 ρο
414 4626 488 4698 quod
513 4627 571 4697 jgm
599 4628 674 4685 wgo
701 4629 731 4684 qn
756 4627 917 4701 praenggne
966 4616 1060 4664 orante
1075 4609 1147 4681 apud
1162 4626 1223 4666 eum
1238 4626 1287 4681 pro
1301 4609 1381 4667 nobis
1396 4611 1493 4667 eodem
1509 4609 1686 4667 sanctissimo
1693 4625 1810 4681 pra—

52 4765 57 4777 ,
117 4718 226 4769 tuarum
239 4713 390 4770 litterarum
404 4715 470 4771 mitt
490 4714 614 4772 sarisam
639 4717 773 4773 mandasti
797 4718 916 4776 neotum
967 4705 1112 4764 decessore
1127 4716 1317 4777 nostrameas
1332 4708 1546 4765 contumeliosas
1560 4708 1724 4775 calumnias,
1739 4710 1810 4763 εἳ

117 4798 145 4857 in
158 4800 275 4859 Domino
289 4803 472 4873 devotionem,
489 4820 571 4877 quam
585 4821 641 4862 non
656 4806 832 4879 subsequeris
847 4823 916 4879 pro·
965 4805 1168 4878 persecutiones
1178 4807 1386 4879 derogationum
1401 4815 1505 4863 tuarum
1529 4806 1559 4862 in
1586 4823 1617 4863 se
1639 4807 1810 4880 dignata-2

86 4959 89 4970 1
117 4890 257 4962 sequendo
271 4892 400 4963 debitam,
413 4903 440 4949 et
454 4895 482 4951 in
497 4894 613 4951 Domino
627 4895 783 4952 devotinem
797 4895 844 4952 tibi
868 4913 916 4953 re·
965 4901 1115 4975 suscipere,
1133 4904 1180 4975 qui
1194 4902 1335 4960 conlidens
1349 4903 1421 4959 Patri
1436 4919 1521 4975 super
1531 4918 1630 4961 omnes
1643 4903 1726 4959 coelos
1740 4899 1810 4957 2¹

117 4987 217 5057 scribo,
234 4988 440 5061 quiaquantum
469 5000 574 5066 spectat
598 4994 634 5050 ad
663 4996 796 5052 humanos
824 4994 916 5052 carnis
966 5000 1179 5071 superomnium
1195 5001 1356 5075 angelorum
1371 5001 1502 5059 verticem
1525 5000 1623 5068 Saulo,
1648 5007 1679 5056 ut
1701 4993 1810 5074 legi·

115 5084 220 5154 oculos,
236 5087 355 5145 debitam
383 5090 557 5150 devotionem
579 5092 646 5149 mibi
667 5109 721 5149 non
743 5101 880 5150 monstras
906 5111 914 5148 z
965 5114 1035 5166 mus,
1047 5098 1221 5156 alcredimus
1236 5099 1426 5166 dixit28aala,
1439 5098 1607 5172 Sauleqaa'd
1619 5116 1665 5155 mc
1675 5106 1805 5172 parca*

117 5192 246 5255 quantum
259 5202 324 5244 vero
339 5197 443 5260 spectat
457 5189 493 5246 ad
507 5191 606 5248 mentis
620 5193 755 5249 humanos
770 5192 874 5262 oculos,
885 5191 914 5247 iu
965 5197 1058 5268 queris
1075 5195 1173 5267 ?(Act.
1189 5195 1242 5267 rx.)
1256 5197 1319 5252 Non
1339 5195 1411 5252 enim
1435 5204 1477 5252 est
1495 5195 1713 5254 discredendum
1738 5190 1799 5249 in

115 5279 232 5340 Domino
246 5284 420 5342 devotionem
433 5303 489 5344 non
505 5289 627 5347 exhibes.
658 5289 795 5359 Quantum
823 5298 915 5347 autem
965 5299 1038 5348 tanta
1052 5292 1133 5348 turba
1155 5293 1323 5349 credentium
1345 5309 1413 5366 quos
1431 5293 1530 5350 Saulus
1548 5293 1795 5368 persequebatur

115 5373 145 5431 in
158 5377 257 5437 divinis
271 5382 357 5440 oculis
379 5401 497 5457 superno
525 5387 639 5444 consilio
666 5388 749 5446 timeo
779 5388 912 5460 trutinari,
964 5389 1083 5462 aliquem
1099 5389 1778 5464 luisse,licetnonitautegosumimpertectam,

116 5472 236 5532 debitam
249 5478 502 5542 devotionemmibi
516 5485 714 5560 rependia,qui
727 5502 773 5546 mc
786 5488 915 5563 tuisope·
964 5487 993 5544 ia
1008 5505 1062 5563 quo
1076 5490 1147 5549 sicut
1172 5496 1200 5548 et
1226 5489 1255 5547 in
1283 5489 1406 5565 reliquis,
1432 5488 1479 5564 qui
1505 5489 1638 5550 videlicet
1667 5492 1773 5563 corpu!
