3794 6104
57 225 107 278 ³77

412 222 532 278 OPUSC.
561 222 607 276 ΕΤ
636 222 742 278 aelst.
775 223 809 275 ΙΝ
838 221 950 276 CAUSA
979 220 1149 277 ttthllatu
1179 222 1333 280 hauoda.

1651 229 1704 281 378

60 345 187 413 Nicaenae,
204 346 519 418 Constantinopolitanae,
539 361 573 402 ac
600 346 755 417 Ephesinae,
780 345 860 401 Chal·
870 346 898 407 A
913 351 965 410 tur,
981 354 1027 400 aut
1041 346 1166 403 convicto
1180 356 1262 418 caput
1285 357 1446 418 amputetur.
1471 349 1557 404 ludex
1578 348 1711 406 crimino·

61 434 224 491 cedonensis
238 450 347 507 quoque
362 435 467 507 synodi,
486 444 512 490 et
523 435 583 490 aliis
596 436 717 491 conciliis
732 435 860 490 asanctis

62 523 188 578 Patribus
217 523 356 591 institutis,
372 531 398 578 et
409 524 621 579 orthodoxorum
637 524 783 594 opusculis,
816 530 859 577 at·

61 629 111 685 que
128 612 313 667 decretalibus
327 612 449 682 epistolis
464 613 620 682 apostolicae
643 612 716 667 sedis
749 612 859 682 pontili-

60 718 130 766 cum,
148 700 263 771 aliisque
278 701 420 770 scripturis
439 701 556 756 discrete
579 700 809 766 commemoratis,
825 700 860 753 de

60 791 100 844 his
114 788 300 859 apostolorum
311 789 461 843 canonibus
472 790 579 859 penitus
590 789 682 854 tacuit,
694 790 742 843 sed
754 804 804 843 nec
820 789 860 842 in·

61 887 99 933 ter
111 879 270 948 apocrypha
285 893 334 932 eos
343 877 425 932 misit.
442 877 614 949 Quapropter
627 878 654 931 in
670 878 786 933 lectione
801 877 860 930 illo·

60 983 118 1022 rum
132 966 275 1037 sequenda
291 972 332 1019 est
345 966 451 1021 cautela
466 966 607 1022 abeodem
630 974 723 1020 sancto
752 965 861 1020 Gelasio

59 1054 220 1126 praemonita
236 1072 244 1108 :-
261 1075 272 1104 ι
290 1055 357 1108 Cum
379 1056 448 1121 haec,
479 1055 573 1126 inquit,
603 1057 636 1109 ad
666 1054 861 1110 catholicorum

59 1159 152 1198 manus
180 1142 349 1208 advenerint,
379 1143 451 1197 beati
479 1144 554 1198 Pauli
582 1144 699 1213 apostoli
724 1143 862 1212 praecedat

59 1231 201 1299 sententia,
219 1246 273 1300 qua
288 1231 353 1285 dicit
370 1248 376 1284 :
394 1231 496 1287 Omnia
515 1234 640 1303 probate,
669 1231 740 1302 qood
759 1232 861 1285 douram

60 1323 206 1375 esttenete
226 1319 251 1385 (l
262 1319 354 1375 Tlacsr.
371 1322 408 1387 v).
427 1340 438 1369 r
456 1319 531 1374 Sicut
545 1327 571 1374 et
593 1320 620 1373 in
644 1318 698 1372 illis
725 1317 860 1388 capitulis,

60 1423 117 1478 quae
132 1407 262 1460 dicuntur
276 1405 431 1479 exlegibus
450 1407 581 1462 Romanis
597 1408 690 1461 latina
713 1415 740 1460 et
765 1406 862 1460 Graeca

59 1495 152 1567 lingua
167 1495 342 1565 conscriptis,
364 1503 390 1550 et
415 1512 447 1550 ex
465 1495 584 1565 prolatis
606 1496 728 1566 epistolia
753 1495 862 1549 diverse

60 1583 183 1645 collecta,
207 1590 234 1637 et
249 1591 391 1655 satagente
418 1582 484 1638 Osio
502 1584 536 1638 ad
561 1585 694 1654 synodum
722 1583 862 1638 Nicaenam

60 1671 157 1735 delata,
174 1671 225 1725 sed
241 1671 349 1725 nonnisi
364 1687 395 1725 ea
410 1687 471 1742 quae
499 1671 600 1727 ibidem
624 1673 767 1728 constituta
787 1680 901 1757 tene-B

59 1775 126 1824 rnus,
141 1759 175 1812 ad
192 1758 356 1813 servandum
373 1758 456 1814 luisse
471 1760 592 1815 decreta.
617 1761 693 1816 Unde
713 1760 860 1814 identidem

60 1847 143 1902 isdem
161 1846 246 1901 Osius
261 1848 384 1919 quaedam
397 1848 425 1902 in
439 1849 543 1918 synodo
558 1849 714 1904 Sardicensi
724 1849 858 1909 recitavit,

60 1951 116 2007 quae
126 1951 193 1990 curn
210 1935 308 2006 legatis
322 1935 479 2005 apostolicae
495 1937 569 1991 sedis
585 1937 621 1990 ab
632 1937 727 1991 eadem
756 1937 861 2007 synodo

60 2023 236 2079 corroborata
255 2022 381 2079 Ecclesia
401 2023 535 2079 catholica
559 2024 662 2094 recipit.
693 2024 723 2077 ln
743 2041 795 2095 qua
813 2041 861 2094 sy-

58 2111 136 2177 nodo,
154 2111 199 2166 cui
215 2111 403 2182 praesederunt
417 2112 501 2184 legati
515 2111 673 2182 apostolicae
688 2112 770 2179 sedis,
788 2113 860 2167 idem

59 2199 138 2255 Osius
155 2197 345 2255 Cordubensis
357 2200 512 2270 episcopus,
529 2208 556 2254 et
571 2200 726 2255 Vincentius
751 2201 860 2270 Capua-

59 2304 117 2354 nus,
133 2296 217 2358 atque
234 2287 396 2358 Calepodius
405 2288 611 2358 Neapolitanus,
628 2286 734 2342 luerunt
755 2288 790 2342 de
814 2290 861 2343 he-

59 2376 156 2446 speriis
170 2376 295 2446 partibus
307 2376 429 2447 episcopi
440 2376 518 2447 quasi
539 2377 663 2442 trecenti,
684 2392 716 2431 ex
744 2377 860 2432 orienta-

57 2465 127 2520 libus
140 2480 190 2519 sex
210 2471 238 2518 et
253 2465 404 2536 sexaginta,
429 2465 479 2519 sub
502 2466 660 2520 Constantio
684 2466 859 2536 imperatore,

56 2553 124 2609 nuto
140 2561 168 2607 et
182 2553 303 2608 Eusebio
317 2553 474 2607 consulibus
490 2571 496 2608 :
511 2562 537 2607 et
552 2554 728 2608 orientalibus
753 2554 860 2607 Arianis

56 2640 192 2711 asynodo
209 2639 274 2713 luga
288 2641 487 2708 recedentibus,
514 2642 634 2711 hesperii
664 2641 788 2698 catholici
816 2658 860 2695 re·

56 2736 197 2784 manentes
213 2745 275 2800 quae
289 2737 353 2783 tunc
368 2729 476 2798 agenda
490 2729 598 2784 lucrant
613 2731 725 2802 exsequi
747 2731 859 2784 studue-

56 2825 125 2872 runt.
142 2816 300 2872 Recordare
312 2817 422 2887 quando
446 2817 505 2873 lraec
519 2826 546 2872 et
562 2818 641 2888 plura
657 2818 719 2872 hinc
744 2817 791 2871 tibi
806 2817 860 2871 dixi

56 2920 86 2960 cx
101 2904 253 2959 traditione
268 2904 388 2958 historiae
413 2905 522 2968 veteris,
549 2921 610 2961 cum
626 2906 691 2960 milri
714 2922 775 2960 eras
801 2906 860 2960 dul-

56 2993 183 3048 cissimus
199 2991 280 3057 lilius,
297 3000 324 3047 et
339 2993 383 3046 ubi
399 2994 480 3047 etiam
493 2995 545 3048 ista
561 2995 595 3048 de
610 2994 794 3064 apostolorum
810 3010 859 3049 ca-

57 3081 181 3144 nonibus,
200 3089 226 3134 et
242 3081 276 3135 de
291 3081 319 3135 in
342 3080 462 3151 prelatis
486 3083 607 3153 synodis,
621 3083 686 3138 Osio
705 3091 856 3155 satagente,

56 3169 172 3225 recitatis
187 3169 314 3240 capitulis
328 3169 420 3241 legere
434 3171 562 3240 potuisti,
580 3172 602 3224 si
625 3186 679 3224 non
702 3172 855 3243 neglexisti,

56 3267 80 3312 tt
92 3266 190 3313 contra
199 3257 390 3313 auctoritatem
404 3268 536 3323 veterum,
562 3259 608 3330 qui
629 3261 718 3315 veraci
745 3269 857 3314 attesta-

56 3347 125 3403 tione
140 3344 307 3402 confirmant
323 3362 377 3401 nou
391 3348 469 3418 plura
486 3347 568 3402 luisse
589 3348 704 3403 caditula
719 3348 792 3402 sacri
806 3348 857 3402 Ni-

56 3436 120 3490 sani
128 3433 251 3497 concilii,
263 3450 345 3506 quarn
356 3434 403 3489 illa
411 3452 472 3506 quac
482 3452 515 3490 ex
529 3436 639 3507 antiqua
660 3437 858 3491 consuetudine

56 3523 186 3580 catholica
202 3530 273 3577 tenet
290 3530 316 3577 et
327 3531 475 3578 'veneratur
489 3524 622 3592 Ecclesia,
634 3524 857 3595 hisacqurescere

910 449 968 488 sum
983 434 1139 499 discutiens,
1158 451 1211 490 uon
1227 444 1290 490 ante
1310 437 1471 491 sententiam
1497 436 1615 508 proferat
1638 437 1712 508 capi·

909 521 1001 589 talem,
1018 538 1100 593 quam
1115 531 1160 576 aut
1174 540 1236 577 reus
1249 524 1307 594 ipse
1323 523 1493 593 confiteatur,
1511 534 1557 579 aut
1571 541 1621 596 per
1634 525 1713 581 inno-

910 618 1004 664 centes
1020 619 1103 665 testes
1118 613 1306 667 convincatur.
1322 613 1416 667 Testes
1432 623 1522 668 autem
1543 614 1601 669 sine
1621 613 1711 685 aliqua

911 699 963 751 sint
980 697 1100 762 infamia,
1135 716 1234 753 cruores
1250 708 1276 754 el
1300 699 1370 753 filios
1391 701 1534 766 babentes,
1560 711 1585 757 et
1606 701 1716 756 omuino

911 780 1047 834 Christum
1063 782 1253 851 praedicantes.
1279 783 1473 837 Testimonium
1498 784 1590 839 clerici
1614 784 1713 839 adver-

912 886 959 923 sus
979 868 1078 923 laicum
1100 886 1179 924 ucrrro
1200 871 1337 940 suscipiat.
1350 896 1360 918 ι·
1383 870 1449 938 Qum
1472 880 1601 942 quantum
1622 872 1712 929 aliena

912 961 990 1011 aluta
1011 957 1097 1012 sacris
1125 959 1284 1023 canonibus,
1315 969 1341 1014 et
1369 969 1501 1031 quantum
1529 959 1636 1016 inimica
1659 960 1712 1015 sint

913 1045 1237 1114 ecclesiasticisjudieiis,
1256 1062 1336 1101 nemo
1353 1057 1393 1102 est
1409 1048 1455 1120 qui
1470 1049 1586 1119 ignoret,
1599 1056 1712 1119 etquam

913 1133 960 1188 tihi
975 1133 1082 1204 tuisque
1093 1134 1258 1204 nuperrimis
1274 1134 1364 1202 lactis,
1388 1137 1422 1191 de
1447 1137 1544 1208 quibus
1559 1136 1712 1207 reprehen-

912 1221 997 1286 deris,
1015 1222 1067 1275 siut
1082 1222 1108 1275 iu
1125 1221 1287 1292 quibusdam
1302 1223 1434 1291 adversa,
1451 1240 1483 1278 ex
1499 1223 1663 1296 quibusdam
1678 1223 1712 1279 dc

911 1309 1037 1379 plurimis
1052 1309 1095 1364 hic
1110 1311 1227 1365 ostensis
1241 1318 1364 1380 patenter
1378 1312 1489 1382 quilibet
1511 1320 1600 1383 potest
1623 1328 1712 1385 agno·

913 1413 1000 1452 scere.
1021 1422 1031 1444 ιι
1050 1398 1162 1464 Placuit,
1188 1399 1311 1469 inquiunt
1333 1400 1405 1468 (cop.
1430 1403 1486 1465 ᾗ),
1507 1408 1535 1453 ut
1550 1400 1639 1455 nullus
1652 1400 1712 1471 epi·

913 1500 1057 1555 scoparum
1072 1502 1235 1557 quemquam
1251 1487 1412 1542 clericorum
1425 1487 1547 1556 judicare
1562 1496 1609 1542 aut
1631 1489 1712 1543 dam-

913 1590 979 1629 nare
995 1584 1151 1644 presumat,
1168 1575 1220 1628 nisi
1236 1576 1521 1648 accusatuslegitimos
1538 1585 1712 1632 accusatores

912 1671 1062 1733 presentes
1078 1664 1184 1732 habeat,
1205 1663 1350 1735 locumque
1370 1663 1532 1719 defendendi
1552 1665 1665 1736 accipiat
1680 1666 1714 1720 ad

911 1750 1045 1805 abluenda
1062 1751 1183 1806 crimina.
1205 1776 1215 1799 a·
1233 1753 1265 1805 Et
1281 1760 1341 1823 post
1356 1752 1494 1824 aliquanta
1511 1771 1517 1807 :
1537 1774 1547 1804 v
1565 1753 1623 1808 Nec
1636 1754 1713 1824 prius

911 1847 1080 1918 litigantibus
1096 1864 1144 1902 sua
1159 1848 1231 1911 velit,
1248 1849 1312 1920 quin
1325 1850 1418 1919 judea,
1436 1850 1569 1905 sententia
1588 1851 1711 1919 obviare,

912 1936 963 1990 nisi
977 1938 1085 2007 quando
1100 1937 1162 2006 ipsi,
1179 1937 1297 2006 peractis
1307 1938 1444 2002 omnibus,
1451 1938 1507 2007 jam
1520 1938 1713 2009 nibilamplius

911 2024 1054 2079 habueint
1073 2026 1099 2078 in
1124 2025 1275 2096 quastione
1297 2027 1368 2097 quod
1389 2034 1553 2097 proponant,
1578 2035 1604 2081 et
1618 2027 1712 2082 tandiu

911 2113 981 2167 actio
996 2113 1149 2178 ventiletur,
1166 2129 1308 2185 qrrousque
1324 2113 1357 2168 ad
1383 2114 1422 2169 rei
1447 2114 1587 2169 veritatem
1611 2130 1711 2184 perue-

912 2201 1009 2264 niatur,
1040 2225 1050 2247 v
1075 2210 1100 2255 et
1124 2201 1234 2272 reliqua.
1265 2226 1275 2249 l
1300 2202 1421 2257 Caveant
1446 2202 1554 2271 jndices
1579 2201 1711 2258 Ecclesiae

911 2289 984 2358 (cup.
1015 2293 1070 2355 53),
1093 2306 1127 2343 ne
1155 2289 1266 2344 absente
1290 2307 1322 2345 eo
1351 2291 1427 2359 cujus
1454 2306 1535 2345 causa
1566 2290 1711 2345 ventilatur

912 2377 1075 2431 senteutiam
1090 2377 1238 2448 prolerant,
1256 2378 1318 2449 quia
1333 2378 1411 2433 irrita
1424 2379 1485 2444 erit,
1516 2378 1571 2433 imo
1594 2386 1620 2432 et
1646 2395 1711 2435 cau-

911 2479 970 2518 sam
987 2466 1013 2518 in
1028 2466 1133 2536 synodo
1149 2466 1280 2537 prolecto
1294 2467 1405 2522 dabunt.
1427 2492 1437 2514 ι»
1453 2467 1554 2522 Contra
1568 2482 1636 2539 quas
1651 2483 1713 2522 sen-

911 2554 1008 2607 tentias
1043 2552 1139 2618 fecisti,
1154 2555 1262 2625 quando
1292 2556 1593 2612 excommunicationes
1609 2557 1667 2610 Deo
1685 2565 1711 2611 et

911 2642 1053 2711 praeceptis
1069 2643 1127 2709 ejus
1142 2642 1303 2707 contrarias,
1321 2644 1354 2697 dc
1370 2644 1470 2714 cluibus
1491 2652 1516 2698 te
1540 2644 1649 2714 scriptis
1664 2660 1711 2699 re-

911 2729 1019 2799 dargui,
1051 2745 1163 2783 exerere
1183 2731 1392 2801 praesumpsisti.
1408 2732 1443 2785 Et
1464 2733 1528 2786 item
1552 2732 1580 2785 in
1607 2731 1712 2787 eisdem

911 2817 1051 2872 sententiis
1068 2817 1198 2887 scriptum
1222 2827 1262 2872 est
1283 2823 1355 2889 (cop.
1372 2820 1437 2888 all:
1457 2842 1468 2869 r
1487 2820 1554 2875 Sunt
1578 2819 1710 2889 nonnulli,

911 2905 955 2977 qui
979 2906 1145 2960 indiscussos
1176 2915 1310 2977 potestate
1333 2909 1472 2979 tyrannica
1496 2925 1551 2963 non
1579 2908 1713 2966 canonica

912 2994 1073 3049 auctoritate
1090 2994 1225 3060 damnant,
1244 3004 1269 3050 et
1291 2996 1358 3050 sicul
1374 2997 1519 3051 nonnullos
1533 2997 1621 3069 gratia
1641 2996 1714 3054 lavo

878 3052 953 3136 Cris
968 3082 1121 3148 sublimant,
1138 3083 1171 3137 ita
1188 3085 1320 3154 quosdam
1335 3085 1398 3140 odio
1412 3085 1568 3157 invidiaque
1595 3086 1712 3156 permoti

908 3170 1061 3235 humiliant,
1080 3181 1105 3225 et
1125 3172 1178 3226 levi
1194 3171 1331 3242 opinionis
1345 3188 1412 3226 aura
1435 3174 1628 3241 condemnant,
1646 3189 1713 3245 quo-

908 3275 968 3312 rum
983 3259 1097 3312 crimina
1114 3275 1168 3313 aron
1183 3261 1343 3330 approbant.
1361 3261 1479 3332 ideoque
1506 3261 1644 3316 communi
1666 3261 1710 3315 dc·

908 3354 981 3402 creto
1003 3363 1157 3412 censemus,
1175 3356 1204 3401 ut
1217 3349 1435 3420 quandocunque
1451 3348 1548 3420 aliquis
1565 3349 1710 3420 episcopo·

907 3451 966 3489 rum
982 3434 1149 3500 criminatur,
1166 3436 1340 3507 congregatis
1359 3437 1486 3491 omnibns
1497 3436 1619 3504 eiusdem
1643 3452 1709 3508 pro·
1803 3482 1808 3488 .

907 3522 1007 3577 vincire
1023 3524 1158 3593 episcopis
1172 3539 1253 3578 causa
1268 3524 1326 3593 ejus
1342 3524 1474 3588 audiatur,
1492 3532 1520 3580 ut
1535 3541 1590 3581 non
1604 3525 1710 3583 occulte

56 3612 148 3666 nolens
167 3611 314 3674 metendo,
341 3612 364 3665 ai
393 3611 528 3668 dicentem
556 3612 717 3683 Apostolum
736 3613 857 3667 nolucris
905 3610 1041 3678 judicetur
1055 3612 1099 3665 uel
1114 3612 1277 3676 damnetur;
1295 3613 1357 3684 quia
1370 3612 1405 3667 ab
1420 3613 1481 3667 aliis
1499 3613 1575 3684 prius
1596 3613 1710 3682 judicari

57 3699 188 3755 obaudire
204 3717 211 3753 ε
226 3699 257 3756 st
275 3701 348 3773 quis,
366 3699 463 3771 inquit,
485 3701 546 3755 vult
571 3701 764 3756 contentiosas
787 3717 856 3765 esse,

58 3789 445 3844 mstotemcomaetodtnem
452 3805 508 3844 nou
519 3789 753 3860 brzdcmusmepua
764 3791 858 3845 Eccle-

59 3876 96 3931 tia
106 3877 158 3932 Dei
169 3876 197 3940 ll
208 3876 269 3930 Cor.
280 3878 321 3941 x).
334 3877 394 3948 Ego
404 3885 494 3932 autern
505 3893 537 3931 ex
551 3878 600 3931 hac
608 3893 691 3931 causa
699 3886 790 3932 cestus
801 3878 859 3946 jam

59 3963 196 4035 depositos
211 3979 267 4017 non
283 3979 429 4030 resumam,
446 3964 649 4020 cumsufficiant
665 3966 729 4019 milri
739 3982 798 4036 quae
811 3982 859 4020 se-

60 4050 101 4106 das
115 4051 272 4123 apostolica
286 4051 455 4107 elcatholica
469 4053 548 4108 docet
571 4053 703 4108 Ecclesia.
730 4054 763 4107 Et
787 4055 859 4123 quod

63 4140 185 4196 addidisti
195 4140 251 4194 tuis
267 4141 437 4202 commentis,
454 4157 507 4195 non
524 4157 586 4196 cssc
601 4143 743 4212 primatem
754 4142 860 4198 dicece-

64 4241 116 4284 που
129 4241 234 4299 praeter
248 4229 363 4299 apostoli
379 4229 459 4298 primi
474 4229 617 4297 vicarium,
635 4230 800 4285 sufficienter
810 4248 859 4285 su-

66 4329 107 4384 pra
119 4315 211 4388 legisti
226 4333 288 4388 quae
302 4317 375 4372 sacri
389 4332 507 4372 canones
527 4326 553 4372 et
572 4319 680 4372 decreta
705 4319 777 4373 sedis
807 4321 860 4374 llo-

908 3715 962 3753 non
975 3708 1072 3769 potest,
1091 3700 1141 3753 uisi
1161 3700 1195 3754 ab
1219 3700 1261 3755 his
1282 3716 1298 3754 a
1326 3701 1424 3772 quibus
1452 3702 1574 3757 ordinari
1598 3704 1708 3773 potuit:

909 3788 1020 3859 quodsi
1042 3788 1121 3842 aliter
1144 3787 1241 3844 lactum
1272 3788 1361 3853 luerit,
1378 3790 1464 3845 nullas
1486 3792 1559 3846 vires
1588 3791 1709 3848 habebit.

909 3877 981 3930 Bona
997 3878 1073 3942 hora,
1091 3884 1194 3931 tantum
1211 3877 1341 3932 laborasti
1355 3887 1384 3932 ut
1398 3879 1463 3933 nulli
1481 3880 1605 3935 subditus
1633 3864 1709 3936 esses

909 3965 961 4019 nisi
976 3966 1132 4034 apostolicae
1147 3967 1221 4020 sodis
1236 3965 1366 4036 pontifici,
1393 3976 1418 4022 et
1442 3968 1531 4022 nullus
1546 3978 1571 4023 te
1588 3969 1710 4037 judicare

910 4060 1004 4123 posset
1019 4053 1071 4107 nisi
1086 4054 1236 4123 apostolica
1252 4054 1349 4120 sedes3
1365 4071 1427 4110 cum
1435 4072 1466 4110 ex
1475 4057 1542 4127 ipsis
1556 4058 1708 4123 sententiis,

911 4157 978 4212 quas
993 4142 1029 4195 ad
1041 4140 1227 4197 defensionem
1253 4143 1290 4196 tui
1314 4145 1471 4199 muniminis
1497 4146 1641 4215 protulisti,
1658 4148 1711 4203 hoc

911 4237 1004 4284 contra
1021 4240 1046 4283 te
1065 4229 1224 4300 proseratur,
1238 4232 1300 4301 quia
1316 4232 1382 4301 ipsis
1398 4248 1428 4287 es
1438 4233 1572 4297 subditus,
1584 4242 1610 4288 et
1619 4235 1653 4287 ab
1669 4235 1711 4288 his

910 4327 988 4387 potes
1000 4318 1125 4385 judicari,
1142 4334 1157 4372 a
1173 4319 1270 4388 quibus
1285 4319 1396 4388 potuisti
1425 4319 1552 4374 ordinari.
1579 4321 1708 4387 llliranda,

68 4417 144 4460 nane
157 4403 318 4476 pontificum
328 4407 362 4461 de
384 4406 585 4476 provinciarum
600 4407 760 4476 primatibus
774 4407 892 4466 intel-D
907 4405 949 4459 vel
966 4406 1056 4475 potius
1071 4406 1224 4460 miseranda
1249 4415 1293 4459 tuo
1319 4406 1451 4460 mirabilis
1475 4408 1529 4462 imo
1550 4408 1710 4462 miserabilis

69 4488 180 4547 leserunt
194 4509 227 4548 ac
242 4494 435 4549 decreverunt.

96 4580 132 4634 De
144 4582 287 4636 sententiis
305 4598 382 4647 uero,
393 4599 455 4654 quae
465 4583 590 4637 dicuntur
603 4583 746 4639 exGraecis
755 4594 781 4639 et
793 4586 864 4639 Lati-

74 4665 105 4720 nis
120 4669 299 4724 canonibuset
310 4671 421 4741 synodis
431 4671 561 4726 Romanis
573 4679 654 4743 atque
662 4672 779 4727 decretis
790 4690 862 4744 prac-

78 4754 146 4811 tulum
160 4773 191 4812 ac
201 4758 303 4813 ducum
318 4759 502 4814 Romanorum
511 4761 631 4816 collectae
642 4761 677 4815 ab
688 4762 807 4816 Adriano
817 4778 864 4832 pa·

80 4854 110 4908 lta.
120 4846 336 4919 etEngelramno
346 4849 506 4903 lietensium
522 4849 650 4920 episcopo
662 4851 740 4914 datm,
754 4851 861 4922 quando

84 4934 166 4994 prosu
180 4935 282 5006 negotii
306 4951 390 4992 causo
414 4938 554 5009 agebatur,
576 4953 607 4991 cx
624 4939 723 5007 quibus
738 4939 859 5008 ‹yuvedum

83 5016 119 5070 luis
130 5024 295 5090 commentis,
310 5024 506 5095 interposuisti,
528 5042 608 5097 quam
619 5027 739 5081 dissonae
755 5027 859 5080 interse

84 5099 215 5176 tueantur,
232 5112 279 5184 qui
295 5111 360 5183 legit
374 5113 440 5167 satis
468 5114 603 5186 iutelligit,
621 5123 733 5186 etquam
745 5115 859 5169 diversae

10 5198 12 5203 '
84 5199 170 5252 tsacris
183 5200 344 5266 canonibus,
361 5209 387 5256 el
403 5217 485 5273 qrram
500 5202 687 5273 discrepantes
702 5204 729 5257 in
746 5204 858 5274 quibus·

10 5348 13 5363 Ι
85 5274 126 5334 lun
136 5287 165 5341 ab
179 5288 370 5345 ecclesiasticis
385 5290 496 5359 judiciis
512 5291 671 5358 habeantur,
686 5301 712 5346 ut
723 5294 766 5348 hic
781 5309 857 5364 quae-

86 5363 128 5424 ἀίω
150 5375 182 5432 de
208 5377 336 5450 plurimis
362 5394 471 5450 ponam,
498 5380 639 5436 evidenter
658 5381 855 5437 manifestatur.

87 5462 217 5541 ‘Delatoru
228 5476 355 5547 inquiunt
371 5478 445 5548 (cop.
455 5479 499 5542 57,
509 5479 565 5547 73),
582 5479 734 5551 autlingua
749 5481 858 5550 capule-

915 4494 1055 4563 sapientia,
1076 4494 1139 4564 quia
1159 4495 1216 4549 hmo
1240 4495 1267 4548 in
1290 4495 1356 4565 ipsis
1378 4495 1518 4550 sententiis
1539 4496 1632 4550 videro
1655 4512 1709 4551 non

914 4582 1033 4652 potuisti,
1050 4582 1092 4636 vel
1109 4582 1201 4636 videre
1218 4598 1271 4637 non
1287 4583 1406 4648 voluisti,
1423 4599 1484 4639 oum
1501 4584 1577 4656 legas
1601 4584 1709 4654 episco-

913 4687 963 4740 pus
988 4680 1080 4726 sancta
1100 4670 1227 4725 animalia
1252 4672 1386 4727 Ezechieli
1412 4679 1523 4726 ostensa
1547 4672 1626 4742 plena
1649 4688 1710 4729 esse

913 4759 998 4813 oculis
1018 4768 1079 4813 ante
1102 4768 1127 4814 et
1142 4769 1225 4827 retro,
1247 4769 1272 4814 et
1293 4769 1466 4831 arrogantem
1491 4760 1657 4815 Pharisaeum
1672 4761 1709 4816 ibi

912 4847 1020 4902 oculum
1046 4863 1098 4901 nou
1118 4849 1256 4913 babuisse,
1270 4848 1315 4901 ubi
1321 4847 1448 4916 jactando
1465 4864 1628 4903 enumerans
1639 4850 1709 4905 bona

912 4952 961 4989 sua
976 4937 1118 5004 pultlicauo
1133 4953 1162 4990 se
1178 4936 1302 5005 praetulit.
1321 4935 1389 4989 Hinc
1404 4935 1483 4989 etiam
1499 4937 1533 4991 dc
1548 4944 1573 4992 le
1595 4938 1711 5011 inlelligi

911 5031 999 5093 potest
1015 5025 1086 5094 quod
1102 5024 1229 5077 Salomon
1251 5023 1314 5076 dicit
1332 5041 1337 5075 :
1356 5025 1490 5080 Doctrina-
1509 5043 1561 5081 sao
1583 5029 1710 5082 troacilar

911 5115 963 5167 eir:
971 5114 1017 5184 orci
1025 5117 1120 5167 (tolera
1131 5115 1251 5165 oureuscl
1261 5115 1710 5187 arcoraeal,pulebilcoulemplui

910 5202 918 5268 l
923 5203 1001 5255 l’rou.
1020 5210 1078 5267 xuy.
1097 5201 1129 5252 Et
1139 5200 1242 5253 Seneca
1254 5215 1324 5268 pene
1333 5200 1512 5268 Christianus,
1532 5212 1559 5256 et
1585 5203 1708 5272 apostolo

911 5288 993 5343 Paulo
1009 5287 1148 5341 familiaris
1165 5304 1170 5340 ε
1189 5287 1349 5355 l'idcnclttm,
1369 5289 1510 5361 inquibus
1523 5307 1572 5362 pcr
1584 5307 1645 5364 quw
1660 5293 1709 5349 ad-

909 5378 1162 5448 urirolloporolur,
1181 5376 1303 5433 ridicula
1318 5378 1449 5434 clodione
1464 5380 1533 5433 aiat.
1553 5403 1564 5426 ι»
1585 5381 1619 5435 Et
1645 5380 1711 5438 item

908 5472 1036 5528 Salomon
1053 5491 1059 5525 :
1077 5473 1214 5538 Quomodo
1224 5477 1249 5529 ai
1259 5479 1376 5546 oraculo
1390 5474 1499 5533 sordido
1514 5494 1621 5535 ornare
1641 5481 1710 5535 velis
