3794 6104
120 225 171 277 7„
764 220 914 277 ioannes
933 221 1027 276 aare
1047 224 1117 280 viii.
1721 234 1770 285 ⁷⁶⁸

116 347 250 404 memoria
261 346 287 405 ai
299 345 492 416 apostolorum,
503 345 688 408 utcondecat,
700 343 921 415 aepletioetiiciio
931 343 1121 418 &quanquam
1132 347 1307 421 gaudendum
1322 351 1357 405 sit
1367 352 1497 422 moniam
1507 351 1648 421 eumdem,
1657 360 1720 423 post
1733 354 1769 412 te·

116 434 338 506 persalutationis
352 434 469 491 edicant.
487 434 606 505 ideoque
614 448 743 507 rogamus
758 442 787 488 ut
796 433 870 489 aditu
879 433 920 489 eia
969 433 1033 489 licis
1044 451 1155 492 cursum
1171 437 1348 507 oparisimer
1362 439 1524 512 angelorum
1538 448 1641 496 acetum
1652 429 1771 512 'ponunt

116 524 301 579 annitentibus
317 523 395 577 vobis
416 537 557 585 concesso,
582 522 662 576 talem
678 522 731 576 illis
757 521 919 576 industrium
969 524 1137 594 susceperint
1152 526 1263 595 praemia
1285 527 1347 582 vitm
1364 527 1517 597 persennia,
1534 528 1659 583 tiendum
1672 529 1768 586 nihilo-

118 611 207 667 virum
223 610 308 683 [decet
323 610 435 665 tradatis
450 615 501 665 cut
518 611 584 681 quid
598 609 761 681 aitnilc1qui
776 625 920 681 eosusque
967 612 1056 665 mitius
1071 614 1198 668 convenit
1213 615 1286 685 quod
1308 623 1410 669 tantum
1421 616 1575 684 adjutorem
1587 616 1770 673 Ecclesiamm

118 698 152 752 ad
168 700 325 769 praedictum
341 698 491 768 principem
507 697 596 752 salvos
612 699 692 752 ducat
707 698 916 768 atqueredocat‚
969 699 1077 754 Domini
1091 700 1252 755 diffusarum
1266 702 1293 755 in
1308 703 1376 757 orbe
1391 704 1535 773 praesentia
1546 704 1697 774 corporali,
1710 706 1769 769 heu,

117 785 228 841 [aowin
254 785 362 854 scriptis
384 785 419 840 de
441 801 473 839 ea
500 785 610 839 minime
634 785 733 839 iterum
760 786 919 855 usurpanda
969 789 1038 857 proh
1066 788 1162 843 dolori
1186 790 1366 845 amiserimus.
1394 792 1545 847 Praesertim
1574 808 1640 847 cum
1668 794 1721 849 hoc
1744 794 1769 849 in

117 873 296 945 professione.
327 873 459 943 Optamus
488 890 537 928 ros
563 890 613 944 per
645 874 743 929 multos
777 889 864 929 annos
892 874 919 927 in
969 883 1092 945 tempore
1111 885 1203 932 sancta
1227 878 1349 933 Romana
1371 878 1505 945 Ecclesia,
1528 888 1616 934 mater
1639 881 1768 948 omnium,

118 961 223 1017 Christo
239 961 308 1016 bene
324 961 425 1025 valere,
443 970 468 1017 ct
482 963 516 1016 de
533 961 654 1016 barbaris
665 963 769 1035 iugiter
795 962 920 1017 hostibus
970 980 1032 1034 quaa
1045 980 1113 1020 meae
1141 966 1320 1021 mediocritati
1350 967 1495 1022 commissa
1511 975 1563 1036 est,
1591 969 1660 1023 Jesu
1684 971 1773 1025 aetemi

118 1049 295 1118 triumphare,
326 1049 474 1119 spiritualis
488 1057 513 1104 et
528 1050 720 1104 desiderabilis
736 1058 762 1105 et
791 1049 920 1104 Christia-
970 1051 1147 1122 dispositione
1161 1054 1277 1115 consilii,
1294 1054 1320 1108 in
1343 1070 1398 1126 quo
1420 1062 1448 1109 ut
1472 1071 1536 1110 eum
1558 1056 1774 1127 Apostolopace

117 1137 230 1192 nissimc
244 1137 291 1192 filii
308 1153 417 1208 semper
430 1140 566 1210 Auguste.
585 1140 652 1193 Data
667 1138 814 1193 indictione
830 1153 866 1191 aa.
971 1156 1195 1212 quorumcunque
1210 1142 1334 1209 dixerim,
1351 1141 1420 1198 lines
1432 1144 1594 1198 saeculorum
1605 1145 1775 1200 devenerunt

474 1243 568 1298 cxpv,
970 1228 996 1296 (l
1006 1229 1066 1284 Cor.
1084 1229 1124 1297 x),
1140 1229 1168 1283 in
1180 1237 1219 1283 tot
1228 1230 1462 1299 persecutionibus
1470 1240 1553 1302 atque
1563 1232 1774 1289 adversitatibus

345 1315 351 1329 ’
442 1346 478 1385 ΑΒ
493 1346 618 1386 mm
970 1315 1016 1369 diu
1037 1315 1174 1380 lacessita,
1201 1317 1412 1373 domesticomm
1434 1319 1654 1374 debacchatione
1676 1319 1775 1393 fatige-

432 1419 522 1487 (Αῃῃο
538 1421 612 1488 878.)
970 1393 1024 1461 tur,
1040 1407 1069 1453 ut
1092 1415 1177 1472 cogar
1190 1416 1252 1455 cum
1268 1402 1402 1471 Propheta
1425 1418 1573 1473 erumpens
1601 1403 1773 1459 exclamare:

159 1510 192 1565 ili
208 1510 309 1578 leontis
323 1524 340 1562 c
356 1524 385 1562 ac
400 1509 495 1562 missis
510 1507 593 1575 sidem
610 1508 749 1572 adhibeat,
769 1511 797 1562 et
811 1522 890 1579 opem
976 1489 1041 1543 Veni
1061 1489 1092 1542 in
1111 1489 1299 1545 altitudinem
1312 1492 1410 1555 marii·
1428 1495 1456 1545 0⁸
1472 1495 1627 1564 *mimi
1642 1492 1777 1549 ‘immi'

332 1580 464 1634 ltomonoe
482 1578 612 1632 Ecclesiae
619 1581 705 1648 seret.
971 1593 1016 1631 mc
1026 1576 1114 1631 (Psoi.
1126 1577 1207 1645 cxix)
1218 1595 1226 1637 t
1237 1586 1262 1631 et
1271 1593 1366 1632 rirrsus
1378 1593 1384 1632 :
1403 1580 1529 1643 Domine,
1547 1580 1638 1634 iibere
1648 1583 1781 1636 animam

155 1666 261 1722 Dilecto
276 1664 331 1721 idio
347 1681 455 1735 semper
467 1665 494 1718 in
521 1665 636 1721 Doinino
647 1664 823 1735 triumphanti
838 1665 957 1753 Basa-B
972 1681 1065 1718 mecm
1079 1682 1096 1719 o
1113 1666 1194 1720 lobiis
1212 1667 1318 1737 iniquia
1328 1670 1357 1721 et
1370 1683 1388 1721 c
1400 1666 1496 1737 linquo
1507 1667 1604 1723 doloso
1615 1668 1706 1739 (Psoi.
1718 1670 1773 1740 cx).

124 1770 170 1811 tao
184 1755 306 1823 piissimo
321 1753 476 1824 imperatori
496 1755 627 1825 Augusto.
973 1751 1028 1806 Sed
1043 1768 1101 1816 ros,
1119 1751 1155 1806 fili
1170 1753 1354 1821 charisssime,
1371 1756 1465 1809 hortor
1483 1770 1516 1810 ac
1538 1770 1641 1810 moneo
1662 1766 1796 1826 patemo

158 1843 273 1905 Scimus,
300 1841 804 1911 venerabilisimpe1·ator,scimusct
829 1841 920 1896 omni·
972 1841 1073 1894 amoris
1087 1839 1195 1904 affectu,
1217 1842 1275 1910 ejus
1295 1842 1393 1896 imitari
1408 1844 1435 1896 in
1458 1842 1648 1898 Ecclesiorum
1672 1845 1797 1899 exalto-

119 1931 202 1986 mode
221 1931 346 1986 novimus
377 1946 426 1985 vos
454 1929 598 1999 prudentia
621 1929 735 2000 po'lere,
764 1929 920 1999 aequitatem
971 1927 1045 1982 tione
1060 1929 1176 2000 vestigia
1190 1929 1252 1984 vitae
1267 1929 1405 1998 spiritalis,
1436 1930 1800 1999 eujuailorisdecorena-

117 2019 242 2092 diligere,
267 2019 393 2089 pietatem
409 2017 550 2084 extollere,
576 2016 872 2087 directiancsplantore
895 2023 921 2071 et
971 2024 1014 2069 tus
1030 2016 1106 2088 regia
1121 2016 1254 2088 dignitate
1269 2017 1372 2072 existis.
1386 2018 1504 2072 Primum
1516 2026 1544 2072 ut
1559 2019 1639 2089 pacis
1646 2020 1804 2081 unitatem

119 2107 186 2162 vitia
200 2087 325 2162 evellere.
343 2106 449 2163 Scimus
465 2114 491 2160 et
507 2105 609 2176 liquido
624 2105 762 2160 eredimus
784 2121 834 2159 uos
855 2120 922 2159 san·
972 2104 1164 2176 vinculumque
1181 2105 1320 2160 charitatis
1336 2120 1397 2160 cum
1412 2105 1543 2161 fratribus
1557 2109 1671 2172 vestris,
1695 2108 1804 2162 nimi-

119 2204 169 2251 otae
185 2196 314 2251 Romane
330 2195 459 2250 Ecclesiae
467 2194 717 2264 vigoremetdecus
725 2192 795 2248 velle
809 2208 920 2263 augere,
973 2208 1034 2246 rum
1050 2193 1178 2247 ludovici
1195 2194 1269 2264 regis
1283 2195 1471 2262 Bajoariorum
1485 2192 1559 2260 liliis,
1576 2211 1699 2267 cumque
1713 2197 1808 2255 tide-

120 2283 308 2338 trihulationes
323 2298 444 2354 gemere,
469 2282 609 2353 angustias
636 2281 741 2344 dolere,
758 2289 784 2336 et
806 2280 924 2336 necessi·
973 2280 1044 2334 libus
1068 2281 1230 2335 Christianis
1244 2289 1350 2350 teneus,
1372 2283 1482 2337 demum
1496 2290 1593 2337 contra
1617 2284 1802 2349 insanientis

121 2380 191 2427 tates
205 2371 250 2442 pio
265 2371 371 2436 intuito,
387 2379 518 2442 quantum
529 2370 563 2424 ad
577 2386 627 2425 ros
638 2369 766 2440 pertinet,
782 2385 921 2424 amovere.
974 2370 1089 2437 rabiem,
1106 2379 1186 2440 atque
1201 2379 1342 2441 tyrannos,
1360 2379 1473 2440 paterno
1487 2381 1658 2441 provocatus
1684 2389 1795 2432 exem.

121 2460 207 2528 Hujus
222 2460 261 2515 rei
277 2459 378 2531 gratia,
395 2461 540 2513 maximam
556 2459 590 2513 de
606 2459 683 2513 vobis
703 2456 831 2513 liduciam
846 2474 925 2512 assu·
973 2457 1028 2528 plo,
1045 2457 1169 2512 virtutem
1185 2458 1302 2521 roboris,
1319 2458 1419 2513 Christi
1434 2460 1605 2524 auctoritate,
1631 2460 1660 2514 in
1685 2460 1789 2523 delen.

120 2556 237 2612 mentes,
253 2548 385 2619 quidquid
400 2549 523 2602 eamdem
538 2555 661 2601 sanctam
677 2555 790 2600 matrem
805 2555 923 2600 vestram
974 2546 1080 2601 sionem
1095 2547 1188 2601 matris
1207 2554 1316 2611 restra,
1339 2562 1355 2600 a
1379 2555 1471 2617 quaet
1493 2556 1587 2606 notum
1602 2548 1780 2617 praedicatio.

120 2637 271 2692 Romanam
289 2636 442 2692 Ecclesiam
454 2636 554 2706 oppido
569 2634 662 2706 alligit
679 2643 705 2689 et
720 2634 923 2697 lacerationis
974 2635 1017 2690 nis
1030 2635 1059 2689 in
1072 2635 1192 2705 proavis,
1208 2643 1234 2688 et
1245 2634 1355 2688 infulam
1372 2634 1480 2704 imperii
1497 2634 1659 2705 accepistis,
1678 2636 1773 2696 medul-

119 2725 251 2799 singulari
279 2725 395 2796 quadam
425 2740 473 2794 spe
499 2724 692 2778 committimus
707 2724 869 2778 audiendum
899 2734 925 2779 et
974 2724 1038 2778 litus
1049 2722 1217 2794 viriliterque
1232 2721 1372 2778 effundere
1391 2723 1513 2778 valeatis.
1530 2722 1612 2792 Quia,
1629 2725 1701 2795 quod
1724 2727 1769 2785 diei

119 2814 322 2886 corrigendam.
348 2814 450 2866 'lamen
464 2829 498 2865 ne
522 2827 580 2877 ros,
605 2828 673 2882 quos
693 2821 861 2866 secretorum
876 2828 925 2866 no·
976 2813 1034 2866 sine
1050 2812 1232 2882 lacrymarum
1254 2813 1341 2866 imbre
1366 2811 1440 2865 nullo
1463 2812 1548 2867 modo
1562 2820 1663 2882 potest,
1679 2816 1764 2883 prodiit

122 2912 241 2958 strorum
256 2901 382 2955 conscios
395 2916 457 2954 esse
472 2900 607 2969 cupimus,
624 2900 708 2954 lateat
723 2900 796 2970 quod
806 2900 849 2954 his
865 2900 925 2955 die·
977 2899 1004 2953 in
1018 2900 1069 2954 boc
1083 2907 1206 2969 tempore
1221 2901 1291 2970 apud
1307 2916 1357 2955 nos
1369 2916 1403 2955 ex
1418 2914 1512 2953 massa
1526 2901 1634 2970 peccati
1650 2900 1723 2955 radit
1734 2918 1758 2957 ac

122 2992 174 3046 hus
188 2997 282 3044 contra
298 2989 346 3043 Dei
361 2987 525 3042 voluntatem
550 2995 699 3058 contraque
715 2988 829 3043 salutem
844 2989 925 3042 totius
977 2988 1063 3042 lomes
1078 2987 1253 3058 nequissimae
1274 2987 1435 3058 perditionis
1458 2989 1632 3053 lambertus,
1649 2989 1755 3044 Widonis

123 3077 285 3134 Christianae
300 3074 373 3142 fidei,
389 3092 421 3131 ac
443 3084 538 3130 contra
562 3076 735 3146 privilegium
752 3085 853 3131 sancire
867 3077 917 3131 llo·
975 3075 1112 3147 quondam
1133 3076 1272 3145 spoletani
1291 3076 1539 3138 dicishorrendos
1554 3075 1637 3139 silius,
1661 3075 1756 3131 latemur

121 3182 211 3222 manae
226 3165 367 3232 Ecclesiae,
385 3180 432 3219 seu
461 3172 555 3219 contra
570 3180 675 3219 morem
692 3165 786 3236 reique
800 3165 874 3235 pirbli
885 3181 924 3219 cae
975 3164 1314 3223 membrumdntiolaristi.
1339 3164 1385 3235 qui
1400 3165 1563 3219 adversatur
1587 3174 1614 3220 et
1642 3165 1755 3220 extollitur

121 3263 219 3310 statum
236 3255 329 3309 ltomae
343 3262 483 3323 peractum
499 3261 549 3317 est,
567 3252 709 3307 hismissis
724 3253 824 3308 nostris
840 3252 925 3307 Paulo
975 3252 1135 3321 derogando
1149 3253 1283 3306 adversus
1295 3260 1384 3306 ortum
1413 3253 1516 3323 regalis
1537 3253 1688 3325 progeniei,
1703 3261 1723 3307 et
1733 3267 1754 3305 se

121 3353 147 3399 et
162 3343 287 3414 Eugenio
303 3342 439 3412 episcopis
453 3342 620 3396 verbotenus
634 3341 712 3396 vobis
727 3342 843 3397 dicenda
854 3357 927 3396 com·
975 3340 1060 3409 turpis
1093 3339 1158 3394 lucri
1199 3340 1327 3410 cupidum
1369 3339 1539 3394 clandestina
1568 3341 1755 3402 machinatione,

116 3432 250 3486 misimus.
291 3429 416 3499 Quaeres
429 3431 589 3485 itacredere
603 3431 782 3501 deprecamur
796 3445 829 3485 ac
844 3430 925 3483 sinos
973 3429 1126 3498 rapacitatis
1146 3428 1255 3491 ardore,
1280 3444 1353 3483 nunc
1377 3429 1430 3484 huc
1445 3436 1527 3499 atque
1550 3428 1616 3485 illuc
1638 3429 1753 3501 tergiver-

120 3522 261 3577 vobiseom
283 3520 444 3590 loquamur,
462 3527 488 3573 et
517 3520 671 3582 credentes,
702 3519 725 3572 si
754 3518 834 3572 nohis
854 3517 925 3574 serre
977 3517 1073 3583 sande,
1094 3532 1156 3572 cum
1178 3518 1392 3571 mmchasorore
1413 3516 1532 3581 liotilde,
1559 3533 1677 3589 cumque
1698 3530 1755 3572 corn

121 3623 212 3678 opem
228 3608 273 3663 vel
287 3608 404 3679 aliquam
425 3608 640 3662 consolationem
664 3606 785 3667 valeatis.
802 3614 829 3660 et
843 3607 925 3660 veluti
976 3605 1048 3676 plico
1061 3621 1111 3659 suo
1140 3603 1223 3659 infido
1238 3604 1388 3675 adelgerto
1402 3605 1573 3672 marchione,
1599 3606 1655 3660 imo
1681 3602 1755 3675 patrie

121 3696 237 3752 dilectus
254 3695 500 3751 filiusreierendae
521 3696 601 3749 matri
629 3695 740 3760 assolet,
770 3694 926 3748 omnimodo
977 3693 1115 3763 predone,
1141 3694 1173 3747 ad
1203 3693 1423 3759 lacem,ntvera
1453 3692 1525 3746 lama
1553 3694 1660 3759 uolitat,
1689 3695 1756 3762 impu·

122 3784 270 3840 conteratis
286 3785 471 3855 deposcimus.
488 3784 628 3838 Habebitis
641 3783 713 3838 coint
729 3798 779 3853 pro
803 3782 845 3835 lais
860 3798 925 3836 sao·
976 3783 1080 3845 denter,
1098 3783 1169 3853 quod
1185 3783 1259 3836 Deus
1272 3789 1382 3843 avertat,
1400 3782 1546 3837 sustollere
1562 3783 1676 3837 Romani
1689 3785 1756 3850 impe·

122 3881 183 3929 ctos
197 3872 336 3942 apostolos
349 3873 495 3938 adjutores,
512 3880 536 3925 et
552 3887 602 3925 nos
617 3870 928 3940 possidebitisdesotio·
977 3871 1027 3935 r·ii;
1045 3879 1071 3923 et
1091 3887 1171 3935 nunc,
1188 3876 1279 3940 utpote
1305 3869 1470 3923 abominatio
1492 3870 1674 3924 desolationis
1695 3877 1756 3937 atque

123 3968 291 4015 resvestros
312 3959 383 4028 apud
404 3959 548 4013 Dominum
578 3975 687 4028 semper·
716 3959 926 4014 intercessores.
977 3958 1140 4028 perditionis
1154 3957 1235 4017 filius,
1254 3965 1333 4027 eaput
1367 3958 1468 4026 scorpii
1492 3966 1519 4012 et
1546 3958 1652 4029 aspidis
1678 3955 1754 4015 surda,

123 4049 191 4102 Data
205 4062 234 4100 rr
250 4046 387 4101 Kalendas
404 4047 488 4100 llartii
505 4046 537 4118 [s.
556 4046 626 4107 ttaii,
648 4051 681 4100 ol
695 4051 807 4104 consini
825 4063 862 4102 cn
882 4063 927 4102 aa·
977 4046 1092 4112 destruit
1110 4046 1273 4115 dilapidans,
1289 4061 1394 4116 perque
1416 4060 1533 4115 nequam
1559 4062 1625 4100 suos
1649 4042 1758 4115 disperdit

123 4133 303 4208 pariorihcal,
319 4133 467 4188 indictione
481 4150 523 4189 xi.
977 4135 1121 4206 predones
1146 4150 1254 4188 omnem
1280 4134 1424 4188 terminum
1440 4134 1525 4188 sancti
1548 4135 1619 4188 Petri
1649 4150 1680 4189 ac
1702 4128 1756 4186 Pauli

482 4241 564 4295 cxv·
977 4232 1159 4293 protectorum
1176 4231 1338 4284 aestrorum,
1356 4221 1442 4275 abiet
1466 4237 1517 4291 pro
1547 4238 1601 4292 qua
1626 4239 1656 4277 re
1682 4231 1755 4275 omnes

290 4343 326 4382 A„
346 4344 507 4384 mmmm
527 4345 636 4384 „qum
653 4344 758 4383 „Em
978 4310 1141 4381 penotiostri
1149 4309 1243 4364 lideles
1252 4309 1278 4362 in
1287 4316 1476 4380 paupertatem
1490 4325 1524 4366 ae
1535 4309 1715 4366 necessitatem
1725 4321 1755 4358 re·

436 4417 526 4487 (Anno
541 4419 616 4477 373¹,
942 4400 969 4459 D
984 4399 1056 4453 docti
1072 4399 1206 4463 ridentur,
1224 4397 1456 4467 sacramentisque
1470 4405 1498 4450 ut
1514 4398 1566 4451 sibi
1577 4398 1730 4469 conspirent,
1742 4399 1759 4444 et

123 4490 256 4562 Deplorat
275 4493 396 4544 mortem
422 4490 515 4544 Coreli
536 4491 715 4559 imperatoris
727 4490 821 4560 petris
845 4490 927 4559 ejus,·
978 4503 1011 4542 ne
1027 4488 1061 4541 ad
1080 4494 1202 4541 nostram
1217 4495 1357 4540 occurrant
1370 4486 1532 4559 jussionem,
1550 4487 1639 4540 omnis
1653 4478 1758 4541 territorii

160 4564 293 4616 widin?
306 4564 446 4631 “illicem
458 4558 929 4629 illit'ssifflm·''edibilisstiliiss'lllffl'
978 4584 1133 4630 sanctorum
1153 4574 1337 4644 apostolorum
1363 4573 1488 4628 hotraines
1518 4575 1702 4647 constringere
1719 4584 1760 4625 non

207 4649 219 4684 s
294 4671 301 4690 ,
372 4668 380 4683 .
459 4647 465 4657 ·
529 4670 532 4675 ι
714 4648 775 4681 ri
916 4657 927 4667 -
1026 4664 1056 4674 ..
1209 4663 1214 4673 .
1508 4662 1514 4672 .
1599 4662 1604 4672 .

159 4631 926 4772 tt.tintlttlbtttt?tbtlttttttttlt.
978 4664 1165 4762 oeae-Nee
1180 4671 1261 4717 ...a
1277 4662 1760 4760 leefflteteeeetestate·

66 4782 68 4787 ’
159 4774 442 4835 ησεεοιηιηεηιοναίς
461 4770 580 4843 deniqne
598 4771 627 4824 in
649 4770 927 4825 Galliarnscneutu·
978 4769 1030 4816 ¹¹¹8,
1053 4753 1180 4822 dfflffl‘lue
1203 4759 1398 4817 ‘lammens’
1428 4750 1559 4821 itqueflb
1577 4760 1761 4820 e¹⁵³⁰⁰¹ll¹⁰¹¹⁵i

160 4857 235 4904 rem,
248 4841 487 4912 ibiquespnodorn
499 4842 707 4896 celebratorum
725 4841 875 4911 sipitilicci.
979 4841 1137 4911 suppliciter
1152 4840 1374 4909 deprecatusest,
1394 4846 1422 4892 ut
1437 4838 1499 4903 sthi,
1516 4854 1579 4893 cum
1599 4836 1764 4912 significatum

978 4928 1083 4993 luisset,
1100 4927 1243 4999 phalange
1257 4930 1392 4999 agarenae
1406 4926 1439 4980 ad
1455 4926 1603 4996 perniciem
1635 4920 1768 4982 Christiani

161 4925 305 4982 Lunovtco
324 4929 446 5000 glorioso
465 4930 534 5001 regi,
551 4927 606 4982 lilio
629 4928 699 4983 divae
723 4929 861 4983 memoriae
876 4927 927 4981 Co-

126 5015 175 5072 roli
191 5017 213 5070 ll
230 5017 398 5085 imperatoris
419 5017 543 5088 Augusti.
978 5017 1071 5087 populi
1086 5016 1248 5087 quantocius
1263 5013 1386 5069 delerant
1402 5014 1509 5069 auxilia.
1521 5013 1649 5083 Qualiter
1663 5015 1769 5085 denique

161 5104 269 5173 Quarrto
284 5104 383 5159 deinde
391 5119 485 5158 amore
496 5104 648 5160 dilectionis
663 5120 713 5174 pro
727 5113 861 5158 tantorum
875 5105 927 5159 ho-

104 5183 221 5247 'norum
238 5192 685 5262 virtutibus,etproomnipotentis
702 5193 749 5247 Dei
766 5193 927 5263 quotidianis

125 5290 276 5360 genitorem
288 5298 406 5343 vestrum
415 5288 588 5343 dilexerimus
596 5290 722 5354 cultibus,
734 5290 839 5351 lterum,
850 5290 928 5344 Chri·

126 5383 167 5431 ato
178 5376 350 5432 conscientia
358 5385 458 5432 nostrae
468 5384 546 5441 teste,
557 5378 659 5449 absque
668 5377 848 5449 lacrymarum
860 5376 926 5433 eiiu-

126 5462 202 5518 sione
227 5462 358 5518 sactorum
381 5465 519 5522 reminisci
541 5465 694 5523 nullatenus
711 5481 868 5535 possumus.
892 5468 926 5521 Et

979 5104 1072 5159 fraudo
1088 5104 1224 5175 nequitiae,
1242 5111 1268 5158 et
1282 5119 1332 5173 per
1347 5102 1505 5172 perjurium,
1522 5103 1549 5156 in
1564 5103 1627 5157 sinu
1649 5103 1771 5159 Ecclesiae

979 5201 1079 5248 nostem
1094 5208 1144 5246 nos
1159 5191 1306 5261 deceperit,
1328 5191 1480 5260 urbemque
1503 5205 1610 5245 sacram
1640 5191 1773 5255 irrraserit,

980 5283 1062 5339 hicea
1086 5281 1148 5337 ideo
1164 5279 1353 5351 praetereundo
1372 5278 1494 5343 silemus,
1512 5279 1575 5350 quia
1596 5278 1625 5333 in
1649 5280 1704 5336 alio
1716 5296 1778 5352 opu·

979 5370 1054 5428 sculo
1077 5371 1110 5425 ad
1152 5368 1271 5425 omniuin
1308 5367 1526 5423 Christianorum
1554 5369 1693 5435 notitiam,
1715 5384 1780 5442 quos

978 5466 1006 5521 id
1019 5465 1094 5522 circo
1108 5462 1287 5519 anathematis
1303 5461 1418 5517 tiuculis
1433 5460 1640 5528 innodavimus,
1657 5463 1786 5520 nonnulla
