3794 6104
169 217 218 272 att
778 214 925 271 toxNNts
953 214 1051 268 PAPAE
1079 215 1148 270 Vlll.
1768 226 1809 281 Eli

169 341 210 396 De
226 342 302 411 cujus
318 340 420 398 scilicet
435 341 535 396 unitate
550 340 625 412 pacis
641 341 697 395 sive
712 341 856 395 concordia
871 348 963 412 gratu-
978 339 1094 402 Alietis,
1112 340 1172 394 luce
1187 339 1285 394 clarius
1301 340 1434 406 novimus,
1458 343 1530 397 unde
1547 342 1713 413 multiplices
1728 344 1810 415 gloria

168 429 265 495 lamur,
287 439 312 485 et
336 430 527 500 cunctipotenti
552 430 667 483 Domino
691 429 787 483 laudes
809 429 966 482 innumeras
1016 436 1114 481 vestive
1129 432 1228 499 gratias
1244 428 1401 482 referimus.
1431 431 1499 484 Nam
1521 439 1548 484 et
1571 447 1623 484 uos
1645 447 1695 484 ros
1712 448 1808 501 semper

167 518 337 582 reserentes,
371 518 433 572 licet
463 517 487 571 ei
516 517 562 587 qui
591 525 664 571 tanta
694 517 766 572 bona
795 516 882 569 servis
910 516 966 569 suis
1015 515 1090 585 quasi
1106 515 1233 569 dilectum
1251 525 1276 570 et
1292 517 1442 585 spiritalem
1457 516 1541 571 silium
1559 519 1723 587 retinemus
1738 528 1763 573 et
1775 520 1810 590 pio

167 604 289 678 largitur,
306 605 455 677 condignas
470 613 562 676 grates
577 621 660 675 agere
671 621 724 658 non
735 604 881 674 possimus,
894 604 965 657 lmuc
1015 604 1113 657 mentis
1128 603 1225 659 alsectu
1241 605 1430 660 desideramus
1441 606 1579 675 amplecti,
1593 615 1620 660 et
1632 622 1684 676 pro
1694 609 1809 680 augenda

168 694 353 750 benedicimus
369 701 395 747 et
419 693 536 747 assiduis
558 694 670 748 vocibus
693 692 847 765 glorificare
869 692 964 747 stude·
1014 690 1099 761 gloria
1114 700 1204 746 vestra
1219 693 1328 747 assidue
1343 692 1450 748 solliciti
1461 694 1655 749 incunctanter
1665 695 1808 751 existimus.

166 798 236 836 mus.
253 780 344 836 Gloria
361 797 476 852 namque
491 781 525 834 sit
539 781 589 846 illi,
606 790 632 836 et
647 781 735 835 omnis
746 781 804 834 laus
819 796 852 836 ac
866 780 961 844 virtus,
1014 779 1093 848 Quod
1108 788 1199 835 autem
1216 781 1294 835 nobis
1315 781 1472 850 mandastis,
1496 790 1525 836 ut
1543 770 1675 836 ‘restrum
1698 792 1809 853 optatum

165 870 241 938 cujus
256 869 394 938 majestate
408 876 434 923 ct
449 885 559 939 semper
572 869 751 939 perlaudabili
762 869 849 941 gratia
860 877 963 923 certata
1012 867 1235 937 praestolaremur
1249 868 1406 934 adventum,
1423 885 1473 939 pro
1488 885 1584 925 eorum
1605 870 1808 927 adversitatibus

164 954 196 1027 [f.
211 955 331 1028 curvata]
347 958 382 1012 ad
397 957 584 1012 rectitudinem
599 958 776 1021 reducuntur,
796 972 879 1027 prava
893 956 962 1010 diri·
1012 955 1191 1010 emendandis
1206 956 1252 1026 qui
1267 956 1345 1010 uobis
1360 957 1495 1011 contraria
1509 957 1613 1012 inferre
1627 966 1654 1012 et
1676 958 1723 1029 qui
1738 975 1752 1012 a
1766 975 1808 1014 no·

162 1052 277 1116 guntur,
293 1045 463 1100 contumacia
477 1045 638 1109 retunditur,
655 1044 792 1098 humilitas
817 1044 959 1109 exaltatur,
1011 1050 1066 1097 stra
1082 1043 1182 1097 ditione
1199 1044 1322 1098 homines
1338 1052 1447 1099 nostros
1457 1046 1622 1100 subtrahere
1635 1056 1807 1116 praesumunt,

161 1132 264 1187 zizania
279 1133 442 1205 quandoque
457 1134 602 1196 velluntur,
624 1133 752 1188 scandala
773 1140 958 1203 amputantur,
1010 1147 1060 1184 nos
1082 1131 1191 1201 quidem
1217 1140 1337 1186 vestrum
1359 1134 1505 1188 adventum
1518 1136 1582 1205 ,toto
1608 1134 1748 1189 desiderio
1767 1151 1807 1206 pro

162 1229 188 1274 et
203 1221 291 1275 omnis
306 1221 413 1276 bonitas
428 1229 620 1293 augmentatur
636 1239 642 1274 :
658 1222 730 1275 undo
746 1237 798 1276 non
823 1221 849 1274 in
868 1221 958 1290 nobis,
1010 1218 1091 1273 tantis
1105 1218 1236 1274 Ecclesiae
1252 1220 1301 1273 llei
1317 1221 1536 1286 necessitatibus,
1557 1238 1620 1293 quae
1634 1223 1671 1276 ad
1687 1238 1806 1296 augmen·

161 1309 209 1362 sed
224 1308 253 1362 in
267 1309 364 1363 eodem
379 1308 496 1362 Domino
510 1308 671 1380 gloriemur,
684 1309 867 1376 jucundemur
877 1317 903 1362 et
913 1325 960 1363 ex·
1009 1313 1063 1360 tuin
1079 1307 1172 1379 gloriae
1188 1315 1285 1363 vestrm
1296 1317 1356 1362 sunt
1367 1309 1553 1375 emendandae,
1566 1303 1731 1366 omnimodo
1741 1321 1808 1382 opta-

161 1396 292 1452 sultemus
308 1395 335 1449 in
350 1396 538 1450 misericordia
553 1396 611 1463 ejus
630 1397 675 1466 qui
696 1396 760 1450 dicit
781 1413 787 1449 :
811 1397 956 1465 confidite,
1007 1411 1067 1448 mus
1082 1395 1227 1466 inspicere.
1251 1396 1305 1451 Sed
1328 1396 1396 1451 sicut
1419 1397 1496 1452 vobis
1520 1399 1623 1453 nostris
1641 1399 1805 1470 jampridem

160 1486 226 1556 quio
240 1499 289 1556 eqo
305 1485 359 1539 uici
374 1483 514 1538 mundam
529 1485 620 1553 (loon.
637 1484 708 1552 xta),
725 1491 751 1538 et
767 1483 793 1537 in
809 1484 863 1538 alio
875 1474 955 1538 loco:
1007 1483 1164 1552 apostolicis
1176 1483 1273 1538 litteris
1289 1484 1488 1557 suggessimus,
1500 1494 1528 1540 ut
1544 1495 1670 1541 vestrum
1686 1487 1807 1544 idoneum

158 1572 225 1628 Sine
237 1588 293 1640 me,
303 1571 401 1641 iuquit,
412 1572 486 1627 nillil
495 1573 611 1644 potestis
622 1573 716 1641 facere
727 1573 818 1639 tjtoao.
835 1573 895 1641 xv);
908 1573 956 1627 sed
1006 1570 1118 1625 missum
1134 1571 1212 1626 uobis
1228 1572 1406 1638 direxissetis,
1422 1589 1484 1628 curn
1498 1590 1552 1645 qno
1564 1574 1672 1646 aliquid
1682 1575 1805 1632 ecclesia·

157 1673 218 1715 cum
232 1675 282 1714 nos
296 1660 404 1729 scriptis
418 1668 444 1714 et
459 1659 550 1714 verbis
565 1659 775 1714 misericorditer
790 1667 877 1714 tecum
892 1676 954 1729 spe·
967 1687 994 1747 B
1007 1657 1081 1713 sticis
1092 1658 1249 1713 utilitatibus
1257 1660 1440 1729 potuissemus
1449 1659 1592 1731 perficere,
1604 1678 1658 1733 pro
1668 1679 1722 1735 qua
1731 1680 1806 1720 causa

157 1747 260 1802 cialiter
271 1748 409 1818 agendum
419 1747 699 1813 essedecrcrerimus‚
711 1747 863 1801 mirandum
874 1748 952 1802 valde
1010 1760 1064 1800 non
1079 1763 1140 1800 eum
1155 1746 1294 1834 miseritis,
1314 1748 1453 1804 miramur.
1480 1748 1670 1818 Quamobrem
1693 1753 1805 1822 petimus

155 1842 196 1890 est
211 1851 260 1890 cur
274 1835 358 1889 multa
374 1852 434 1906 quae
448 1851 499 1890 nos
513 1843 701 1901 statueramus,
711 1842 755 1889 aut
766 1835 844 1890 aliter
859 1836 952 1891 habita
1008 1835 1175 1890 uteumdem
1191 1835 1314 1900 missum,
1330 1845 1476 1908 antequam
1492 1837 1617 1905 veniatis,
1645 1839 1803 1896 nobisdiri-

155 1931 200 1977 aut
215 1932 316 1978 mumta
328 1939 390 1978 esse
405 1932 561 1989 noscantur,
586 1931 621 1989 et,
645 1923 782 1979 nescimus
806 1924 882 1992 cujus
896 1931 952 1979 stu·
1006 1938 1073 1993 gere
1088 1938 1142 1977 non
1156 1922 1293 1989 omittatis,
1305 1931 1332 1978 ut
1342 1939 1414 1992 cum,
1426 1926 1483 1980 lleo
1494 1926 1655 1992 auxiliante,
1666 1929 1800 1996 veneritis,

153 2010 198 2066 dio
226 2011 269 2066 vel
297 2011 434 2083 neglectu,
463 2012 565 2066 variata
593 2019 785 2066 monstrentur.
816 2013 949 2066 Caeterum
1005 2009 1084 2064 nobis
1099 2011 1178 2065 simul
1193 2011 1426 2079 convenientibus,
1444 2013 1665 2070 vercinternos
1684 2015 1799 2084 dilectio,

152 2099 277 2154 scribens
292 2099 455 2154 subintulisti
470 2099 552 2170 quod,
569 2108 594 2154 te
610 2100 735 2166 innuens
762 2116 816 2154 non
839 2100 890 2153 nisi
914 2100 949 2154 ab
1004 2105 1097 2168 utpote
1112 2098 1183 2153 inter
1198 2098 1346 2169 spiritalem
1362 2102 1467 2155 Patrem
1478 2109 1504 2155 et
1514 2101 1710 2158 charissimum
1722 2103 1800 2160 filiurn

151 2187 243 2259 iniqua
258 2187 416 2259 gerentibus
432 2187 621 2243 misericordia
635 2188 669 2242 sit
688 2189 850 2259 quaerenda;
876 2188 949 2259 quod
1002 2185 1087 2256 possit
1113 2185 1239 2241 existere.
1266 2188 1400 2242 Praeterea
1424 2197 1567 2260 postquam
1591 2190 1731 2260 Georgius
1753 2209 1798 2248 ex·

150 2282 176 2331 et
191 2291 241 2330 nos
256 2276 290 2330 de
305 2276 347 2330 his
363 2275 409 2346 qui
424 2277 509 2330 Deum
521 2291 551 2330 se
562 2275 633 2331 scire
643 2291 697 2331 nou
709 2275 807 2341 tantur,
820 2276 883 2331 licet
892 2276 948 2331 dis·
1002 2274 1218 2330 communicatus
1234 2266 1261 2329 e't
1275 2275 1514 2331 anathematizatus
1527 2294 1591 2332 curn
1608 2279 1721 2334 homine
1739 2279 1799 2335 tvt-

146 2363 301 2433 pensatorie
328 2362 451 2429 latemur,
480 2373 570 2419 tamen
598 2379 649 2418 nos
678 2364 750 2434 quod
780 2363 878 2419 lectum
906 2373 948 2420 est
1000 2362 1078 2416 donis
1095 2370 1136 2417 est
1150 2378 1165 2416 a
1181 2363 1258 2417 vobis
1274 2379 1411 2430 reversus,
1428 2364 1537 2420 assiduo
1561 2382 1660 2421 sumus
1682 2384 1797 2424 rnoerore

148 2462 318 2524 exaggerare
335 2452 471 2518 nolumus,
498 2468 533 2507 ne
557 2453 629 2523 quod
644 2452 756 2523 dignum
772 2461 813 2507 est
823 2453 946 2521 judicare
999 2448 1115 2515 turbati;
1133 2466 1166 2505 eo
1181 2451 1253 2521 quod
1267 2451 1396 2506 audacter
1411 2452 1532 2521 veniens,
1551 2454 1632 2524 quasi
1647 2464 1740 2511 vestra
1753 2456 1797 2511 lul·

147 2553 299 2612 cogamur3
327 2539 443 2610 ideoque
471 2539 532 2593 talis
556 2540 695 2595 excusatio
716 2539 804 2607 sileat,
830 2556 865 2595 ne
893 2542 945 2596 lioc
998 2545 1040 2592 tus
1055 2537 1224 2604 auctoritate,
1241 2538 1268 2591 in
1283 2539 1465 2608 proprietates
1488 2540 1553 2595 olim
1577 2558 1656 2609 suas,
1680 2560 1742 2616 quaa
1762 2545 1795 2600 ad

145 2626 268 2683 diceutes
281 2627 326 2681 illa
341 2627 476 2682 sententia
490 2634 581 2700 tangat
597 2644 652 2698 qua
672 2628 789 2682 dicitur:
809 2630 856 2684 l'cs
877 2631 944 2685 estis
993 2623 1038 2691 jus
1054 2633 1155 2680 sanctae
1170 2626 1297 2680 Romanae
1307 2626 1449 2696 Ecclesia,
1458 2627 1569 2697 (Carolo
1577 2629 1649 2685 divae
1659 2633 1794 2689 memorie

144 2716 945 2787 quijostificotlsuoscorociltomioibos;lteasoatemoo·
996 2711 1161 2783 imperalltrss
1176 2723 1271 2784 palrlw
1286 2723 1378 2768 vestm
1403 2715 1593 2786 concedente),
1619 2719 1793 2792 00ss108³liler

143 2803 184 2857 ait
191 2804 275 2858 cordo
285 2806 388 2867 oestro,
398 2803 542 2875 quidquod
551 2805 710 2860 horninibus
718 2805 868 2874 oltamest,
880 2806 942 2860 cbo·
994 2809 1176 2870 pervenerunt
1192 2809 1229 2867 tet
1244 2818 1316 2858 nunc
1331 2818 1418 2873 usquc
1430 2803 1485 2871 juri
1508 2813 1604 2860 nostro
1626 2806 1791 2863 defendeba-

143 2890 279 2945 mioobilc
295 2893 338 2944 est
351 2891 426 2961 opud
436 2893 524 2945 Deum
533 2891 609 2959 (Lao.
622 2891 942 2961 xv1);igiturlaudabilis
992 2905 1054 2942 mus
1066 2896 1092 2943 et
1100 2888 1279 2958 tenebamus),
1290 2896 1391 2945 temere
1401 2891 1504 2960 pariter
1515 2907 1578 2947 cum
1588 2893 1652 2949 aliis
1660 2894 1790 2963 introivit;

143 2983 186 3032 tua
201 2977 357 3048 prudentia,
373 2994 434 3048 quae
458 2977 556 3033 dicitur
577 2978 757 3033 humilitatem
780 2979 861 3047 scire,
886 2996 942 3035 non
992 2983 1018 3030 et
1034 2984 1151 3045 nostros,
1163 2977 1210 3048 qui
1222 2976 1248 3031 in
1259 2976 1373 3032 circuitu
1383 2977 1507 3034 homines
1518 2980 1648 3049 existunt,
1661 2982 1787 3055 affligere,

144 3064 258 3120 moleste
275 3064 343 3119 ierat
367 3065 438 3136 quod
463 3065 498 3119 ab
524 3066 647 3121 Ecclesia
668 3066 718 3120 Dei
740 3066 942 3122 miserationem
956 3035 1017 3119 Cct
1045 3064 1199 3135 depraedari
1227 3081 1281 3119 nou
1309 3073 1408 3122 cessat.
1432 3068 1509 3122 Unde
1532 3069 1635 3125 obnixe
1663 3087 1789 3144 rogamus

140 3153 218 3222 jussa
233 3162 275 3208 est
297 3153 456 3223 postulare;
480 3153 545 3223 quin
569 3154 658 3223 potius
682 3170 721 3220 se,
746 3162 775 3209 ut
797 3155 939 3223 exaltetur,
991 3160 1111 3208 vestrum
1125 3152 1349 3225 magnitudinem,
1366 3161 1394 3208 ut
1414 3154 1483 3210 sicut
1504 3156 1585 3211 nobis
1611 3173 1661 3214 ore
1686 3160 1788 3232 proprio

46 3303 49 3309 .
141 3241 272 3311 humiliet,
289 3249 316 3296 et
334 3241 486 3296 fraternum
499 3241 587 3296 discat
611 3258 676 3315 erga
701 3242 742 3296 sui
766 3243 941 3298 miserentem
991 3239 1162 3322 promisistis,
1175 3248 1206 3297 et
1220 3257 1270 3310 per
1286 3241 1428 3312 epistolam
1444 3252 1574 3311 vestram,
1587 3254 1672 3317 atque
1687 3247 1786 3321 legatos

141 3345 253 3385 servare
269 3328 406 3385 affectum.
423 3328 491 3397 Quia
506 3345 566 3395 nos,
583 3330 606 3383 si
621 3338 649 3384 tu
671 3330 789 3385 debitam
815 3331 940 3386 devotio·
990 3335 1109 3394 nostros,
1132 3328 1282 3383 liutwardo
1306 3330 1456 3384 venerabili
1481 3340 1584 3387 sanctae
1611 3334 1784 3391 vercellensis

142 3433 205 3472 uem
221 3425 247 3472 et
262 3416 398 3471 fidelitatis
414 3416 581 3472 incrementa
606 3433 674 3490 erga
695 3427 817 3473 sanctam
836 3420 939 3474 Roma·
990 3415 1120 3471 Ecclesiae
1135 3417 1263 3487 episcopo
1282 3417 1432 3472 mediatore
1456 3420 1601 3488 existente,
1628 3422 1781 3488 mandastis,

143 3520 204 3559 nam
233 3504 386 3561 Ecclesiam
412 3513 438 3559 et
462 3511 584 3559 nostram
613 3505 769 3575 parvitatem
792 3507 938 3563 observare
988 3504 1194 3573 presentialiter
1213 3504 1292 3559 nobis
1314 3505 1463 3575 adimplere
1485 3508 1621 3580 satagatis
1637 3528 1645 3563 ε
1662 3511 1780 3582 quisnos

142 3591 288 3661 studueris,
304 3601 331 3647 et
346 3602 374 3647 ut
387 3592 498 3648 tratrem
514 3593 709 3663 amplectemur
723 3602 749 3649 et
764 3603 793 3648 ut
809 3595 940 3651 cbarissi·
988 3606 1030 3657 ea,
1044 3609 1103 3663 quae
1113 3592 1190 3647 vobis
1201 3593 1385 3663 promisimus,
1393 3594 1557 3650 omnimodis
1566 3596 1778 3669 adimplebimus,

142 3697 217 3735 mum
231 3681 385 3752 proximum
400 3681 585 3737 retinebimus.
610 3683 680 3736 Nam
704 3691 729 3737 et
752 3698 785 3737 ea
809 3700 869 3754 quse
887 3700 937 3755 pro
987 3687 1031 3734 aut
1046 3681 1157 3734 eosdem
1170 3680 1294 3735 infideles
1309 3689 1418 3736 nostros
1432 3683 1527 3753 procul
1543 3700 1559 3738 a
1574 3686 1656 3741 nobis
1666 3689 1775 3758 expella-

142 3784 226 3825 causa
240 3777 293 3827 tuae
309 3770 485 3824 restitutionis
501 3770 626 3840 synodali
652 3771 762 3826 decreto
782 3771 936 3826 Constanti·
987 3768 1030 3832 tis,
1045 3776 1073 3821 ut
1094 3767 1168 3822 nulla
1191 3768 1271 3823 nobis
1297 3769 1423 3836 adversa,
1450 3770 1493 3825 vel
1517 3774 1656 3830 contraria
1680 3776 1774 3831 valeant

142 3857 235 3927 nopoli
258 3857 471 3912 misericorditer
494 3867 553 3912 acta
579 3865 650 3927 suut,
678 3859 831 3928 recipimus.
856 3861 890 3914 Et
914 3860 936 3914 si
985 3855 1258 3926 aliquatenusmoliri‚
1272 3872 1421 3928 quousque,
1435 3858 1492 3913 Deo
1502 3861 1632 3931 propitio,
1645 3878 1695 3919 vos
1705 3878 1772 3918 rene·

141 3943 257 3998 sortasse
272 3944 356 3997 nostri
371 3943 453 4014 legati
468 3944 494 3997 in
510 3944 604 3999 eadem
615 3946 719 4015 syuodo
730 3954 822 4001 contra
832 3955 936 4016 aposto
985 3942 1054 3996 ritis.
1072 3942 1174 4010 Quarto
1186 3943 1248 3997 ldus
1260 3944 1438 4015 Septembris,
1450 3945 1544 4002 indict.
1558 3948 1669 4006 decima
1677 3960 1769 4023 quartu.

138 4028 220 4085 licam
233 4030 440 4100 preceptionem
455 4039 578 4102 egerunt,
596 4047 646 4086 nos
661 4049 712 4088 nec
724 4034 869 4104 recipimus
884 4050 935 4090 nec
1310 4058 1452 4114 CCXOEX·
1544 4019 1549 4032 ¹

132 4117 290 4185 iudicamus
304 4117 417 4186 alicujus
432 4119 548 4174 existere
563 4118 706 4174 firmitatis.
1054 4158 1091 4199 ,D
1105 4158 1240 4200 Romu„
1256 4159 1492 4207 „mmmmm
1507 4163 1709 4210 mmm·

453 4233 616 4288 CCXCVlll.
1267 4236 1356 4302 (Anno
1380 4239 1455 4303 880.)

384 4335 420 4374 xo
435 4334 562 4376 exacuunt
578 4337 681 4378 uncam
983 4319 1142 4375 debetcum
1159 4322 1274 4376 llornnm
1293 4323 1328 4376 od
1343 4323 1479 4394 synodum
1498 4342 1587 4382 causo
1610 4328 1765 4387 dissolvendi

446 4410 536 4478 (Αῃῃο
549 4409 624 4474 ago)
1141 4392 1276 4462 quosdam
1292 4395 1458 4464 questiones
1473 4396 1618 4454 aduenire.

138 4495 249 4553 Grotius
259 4498 319 4568 opit
329 4497 362 4551 dc
376 4498 437 4567 ejas
453 4513 517 4567 orgo
533 4497 625 4552 sedem
636 4498 819 4568 apostolicum
834 4497 928 4553 obser-

169 4570 266 4622 vantia
276 4588 284 4633 ;
296 4583 377 4621 suoru
392 4583 458 4637 erqo
473 4583 537 4621 euin
552 4568 774 4622 benenate-utiam
789 4572 928 4624 testatur:

168 4638 446 4707 adrentumejuspro
454 4637 586 4691 Ecclesiae
594 4639 866 4693 itecessitctibusccs
887 4656 928 4694 ec-

169 4711 222 4770 tot,
238 4712 385 4779 arceretque
397 4710 430 4761 at
444 4707 568 4777 aliquem
584 4708 706 4777 legatum
720 4711 829 4763 mittat.
852 4657 925 4775 (iite-

167 4778 243 4832 rt'tttr
264 4777 297 4831 dc
317 4778 427 4847 Georqio
446 4777 565 4848 quodam
588 4779 841 4843 eorornmurticulo,
866 4781 922 4849 qtti,

166 4848 255 4916 ipsias
278 4847 457 4917 imperatoris
481 4848 652 4903 auctoritate
670 4850 772 4916 fultas,
789 4849 859 4905 boon
874 4852 924 4905 llo·

164 4932 257 4971 otoooe
281 4918 411 4971 Ecclesiae
434 4918 602 4985 inuaserot;
622 4921 701 4988 rapot
725 4923 758 4972 ot
785 4921 923 4990 proruisse

163 4987 277 5041 auxilio
292 4987 399 5040 mittat.

159 5089 398 5151 Excellentissimo
413 5097 440 5145 et
464 5090 563 5147 dilecto
588 5090 642 5146 titio
667 5093 778 5147 Cincio
799 5092 920 5164 glorioso

123 5177 191 5249 regi.

155 5264 319 5338 Relegentes
336 5265 436 5337 regalis
451 5267 619 5323 excellentiae
634 5275 733 5323 vestrae
746 5268 917 5335 litteras‚de·

119 5350 256 5407 rationem
276 5362 394 5408 vestram
420 5368 502 5426 quam
526 5355 600 5411 circa
621 5364 741 5410 sanctam
766 5357 916 5412 Ecclesiam

116 5446 231 5494 matrem
239 5449 362 5496 vestram
382 5450 407 5497 et
429 5441 501 5497 circa
524 5451 645 5498 nostrum
674 5442 841 5515 pontificium
862 5446 914 5500 ha·

1015 4485 1134 4540 Romano
1149 4487 1356 4558 archiepiscopo
1371 4489 1531 4547 Ravennati.

1014 4573 1082 4641 Quia
1098 4573 1206 4643 bellica,
1223 4575 1278 4630 imo
1292 4576 1427 4632 Saracena
1449 4579 1617 4649 impediente
1642 4582 1761 4656 angustia,

973 4660 1050 4729 juxta
1065 4677 1158 4716 saeros
1173 4679 1301 4728 canones,
1318 4674 1415 4734 quarto
1429 4665 1531 4721 scilicet
1556 4669 1623 4724 ldus
1641 4669 1760 4737 Octobris,

976 4749 1110 4818 synodum
1135 4749 1204 4804 sicut
1226 4751 1398 4805 volueramus
1425 4751 1568 4809 celebrare
1592 4758 1760 4829 nequivimus,

974 4844 1127 4905 opportune
1143 4836 1276 4907 valdeque
1291 4840 1447 4894 necessario
1462 4855 1529 4896 sane
1543 4845 1717 4913 praevidimus
1739 4850 1760 4896 ut

974 4922 1045 4977 hanc
1054 4923 1178 4977 eamdem
1186 4925 1452 4980 vrldusNovembris
1460 4927 1539 4983 istius
1548 4932 1759 5001 quartadecima

972 5008 1137 5075 indictionis,
1154 5011 1296 5077 adjuvaute
1307 5013 1433 5077 Domino,
1444 5029 1641 5075 convocemus.
1652 5019 1758 5090 Quapro

971 5105 1030 5167 pter
1046 5097 1249 5152 sanctimoniam
1265 5107 1339 5153 tuam
1350 5101 1488 5156 hortamur
1497 5113 1526 5158 ut
1536 5107 1572 5160 ad
1582 5107 1658 5167 idem
1667 5118 1757 5178 tempus

970 5184 1029 5239 sine
1044 5185 1117 5239 omni
1134 5201 1218 5251 mora,
1235 5187 1291 5241 imo
1304 5189 1378 5242 omui
1390 5194 1537 5250 occasione
1547 5196 1706 5267 postposita,
1716 5196 1757 5249 lto

967 5289 1040 5327 mam
1055 5289 1197 5338 occurras,
1213 5283 1345 5346 quatenus
1361 5293 1393 5332 ea
1415 5294 1476 5349 quae
1497 5280 1532 5335 ad
1556 5283 1690 5340 honorem
1709 5282 1755 5337 sive

967 5361 1110 5416 utilitatem
1125 5370 1226 5417 sauctae
1241 5364 1291 5417 Dei
1307 5365 1437 5420 Ecclesiae
1460 5367 1608 5437 pertinent,
1629 5372 1755 5427 nobiscum

965 5448 1075 5506 ordines
1090 5456 1116 5505 et
1124 5447 1249 5522 diffinias,
1259 5458 1286 5505 et
1296 5451 1383 5507 sancti
1393 5452 1511 5524 Spiritus
1521 5458 1611 5529 gratia
1619 5459 1754 5523 revelante,
1831 5492 1834 5547 j
