3826 6098
147 259 197 314 589

484 251 605 311 oebsc.
631 249 678 307 ΕΤ
703 250 813 308 EPIST.
835 250 872 306 IN
896 247 1009 304 CAUSA
1036 246 1207 305 lllNChlARl
1234 247 1386 306 chobon.

1741 253 1793 309 590

149 376 282 450 sapientia
305 383 398 433 vestra
418 375 528 432 insimul
550 374 682 444 conferat,
700 381 726 430 et
740 373 814 446 quod
828 373 862 428 de
876 371 944 428 sub·
959 370 1133 432 Adixeruut.
1163 370 1212 426 Cui
1237 371 1374 428 schedulae
1398 372 1432 426 ab
1447 371 1584 445 episcopis
1605 372 1652 444 qui
1672 372 1793 443 prefata

150 465 296 538 scriptione
310 463 356 521 vel
368 464 540 536 professione
554 462 751 519 subscribentis
765 476 797 518 ac
811 458 945 533 profiten-

149 554 191 623 tis,
207 560 235 609 et
249 551 416 626 negligentis
430 559 510 624 atque
525 550 687 622 refragantis
698 557 807 605 sanctus
818 548 944 619 Spiritus,

149 656 199 712 per
223 655 271 696 eos
292 639 320 695 in
342 639 441 711 quibus
461 638 568 695 locutus
593 645 643 704 est,
660 645 688 694 et
701 638 747 710 qui
768 653 830 693 oum
845 637 903 691 Deo
918 635 946 688 iu

150 728 219 785 coelo
242 733 370 800 regnaut,
386 734 413 782 et
426 726 453 782 in
466 725 554 782 terris
568 726 705 782 miraculis
726 731 878 789 coruscant,
894 722 945 779 de-

149 815 275 885 creverit,
297 814 414 871 sollicita
436 822 527 869 mente
549 813 682 886 recogitet
702 820 783 884 atque
806 810 944 880 dijudicet.

152 905 191 962 tit
215 903 290 960 anim
316 918 424 959 sacrum
453 902 668 973 carthaginense
688 899 833 957 concilium
848 899 941 970 (conc.

152 988 283 1059 carthag.
299 1001 330 1054 ιι,
345 1002 405 1042 can.
422 985 466 1057 1³)
480 1002 486 1039 :
498 1005 509 1036 a
519 984 549 1039 Si
564 985 624 1057 quis
639 991 733 1040 contra
749 998 826 1038 suam
841 981 947 1053 profes·

102 1127 108 1135 .
151 1075 255 1130 donem
270 1073 315 1130 rel
329 1072 555 1145 subscriptionem
569 1072 673 1128 venerit
687 1071 715 1126 in
728 1071 827 1142 aliquo,
843 1069 902 1140 ipse
917 1085 947 1124 se

150 1163 254 1218 bonore
268 1160 395 1232 privabit.
411 1183 422 1209 a
438 1159 509 1229 Quid
523 1159 595 1216 enim
609 1160 638 1214 in
652 1160 704 1214 hac
719 1157 868 1214 novissima
882 1157 947 1211 sub-

151 1249 299 1321 scriptione
328 1264 378 1304 sua
404 1247 490 1305 sacris
525 1247 675 1304 canonibus
702 1254 728 1302 et
755 1243 947 1316 suprascriptis

150 1336 365 1410 professionibus
395 1344 422 1392 et
449 1335 694 1406 subscriptionibus
722 1333 779 1389 suis
800 1333 947 1402 contraria,

151 1424 347 1497 congruentius
369 1423 466 1480 referri
486 1429 584 1494 potest,
610 1439 663 1495 qua
683 1422 751 1477 dixit
767 1439 773 1475 :
788 1422 848 1493 Ego
862 1421 947 1477 Hinc-

151 1529 244 1569 mcrus
265 1520 360 1569 contra
373 1528 465 1568 meam
478 1510 688 1583 professionem,
709 1509 752 1566 vel
767 1508 947 1581 subscriptio-

996 459 1100 531 synodo
1127 458 1317 528 interfuerunt,
1343 458 1485 515 multifarie
1510 460 1656 533 multisque
1676 460 1789 516 modis:

995 546 1043 602 sed
1059 555 1085 601 et
1095 562 1112 601 a
1122 563 1151 602 se
1166 547 1263 602 asserit
1278 563 1339 602 esse
1354 547 1556 620 subscriptum
1572 565 1633 621 quae
1643 549 1671 604 in
1686 548 1796 621 quibus-

995 635 1067 705 dam,
1086 634 1170 691 sacris
1184 633 1286 707 regulis
1301 635 1448 702 contraria,
1465 644 1492 692 et
1504 652 1562 692 suae
1577 637 1792 694 excommunica·

995 722 1062 778 tioni
1091 738 1172 794 quam
1200 721 1301 778 fecerat
1323 723 1351 777 in
1373 723 1503 794 parochia
1525 740 1584 792 sua,
1600 731 1642 781 est
1661 740 1792 783 consona.

995 811 1098 866 Dicitur
1120 811 1192 866 enim
1216 811 1254 865 ibi
1275 811 1310 868 de
1328 811 1465 880 damnato,
1481 819 1537 867 uta
1556 813 1620 868 dum
1635 813 1709 880 vivit,
1723 814 1762 869 ita
1776 829 1793 870 a

996 907 1067 955 coetu
1094 905 1120 954 et
1148 898 1276 954 societate
1305 897 1424 956 fidelium
1448 908 1579 969 remotus,
1596 916 1742 973 acorpore
1766 908 1793 957 et

997 986 1129 1059 sanguine
1143 986 1252 1041 Domini
1266 994 1420 1057 separatus,
1430 995 1519 1045 utnec
1533 989 1561 1043 in
1576 988 1659 1044 linem
1674 1004 1793 1045 commu·

996 1073 1105 1130 nionem
1119 1072 1244 1144 accipiat,
1260 1089 1349 1145 neque
1362 1089 1463 1145 corpus
1478 1075 1564 1147 ipsius
1579 1091 1655 1133 more
1669 1075 1791 1132 fidelium

996 1177 1059 1218 cum
1072 1160 1253 1216 oblationibus
1268 1168 1294 1215 et
1308 1159 1420 1231 psalmis
1436 1170 1516 1234 atque
1530 1164 1638 1235 hymnis
1653 1164 1687 1220 ad
1701 1165 1794 1237 sepul·

996 1256 1085 1304 turam
1114 1247 1305 1304 deducatur.»
1328 1248 1363 1303 llt
1385 1248 1523 1320 aliquanto
1545 1249 1659 1308 iuferius
1675 1268 1682 1306 r
1701 1272 1713 1303 ι
1734 1253 1793 1308 lla-

996 1335 1131 1407 beantqne
1151 1335 1288 1407 principes
1303 1343 1329 1390 et
1345 1335 1451 1404 jndices
1474 1337 1547 1394 hanc
1569 1338 1597 1393 in
1618 1339 1719 1411 populo
1742 1339 1793 1397 Dei

997 1423 1174 1496 diligentiam,
1200 1430 1229 1477 ut
1244 1422 1398 1495 ubicunque
1422 1423 1489 1480 tales
1505 1424 1533 1480 in
1547 1433 1680 1496 potestate
1700 1443 1793 1484 eorum

997 1512 1033 1567 ab
1062 1510 1199 1583 episcopis
1227 1510 1350 1582 requisiti
1377 1509 1485 1579 fuerint,
1521 1512 1625 1586 absque
1651 1531 1727 1571 mora
1755 1516 1795 1572 ais

152 1617 213 1659 nem
229 1601 353 1671 veniens,
371 1608 468 1672 sponte
481 1615 526 1655 me
540 1599 645 1655 honore
660 1597 790 1669 privavit
997 1598 1152 1665 exhibeant,
1168 1613 1202 1654 ne
1218 1597 1327 1654 forteal
1342 1597 1583 1672 dissimulaverint,
1608 1610 1654 1658 aut
1676 1603 1794 1659 manda·

182 1689 240 1745 Sed
262 1688 334 1744 forte
356 1688 438 1758 dicet,
464 1687 531 1743 alias
551 1686 764 1759 subscriptiones
779 1701 809 1742 se
823 1683 945 1751 inritum,
962 1694 1055 1774 Btum
1070 1687 1191 1758 episcopi
1202 1687 1424 1758 contempserint,
1436 1688 1794 1763 abEcclesiaDeiproJeoti

152 1785 232 1849 atque
246 1784 371 1833 coactum
385 1776 494 1832 fecisse.
511 1777 545 1831 Et
558 1775 623 1848 quid
639 1775 711 1831 dicet
724 1774 759 1830 de
773 1773 819 1829 illa
833 1771 951 1829 subscri·
998 1791 1050 1832 nec
1078 1774 1243 1846 sepulturam
1270 1790 1332 1829 cum
1355 1773 1480 1830 fidelibus
1498 1777 1640 1848 recipiant.
1658 1798 1670 1830 ι
1688 1780 1722 1835 Et
1742 1779 1795 1835 ali-

152 1865 252 1937 ptione,
285 1880 338 1936 qua
365 1863 459 1919 libello
486 1863 707 1935 compilationum
730 1877 849 1926 suarum,
874 1860 949 1916 nullo
1000 1871 1100 1936 quanto
1116 1879 1198 1934 supra
1216 1862 1297 1918 istam
1322 1862 1483 1918 sententiam
1501 1881 1507 1917 :
1526 1885 1538 1915 ι
1556 1864 1585 1920 Si
1599 1865 1715 1923 clericus
1730 1867 1796 1923 tanti

153 1959 270 2024 petente,
294 1951 337 2008 vel
359 1958 498 2023 sperante,
523 1951 693 2022 subscripsit,
719 1957 746 2006 et
759 1950 794 2004 ab
808 1948 868 2004 aliis
890 1947 951 2020 qui·
1000 1951 1145 2022 cupiditate
1160 1949 1298 2022 sacrilegii
1312 1958 1467 2022 corruptus,
1482 1959 1528 2006 aut
1542 1951 1626 2008 laicus
1641 1954 1795 2027 quicunque

153 2040 266 2096 busdam
291 2038 382 2096 invitis
406 2038 542 2095 subscribi
557 2038 645 2095 fecit?
661 2038 703 2094 llll
725 2053 824 2108 nempe
847 2041 893 2109 qui
915 2036 949 2091 de
1000 2040 1050 2094 hac
1075 2037 1215 2109 iniquitate
1238 2038 1368 2109 deceptus
1383 2037 1473 2105 fuerit,
1490 2046 1517 2094 et
1530 2054 1700 2112 cognoscens
1714 2042 1795 2098 dam-

153 2128 297 2184 rerborum
320 2125 480 2182 differentiis
501 2126 658 2198 loquuntur,
675 2125 743 2180 sicut
757 2124 862 2181 Nonius
874 2125 950 2178 llar-
1000 2126 1137 2182 nationem
1159 2140 1238 2180 suam
1255 2125 1420 2198 poenitentias
1443 2127 1571 2183 remediis
1586 2129 1735 2184 secundum
1749 2145 1796 2186 or·

153 2215 236 2272 callus
257 2214 464 2286 Peripateticus,
487 2212 515 2268 in
538 2213 630 2269 libello
645 2214 679 2269 de
693 2212 887 2283 compendiosa
901 2211 951 2266 do·
1000 2214 1091 2269 dinem
1106 2221 1132 2269 et
1145 2213 1352 2285 dispositionem
1374 2214 1415 2268 sui
1438 2213 1561 2286 episcopi
1583 2231 1613 2272 se
1628 2217 1794 2286 submiserit,

153 2303 237 2360 ctrina
252 2303 328 2374 (cop.
345 2302 382 2373 5),
398 2301 464 2358 dicit
481 2317 487 2356 :
506 2322 518 2352 r
535 2303 594 2357 Hoc
614 2301 713 2357 distare
734 2301 804 2355 inter
827 2297 951 2355 confiteri
1000 2302 1125 2358 volumus
1148 2310 1176 2357 ut
1199 2317 1317 2372 pervasa
1330 2308 1356 2357 ct
1370 2309 1535 2373 praesumpta
1547 2304 1696 2360 secundum
1710 2306 1798 2378 quali·

155 2399 180 2446 et
191 2388 320 2462 profiteri
341 2390 491 2459 autumant,
507 2389 581 2461 quod
594 2387 718 2444 confiteri
737 2387 883 2444 voluntatis
898 2393 949 2453 est,
1001 2397 1084 2445 tatem
1099 2389 1127 2444 iu
1143 2389 1280 2460 simplum,
1298 2396 1344 2444 aut
1353 2388 1381 2443 in
1394 2389 1516 2460 duplum,
1528 2391 1611 2446 autin
1620 2392 1740 2464 triplum,
1751 2402 1798 2451 aut

156 2477 277 2550 profiteri
301 2477 482 2544 necessitatis,
507 2484 534 2533 et
549 2475 645 2533 coacti.
663 2500 674 2524 ι
701 2475 755 2531 Sed
776 2490 832 2529 non
846 2474 886 2529 illi
900 2475 952 2529 hoc
1000 2475 1219 2548 inquadruplurn
1230 2476 1354 2532 ecclesiae
1364 2477 1408 2532 cui
1420 2476 1664 2535 damnumillatum
1675 2489 1726 2551 est,
1736 2482 1796 2553 pri-

154 2565 185 2622 ad
209 2565 380 2624 voluntatem
407 2581 484 2621 suam
507 2563 648 2634 succurrit,
678 2563 724 2635 qui
752 2570 846 2618 contra
873 2576 951 2617 suam
1000 2579 1076 2619 mum
1095 2563 1228 2619 restituat.
1246 2564 1313 2618 lnde
1332 2579 1381 2635 pro
1397 2565 1542 2638 sacrilegio
1559 2566 1593 2623 ab
1608 2568 1797 2639 episcoposuo

154 2652 352 2724 professionem
377 2660 404 2709 et
419 2652 646 2723 subscriptionem
659 2651 743 2706 venit.
759 2651 827 2706 Cum
841 2656 952 2706 sanctus
1002 2650 1144 2707 consilium
1158 2640 1479 2721 salutis,'etpoenitentiae
1498 2653 1610 2710 modurn
1627 2655 1793 2727 suscipiat,

153 2742 214 2809 Leo,
240 2740 311 2797 sicot
330 2740 466 2796 multoties
480 2740 508 2796 in
522 2739 593 2795 illius
617 2738 753 2794 invenitur
767 2736 899 2808 epistolis,
916 2736 952 2792 ab
1001 2737 1068 2808 Quae
1077 2738 1231 2795 constitutio
1238 2738 1429 2809 restitutionis,
1441 2740 1518 2796 salto
1525 2740 1684 2814 legumjure
1692 2751 1793 2800 contra·

153 2829 329 2886 unanimitate
349 2828 489 2884 catholicae
503 2827 579 2898 pacis
594 2827 786 2894 exorbitantes,
802 2823 951 2895 professio·
1000 2825 1041 2880 ria
1051 2840 1112 2880 esse
1122 2825 1294 2897 dignoscitur
1312 2825 1431 2882 decretis
1440 2826 1512 2882 beati
1530 2826 1658 2901 Gregorii
1665 2831 1699 2885 ad
1706 2832 1798 2904 lugu·

153 2933 214 2973 nem
236 2933 300 2975 cum
324 2916 528 2972 absolutissima
551 2914 750 2986 subscriptione
766 2928 860 2969 coram
877 2911 953 2967 omni
1001 2912 1102 2967 stiuum
1118 2912 1270 2985 anglorum
1296 2912 1454 2985 episcopum
1471 2913 1685 2987 interrogantem
1700 2918 1796 2992 (epist.

153 3004 236 3071 clero,
253 3011 281 3060 et
294 3004 420 3061 universa
441 3004 532 3075 plebe,
550 3003 616 3058 dare
629 3000 777 3073 precipiat.
794 3001 828 3056 Et
842 3007 951 3056 sanctus
1001 3001 1055 3056 alt.
1069 3001 1088 3056 l.
1099 3014 1149 3066 ιιι,
1170 3001 1207 3057 cd
1226 3000 1355 3073 August,
1374 3001 1508 3074 interrog.
1519 3002 1564 3073 ll:
1577 3003 1725 3063 (Obsecro
1733 3008 1798 3079 quid

154 3091 305 3165 Gregorius
331 3091 360 3147 iu
391 3091 507 3163 epistola
529 3090 563 3144 ad
591 3089 773 3146 Theoctistam
808 3087 948 3158 patriciam
966 3051 991 3114 G
998 3088 1054 3160 pati
1063 3088 1170 3154 debeat,
1183 3087 1206 3142 si
1218 3088 1277 3159 quis
1301 3087 1402 3159 aliquid
1413 3087 1572 3146 deecclesia
1588 3090 1661 3148 furto
1676 3093 1797 3152 abstule-

151 3180 210 3250 (lib.
226 3180 425 3252 amputas),
442 3179 476 3235 de
488 3179 532 3233 his
547 3177 594 3250 qui
608 3177 743 3245 dicebant,
760 3175 822 3248 quia
836 3175 861 3230 si
874 3190 949 3231 com·
998 3175 1076 3231 riti»
1094 3175 1247 3247 Responsio
1264 3175 1336 3231 beati
1350 3176 1479 3247 Gregorii
1487 3177 1550 3233 binc
1559 3187 1621 3248 post
1636 3179 1794 3252 aliquanta:

153 3267 223 3339 pulsi
251 3266 334 3339 aliqui
361 3267 395 3324 de
422 3266 522 3339 quibus
550 3267 622 3335 juste
659 3263 946 3335 reprehendehantur,
1001 3262 1115 3319 ‹llddis
1125 3262 1206 3318 etiam
1217 3262 1353 3333 quomodo
1364 3278 1397 3318 ca
1408 3279 1469 3334 quae
1478 3262 1590 3321 furtode
1600 3266 1724 3323 ecclesiia
1732 3269 1796 3325 abs-

153 3354 382 3411 anathematizare
405 3371 445 3422 sc,
475 3354 605 3421 dicerent,
635 3351 814 3408 anathematis
841 3349 948 3408 vinculo
999 3349 1119 3417 tulerint,
1134 3349 1251 3406 reddere
1268 3349 1472 3405 debeanthed
1482 3350 1553 3406 absit
1562 3358 1592 3408 ut
1601 3353 1718 3410 ecclesia
1730 3371 1792 3411 cum

139 3443 227 3500 :nullo
254 3442 337 3500 modo
365 3442 461 3509 teneri,
492 3440 712 3497 manifestissime
736 3439 808 3495 dicat
823 3456 830 3492 :
848 3461 860 3487 «ι
877 3436 949 3493 Etsi
997 3443 1143 3508 augmento
1163 3436 1285 3507 recipiat,
1310 3438 1383 3508 quod
1409 3437 1444 3493 de
1458 3439 1540 3494 rebus
1554 3440 1668 3497 terrenis
1686 3443 1794 3500 ridetur

147 3539 224 3599 sunt,
254 3529 391 3604 iuquiens,
420 3529 466 3602 qui
493 3529 645 3587 certissime
669 3527 731 3582 talia
758 3525 877 3582 sentiunt
904 3524 949 3580 rel
997 3525 1130 3591 amittere,
1149 3532 1175 3579 at
1188 3523 1264 3581 lucra
1279 3523 1313 3580 de
1327 3524 1406 3579 vanis
1420 3533 1563 3597 querat.»

127 3626 255 3687 tenent,
280 3617 345 3693 quia
371 3617 514 3675 Cbnsdani
528 3631 583 3673 non
597 3624 669 3683 sunt,
685 3614 798 3671 dubium
811 3620 946 3701 nonest:
1034 3611 1101 3681 Quae
1121 3610 1262 3679 schedula,
1285 3619 1313 3667 ut
1336 3613 1453 3680 ostendi,
1471 3613 1664 3674 ecclesiasticis
1678 3617 1791 3676 ordina-

113 3723 256 3780 ‹oaque
277 3714 304 3763 et
324 3722 387 3781 ego,
409 3714 436 3763 et
455 3721 551 3790 omues
571 3703 698 3761 catholici
720 3701 851 3775 episcopi,
866 3708 949 3773 atque
998 3700 1115 3756 tionibus
1130 3699 1272 3770 contraria,
1288 3699 1371 3756 etiam
1384 3708 1409 3756 et
1424 3716 1456 3755 ex
1471 3701 1524 3758 hoc
1536 3703 1651 3760 mendax
1665 3720 1727 3763 esse
1740 3724 1792 3780 pa-

102 3795 281 3852 murena
308 3794 432 3852 Ecclesia
457 3793 723 3859 anathematizamus,
752 3791 817 3862 quia
843 3788 949 3846 veritati
998 3796 1086 3845 tenter
1106 3788 1266 3856 ostenditur,
1288 3788 1350 3860 quia
1364 3803 1459 3852 eorum
1480 3789 1669 3862 episcoporum
1683 3796 1793 3852 nomina

102 3881 291 3940 *ontraria
305 3882 433 3950 sentiunt,
451 3889 478 3938 et
491 3879 624 3937 contraria
638 3880 792 3952 loquuntur.
810 3899 822 3929 ι
997 3877 1035 3933 ibi
1048 3878 1183 3933 habentur
1197 3876 1358 3949 subscripta,
1369 3877 1416 3949 qui
1429 3877 1550 3935 nondum
1565 3888 1642 3936 crant
1653 3881 1793 3956 episcopi:

999 3972 1026 4022 et
1040 3965 1122 4022 etiam
1143 3965 1258 4021 duomm
1277 3964 1466 4037 episcoporum
1488 3967 1597 4024 nomina
1611 3985 1644 4026 ex
1658 3985 1711 4027 una
1724 3973 1794 4030 civi-

102 4093 406 4166 120deng
419 4003 667 4166 figfflssglffg
684 4089 818 4161 episcopi,
835 4089 950 4146 concilii
999 4061 1063 4152 tate,
1079 4061 1106 4109 et
1118 4069 1172 4109 uno
1186 4062 1307 4124 ternpore
1327 4053 1366 4108 ibi
1389 4062 1451 4110 sunt
1463 4055 1552 4126 posita
1569 4074 1576 4111 :
1592 4065 1618 4113 et
1632 4061 1793 4118 eorumdem

190 4164 334 4222 fallentis
343 4164 533 4234 conscriptam
543 4161 655 4229 obtulit,
667 4161 714 4216 cati
721 4160 866 4230 rescripsit
876 4159 950 4214 thc-
999 4156 1190 4213 0P¹⁵⁰⁰P⁰f¹¹m
1211 4141 1320 4196 nomina
1335 4141 1382 4212 (fui
1396 4151 1588 4199 successerunt
1609 4153 1672 4202 anie
1685 4149 1796 4206 nomina

185 4235 297 4293 mnata
320 4234 474 4289 adhortans
496 4231 532 4288 od
547 4230 729 4304 patientiam,
756 4232 950 4285 etmalorum
1000 4244 1112 4284 suorum
1132 4229 1310 4284 decessorum
1323 4228 1361 4284 ibi
1373 4237 1519 4298 ponuntur.
1535 4231 1657 4288 liabetur
1670 4235 1743 4291 enirn
1756 4236 1795 4292 ibi

184 4321 288 4362 rerum
301 4303 501 4377 cognitionem.
1000 4331 1100 4372 nornen
1120 4315 1265 4370 Christiani
1287 4314 1575 4384 autissiodorensium,
1592 4326 1619 4375 et
1632 4319 1715 4392 longe
1733 4330 1796 4392 post

186 4409 315 4482 Denique
337 4408 373 4464 ad
395 4410 454 4466 baec
476 4423 516 4463 xv
539 4405 655 4463 Kalend.
675 4406 803 4476 August,
819 4394 986 4458 indictio-D
1001 4402 1122 4458 abbonis
1150 4402 1216 4458 item
1243 4401 1532 4472 Autissiodorensium,
1562 4405 1606 4460 cui
1627 4407 1796 4464 Christianus

102 4500 193 4555 Zia
209 4503 238 4566 3,
263 4496 338 4553 misit
361 4496 397 4553 ad
418 4511 463 4552 me
485 4495 558 4566 apud
577 4492 768 4565 Pontigonem,
791 4490 951 4546 llcddouem
1000 4489 1141 4546 successit.
1156 4489 1191 4545 Et
1205 4489 1361 4545 inscribitur
1374 4489 1412 4544 ibi
1424 4506 1525 4548 nomen
1538 4492 1670 4549 Rainelmi
1688 4494 1794 4552 Novio-

102 4575 289 4645 Eeclesise
310 4599 368 4640 sure
389 4583 575 4656 praepositum,
601 4588 627 4638 et
648 4597 698 4652 per
712 4596 774 4636 eum
793 4577 952 4635 schedulam
1000 4576 1182 4649 magensinm,
1204 4577 1251 4649 qui
1277 4576 1398 4634 nondum
1425 4586 1485 4635 crat
1512 4581 1657 4653 episcopus
1673 4600 1680 4636 ε
1696 4582 1796 4640 deinde

102 4673 303 4751 Quendam
325 4671 392 4728 mihi
415 4671 523 4737 direxit,
540 4685 619 4742 quam
632 4670 722 4725 habeo
742 4668 794 4724 sub
808 4666 952 4737 chirogra·
1000 4665 1083 4738 longe
1096 4672 1168 4736 post,
1182 4680 1283 4720 nomen
1304 4665 1434 4722 Immonis
1448 4667 1682 4741 Noviomagorum
1695 4669 1796 4727 inscri-

102 4765 207 4820 διο
228 4761 331 4831 :cujas
353 4766 460 4831 partam
480 4773 572 4815 coram
586 4755 721 4828 episcopis
735 4755 782 4827 qui
796 4753 950 4820 adfuerunt,
1001 4753 1082 4821 bitur,
1098 4752 1142 4809 cui
1165 4751 1322 4810 liainolmus
1347 4755 1487 4811 successit.
1502 4756 1537 4810 Et
1551 4756 1666 4812 aliorum
1687 4757 1797 4830 episco-

102 4839 284 4922 Remigio
298 4847 411 4916 scilicet,
427 4845 574 4911 nerduino,
599 4844 744 4914 Francone,
760 4842 857 4898 Odone
871 4849 953 4912 atque
1001 4857 1098 4913 porum
1114 4840 1152 4895 ihi
1166 4841 1299 4897 habentur
1321 4840 1441 4908 nomina,
1457 4842 1503 4912 qui
1516 4842 1606 4900 eidem
1621 4845 1727 4916 synodo
1742 4862 1797 4904 non

102 4927 332 5002 Dfilleberto,
357 4943 385 4990 et
397 4934 458 4991 aliis
482 4930 675 4991 ecclesiasticis
696 4931 761 4988 viris
780 4929 953 4987 referendam
1001 4927 1188 4985 interfuerunt.
1202 4929 1237 4984 Et
1251 4944 1303 4983 nos
1326 4929 1372 4999 qui
1394 4927 1572 5000 interfuimus,
1594 4932 1644 4988 sed
1658 4939 1685 4988 at
1701 4949 1731 4989 se
1745 4949 1798 4990 no·

102 5011 193 5082 *li
217 5023 340 5090 donavi,
355 5038 390 5080 ne
413 5029 508 5094 postea
521 5019 589 5076 mihi
602 5019 727 5075 eamdem
747 5018 912 5083 schedulam,
931 5015 953 5071 si
1001 5015 1109 5072 bissum
1130 5016 1173 5071 his
1198 5013 1395 5085 subscripsisse
1417 5016 1585 5074 mendaciter
1607 5019 1681 5087 dicit,
1698 5020 1798 5094 quibus

102 5112 249 5179 *milet
278 5109 387 5166 misisse
409 5124 513 5184 negare
536 5107 648 5165 valeret.
674 5105 742 5175 Quae
769 5103 893 5163 confecta
913 5110 955 5160 est
1002 5120 1058 5161 non
1070 5102 1288 5174 subscripsimus.
1312 5101 1390 5158 Unde
1412 5103 1559 5160 ridendum
1581 5115 1622 5163 est
1636 5107 1660 5162 si
1673 5106 1713 5163 illi
1727 5123 1796 5165 con-

102 5199 239 5265 uasi
266 5214 301 5255 ex
325 5197 435 5255 nomine
463 5195 561 5270 synodi
588 5195 661 5267 apud
688 5192 833 5250 Tusiacum
849 5210 856 5248 ι
872 5206 955 5264 quarn
1003 5191 1102 5257 veniat,
1123 5190 1196 5262 quod
1217 5190 1375 5246 Africanum
1396 5191 1517 5248 decrevit
1529 5194 1675 5251 concilium
1689 5194 1796 5269 deepi·

102 5295 304 5359 knusquam
316 5301 367 5359 per
378 5284 539 5341 lieddonem
549 5283 679 5340 clericum
693 5298 773 5338 suum
788 5279 953 5350 acceperim,
1003 5294 1087 5349 scopo
1101 5278 1148 5349 qui
1160 5277 1308 5333 Donatistis
1323 5293 1352 5334 se
1365 5280 1581 5338 communicasse
1596 5282 1724 5340 mentitus
1738 5280 1798 5342 fne-

102 5377 300 5447 kwnqucm
312 5373 379 5440 ridi,
391 5380 418 5429 et
430 5388 566 5445 nunquam
581 5371 626 5428 vel
638 5384 772 5441 nusquam
786 5366 895 5433 audivi;
907 5365 956 5422 scd
1005 5366 1039 5421 rit
1049 5365 1120 5437 (cod.
1136 5381 1200 5420 can.
1216 5364 1283 5421 cccl.
1298 5365 1399 5436 Afric,
1416 5382 1475 5422 can.
1487 5370 1549 5441 tat)
1566 5387 1573 5424 ε
1589 5378 1618 5427 ut
1634 5371 1682 5426 «si
1697 5373 1799 5442 proba-

102 5462 155 5507 ἃ
163 5477 214 5517 ει
227 5461 275 5534 qui
287 5459 430 5518 adfuerunt
436 5458 568 5533 episcopi,
580 5473 642 5515 eam
650 5472 680 5514 se
690 5456 791 5515 vidisse
806 5462 833 5512 et
846 5453 956 5511 audisse
1004 5461 1061 5509 tum
1073 5451 1154 5509 fuerit
1169 5468 1231 5510 eum
1245 5453 1279 5509 de
1289 5454 1479 5513 communione
1489 5455 1597 5514 illorum
1607 5457 1691 5517 fnisse
1699 5457 1800 5517 menti·
