3794 6104
179 193 232 248 535
699 187 870 244 HlNCllAlll
897 183 1098 241 summensis
1125 185 1400 245 ARCHIEPISCOPL
1780 194 1830 248 536

181 310 276 368 ridere
301 312 428 369 debuisti.
454 314 509 369 Sed
533 313 661 386 quoniam
675 329 737 369 curn
762 311 910 368 intentione
933 318 981 365 tua
994 311 1132 380 Alubilis,
1149 312 1223 366 nulla
1239 312 1348 368 sibimet
1357 313 1391 369 de
1406 313 1834 388 multiplicationecongregatio·

181 416 236 457 non
250 400 361 470 iaciunt,
378 418 428 458 nec
444 403 529 474 digito
544 419 654 459 movere
675 401 834 456 sustinuisti.
850 401 978 474 lugerem
1029 400 1072 455 nis
1087 401 1228 472 synodalia
1249 402 1362 458 concilia
1383 402 1566 460 blandiantur.
1590 405 1690 476 Neque
1709 404 1836 460 trecentis

182 505 249 565 ergo
264 490 311 546 illa
325 491 383 560 tibi,
399 499 428 546 ut
440 490 511 547 scias
525 508 576 563 per
591 508 624 548 ea
640 508 700 563 quae
710 491 883 563 congessisti,
895 489 979 545 inteu-
1029 483 1082 545 illis
1113 490 1208 546 decern
1245 500 1325 563 atque
1361 499 1423 547 octo
1462 492 1598 564 episcopis
1634 492 1835 565 quantumlibet

182 578 265 636 tionis
280 586 333 636 tuae
347 578 473 639 effectum
488 588 515 636 te
529 597 583 636 non
597 597 680 653 posse
696 581 846 652 perducere
861 579 896 633 ad
911 576 980 633 effc—
1030 578 1168 650 copiosior
1194 595 1326 635 numerus
1350 580 1523 636 sacerdotum
1552 580 1597 638 rel
1627 597 1786 654 comparare
1808 599 1837 640 se
1892 618 1897 626 ·

184 667 410 725 ctumzdecernit
430 669 503 725 enim
518 677 613 725 contra
635 677 708 725 tuam
728 669 905 724 intentionem
917 683 980 738 my·
1031 668 1130 722 audeat
1145 667 1189 723 vel
1209 667 1348 740 praeferre,
1365 686 1426 724 cum
1450 669 1669 726 tantodivinitus
1692 670 1836 742 priuilegio
1868 702 1897 727 0

184 757 251 815 stica
262 764 289 812 et
306 765 400 814 sancta
421 757 531 814 Nicaeae
539 759 669 831 synodus,
687 758 816 830 quoniam
827 756 980 812 sollicitudo
1029 755 1140 810 Nicaene
1155 756 1189 812 sit
1205 758 1326 829 synodus
1350 759 1505 827 constituta,
1520 767 1549 815 ut
1564 758 1622 814 sire
1645 775 1698 831 per
1722 759 1820 831 paucio

184 845 304 902 omnium
326 847 504 902 ecclesiarum
523 848 639 918 pertinet
659 847 694 901 ad
715 847 811 918 primae
832 855 859 901 et
880 853 981 900 sanctae
1031 861 1087 911 res,
1104 845 1161 902 sive
1176 846 1335 917 perplures
1359 847 1544 904 ecclesiastica
1566 847 1672 917 judicia
1692 848 1889 906 celebreris

184 934 314 990 Romanae
329 936 402 991 sedis
412 935 578 1007 pontificem,
588 943 616 990 ut
628 935 827 991 Alexandrinus
838 935 981 1006 episcopus
1031 935 1085 994 tur,
1111 928 1183 983 omni
1207 929 1315 1000 penitus
1338 931 1500 987 auctoritate
1514 931 1548 985 sit
1563 947 1681 988 vacuum
1705 932 1830 1005 quidqui
1840 960 1867 985 ι

183 1024 306 1082 omnium
324 1023 376 1078 sibi
401 1024 609 1080 commissorum
631 1025 730 1079 habeat
748 1031 926 1094 potestatem
942 1022 981 1077 si·
1031 1016 1065 1071 ab
1094 1016 1199 1072 illorum
1224 1016 1306 1072 luerit
1330 1019 1520 1076 constitutione
1545 1020 1694 1077 diversum.
1716 1021 1781 1076 »Et
1804 1022 1885 1083 arb

184 1111 286 1169 militer
300 1120 326 1168 et
340 1114 413 1184 apud
436 1114 617 1183 autiochiam,
640 1122 806 1185 ceterasque
828 1112 982 1183 provincias
1032 1105 1176 1160 Maximum
1198 1106 1397 1163 Antiochenam
1421 1109 1602 1181 episcopum:
1623 1109 1714 1166 «Etsi
1730 1110 1809 1166 diver
1880 1148 1897 1169 2

185 1201 242 1257 suis
265 1201 409 1275 privilegia
432 1201 486 1256 illis
509 1209 652 1258 servantur
672 1200 861 1256 eeclesiiszde
884 1200 982 1273 quibus
1033 1208 1228 1266 nonnunquam
1256 1203 1318 1251 sunt
1340 1196 1437 1252 merite
1469 1197 1628 1269 presulum,
1658 1206 1754 1256 temen
1776 1200 1806 1269 ju
1821 1235 1857 1258 a.

184 1297 275 1346 autern
290 1289 416 1347 ecelesiis
431 1289 512 1357 dicat,
529 1297 556 1344 et
575 1306 645 1361 que,
661 1305 694 1345 ac
709 1290 825 1362 qualiter
839 1289 983 1362 privilegia
1032 1291 1192 1354 permanent
1207 1284 1324 1352 sedium,
1341 1286 1440 1358 quibus
1463 1294 1591 1358 praesunt.
1608 1288 1710 1343 AEmuli
1726 1297 1842 1360 pertur-

104 1419 107 1425 ,
183 1377 238 1435 illis
255 1378 359 1434 servari
374 1378 501 1448 debeant,
517 1379 714 1434 Antiochenam
736 1378 903 1433 demonstrat
919 1393 983 1434 con·
1033 1371 1171 1428 bationem
1200 1373 1318 1445 aliquam
1345 1373 1470 1430 fortassis
1504 1375 1614 1445 inferre,
1652 1391 1711 1432 non
1750 1386 1852 1433 tamer

184 1466 286 1525 cilium.
307 1466 358 1521 Per
372 1466 502 1538 singulas,
526 1467 663 1539 inquiens,
689 1467 814 1541 regiones
840 1467 984 1539 episcopos
1032 1468 1146 1532 possunt
1174 1461 1298 1518 minuere
1327 1462 1487 1536 dignitatem
1511 1483 1519 1520 τ
1540 1465 1744 1537 quantumlibet
1767 1467 1810 1522 eu'

186 1554 313 1612 convenit
327 1570 409 1610 nosse
424 1555 660 1627 metropolitanum
677 1557 835 1627 episcopum
850 1556 984 1612 sollicitu—
1032 1550 1149 1621 amplior
1159 1567 1286 1607 numerus
1299 1552 1470 1608 secerdotum
1480 1554 1583 1627 aliquid
1590 1571 1640 1626 per
1655 1556 1806 1627 quorumd
1818 1582 1848 1606 ι
1869 1594 1895 1617 .

152 1709 157 1717 1
185 1643 278 1698 dinem
293 1642 375 1700 totius
385 1643 533 1715 provincie
543 1661 641 1718 gerere
654 1652 780 1716 ;propter
795 1645 869 1717 quod
878 1645 912 1699 ad
927 1661 985 1700 me·
1001 1639 1239 1739 Bsubreptionem
1260 1640 1401 1709 desemel,
1425 1642 1497 1714 quod
1512 1642 1566 1698 illis
1585 1651 1774 1700 trecentorum
1788 1647 1850 1703 de
1866 1688 1891 1703 ,

184 1731 312 1803 tropolim
332 1748 427 1789 omnes
449 1733 568 1805 undique
587 1733 633 1806 qui
653 1734 761 1807 negotia
784 1734 910 1790 videntur
931 1736 982 1789 ha·
1034 1744 1095 1785 cern
1119 1736 1146 1783 et
1168 1736 1230 1785 ecto
1252 1730 1441 1802 episcoporum
1468 1732 1707 1789 constitutionibus
1729 1734 1874 1796 inaeni-

185 1820 263 1888 bere,
283 1829 454 1878 concurrant.
470 1823 505 1877 Et
519 1821 590 1877 notis
609 1822 773 1894 quibusdam
790 1822 981 1894 interpositis:
1032 1825 1078 1872 tur
1103 1817 1257 1887 adversum,
1279 1819 1390 1888 justitie
1414 1821 1632 1877 consideratione
1657 1832 1797 1879 cessatur.
1834 1855 1854 1878 s

186 1907 310 1982 Amplius
325 1916 415 1963 autem
435 1907 502 1964 nihil
517 1924 601 1983 agere
624 1917 708 1965 tentet
723 1909 787 1982 quin
810 1909 983 1981 provincialis
1035 1905 1069 1963 Et
1084 1905 1117 1962 ad
1132 1906 1305 1963 Theodorum
1330 1908 1543 1977 Forojulienseur
1565 1910 1730 1983 episcopum
1750 1912 1818 1968 dicit
1836 1939 1847 1975 ,-

186 1996 330 2068 episcopus
350 2005 449 2069 preter
478 1998 626 2054 antistitem
658 1998 905 2070 metropolitanum,
933 2014 984 2056 nec
1037 2018 1048 2043 o
1067 1993 1260 2051 sollicitudinis
1284 1996 1393 2068 quidem
1415 2005 1467 2053 tuae
1481 1998 1505 2053 is
1519 1998 1586 2054 ordo
1610 2016 1674 2056 esse
1697 2001 1831 2072 debuerat,

184 2085 410 2158 metropolitanus
425 2094 584 2144 ceterorum
597 2087 656 2143 sine
670 2096 748 2163 gerat
758 2088 872 2145 consilio
888 2102 984 2146 secer·
1035 2090 1064 2138 ut
1089 2099 1152 2139 cum
1170 2084 1380 2156 metropolitano
1404 2094 1450 2142 tuo
1465 2086 1499 2142 de
1513 2103 1547 2144 eo
1561 2087 1636 2160 quod
1658 2090 1829 2163 quaerendun

185 2173 291 2234 dotum.
1034 2172 1177 2228 videbatur
1200 2190 1261 2229 esse
1282 2173 1430 2243 conferres,
1453 2190 1485 2232 ac
1507 2176 1529 2230 si
1546 2176 1573 2231 id
1595 2177 1671 2250 quod
1692 2178 1828 2252 ignorabat

220 2263 256 2318 Et
269 2261 426 2319 Africanum
450 2263 618 2321 concilium:
638 2286 649 2316 ‹
666 2265 793 2332 Decreta,
816 2266 910 2338 inquit,
933 2266 984 2322 Ni·
1035 2260 1145 2318 dilectio
1160 2270 1205 2317 tua
1224 2263 1305 2318 etiam
1320 2263 1379 2334 ipse
1400 2265 1528 2335 nesciret,
1549 2265 1648 2321 instrui
1662 2283 1713 2322 ros
1738 2268 1829 2340 pariter

186 2366 260 2408 creua
275 2351 332 2408 sive
346 2351 483 2407 interieris
505 2353 609 2425 gradus
623 2353 747 2422 clericos,
769 2354 826 2410 sive
841 2355 985 2428 episcopos
1035 2351 1199 2424 posceretis,
1217 2352 1278 2424 quia
1292 2352 1320 2407 in
1335 2353 1426 2410 causis
1440 2370 1502 2425 quae
1515 2354 1551 2412 ad
1559 2354 1724 2428 generalem
1739 2357 1827 2413 obser-

185 2439 261 2512 ipsos
276 2439 333 2495 suis
348 2441 560 2511 metropolitanis
570 2442 741 2514 apertissime
755 2445 982 2516 commiserunt·
1035 2440 1155 2495 vertiam
1182 2440 1318 2511 pertinent
1349 2441 1469 2496 emnium
1506 2443 1614 2498 Domini
1651 2445 1828 2514 sacerdotum,

131 2536 136 2549 '
187 2528 342 2601 etreliqua.
364 2529 397 2586 Et
416 2537 528 2586 sanctus
547 2531 720 2587 Innocentius
741 2531 806 2588 dicit
825 2551 832 2588 :
851 2555 862 2584 ι
882 2534 909 2589 Si
925 2551 985 2606 quae
1035 2528 1103 2584 nibil
1117 2528 1176 2584 sine
1190 2529 1348 2600 primatibus
1363 2538 1469 2602 oportet
1482 2530 1630 2603 impleris

178 2631 279 2694 eausae
292 2617 335 2675 vel
344 2619 531 2675 contentiones
546 2619 617 2675 inter
627 2620 754 2689 clericos,
770 2629 827 2677 tam
836 2623 986 2694 superioris
1071 2616 1105 2674 Et
1133 2617 1242 2673 Hilarus
1269 2635 1362 2690 papa:
1387 2643 1397 2666 a
1422 2620 1491 2675 lllud
1515 2620 1596 2676 etiam
1618 2637 1676 2678 non
1698 2623 1832 2696 potuimus

188 2707 302 2778 ordinis,
327 2724 409 2782 quam
434 2709 514 2764 etiam
536 2707 675 2765 inferioris
697 2709 797 2766 luerint
823 2720 933 2779 exorte,
958 2720 987 2767 ut
1035 2705 1185 2777 praeterire,
1204 2707 1277 2778 quod
1293 2707 1473 2765 sollicitudine
1494 2708 1668 2783 diligentiore
1685 2714 1832 2770 curandum

186 2796 338 2853 secundum
353 2798 488 2869 synodum
510 2798 650 2854 Nicaenam
669 2801 843 2873 congregatis
864 2801 986 2870 ejusdem
1038 2803 1088 2863 est,
1118 2811 1153 2850 ne
1175 2804 1276 2868 praeter
1297 2797 1567 2868 metropolitanorum
1596 2816 1712 2857 suorum
1735 2801 1834 2859 litteras

111 2883 113 2889 ’
183 2885 334 2958 provinciae
348 2887 484 2957 episcopis
495 2887 616 2957 jurgium
630 2888 856 2959 terminetur,»at
871 2890 986 2962 relique.
1037 2882 1120 2954 aliqui
1143 2884 1264 2956 episcopi
1288 2884 1322 2940 ad
1346 2885 1496 2957 quamlibet
1525 2887 1697 2959 provinciam
1722 2892 1834 2947 audmnt

185 2975 221 3034 Et
235 2982 343 3031 sanetus
358 2973 512 3031 bonifacius
539 2975 632 3031 scribit
644 2994 674 3032 :‹
692 2977 824 3033 Convenit
838 2993 888 3034 nos
901 2985 989 3050 pater·
1037 2970 1181 3042 proficisci,
1198 2973 1270 3045 quod
1291 2973 1372 3030 etiam
1386 2974 1415 3030 in
1429 2975 1503 3031 omni
1523 2992 1625 3049 genere
1646 2977 1731 3036 officii
1753 2979 1834 3037 cleri·

186 3080 283 3121 aarum
306 3063 476 3120 sanctionum
501 3064 646 3136 diligentes
669 3082 730 3122 esse
754 3068 881 3124 custodes
901 3067 986 3126 :nulli
1039 3061 1105 3117 calis
1131 3063 1326 3137 persingulas
1349 3064 1430 3120 debet
1453 3065 1584 3122 ecclesias
1605 3068 1749 3124 custodiri.
1773 3071 1836 3127 »Et

187 3153 286 3212 etenim
302 3153 408 3211 ridetur
427 3153 566 3226 incognita
588 3154 684 3227 synodi
706 3156 861 3213 constitutio
875 3157 986 3214 Nicenac
1037 3159 1148 3207 sanctus
1172 3152 1322 3226 Gregorius
1336 3154 1370 3208 nd
1391 3154 1578 3210 Innocentium
1592 3163 1620 3211 et
1639 3165 1759 3215 eeteros
1778 3160 1836 3232 epi·

187 3257 247 3315 quae
261 3241 299 3297 ite
312 3241 444 3314 precipit,
460 3249 489 3297 ut
499 3242 595 3298 eadem
610 3243 720 3315 proprie
736 3244 817 3300 verba
830 3259 984 3316 ponemus;
1036 3255 1135 3312 scopos
1152 3257 1159 3297 ε
1178 3265 1189 3289 «
1205 3241 1361 3313 Hortamur,
1376 3243 1472 3316 inquit,
1492 3243 1692 3306 iratemitatem
1707 3256 1834 3319 vestram,

184 3345 237 3404 per
262 3346 481 3405 unamquamque
504 3331 671 3403 provinciam
690 3332 735 3402 jus
762 3333 986 3405 metropolitanos
1036 3336 1064 3383 ut
1079 3329 1102 3384 si
1120 3346 1285 3402 quemquam
1306 3338 1426 3387 uestrum
1447 3348 1498 3404 pro
1522 3334 1613 3389 causis
1635 3337 1756 3407 propriis
1778 3338 1838 3395 ubi·

186 3419 424 3494 singulosbebere
439 3421 551 3488 debere,
567 3437 619 3479 nec
632 3421 834 3494 cuiquamduas
849 3438 911 3479 esse
924 3425 988 3479 sub·
1037 3433 1142 3491 cunque
1168 3419 1277 3491 longius
1309 3421 1469 3493 compulerit
1501 3422 1641 3479 ambulare
1673 3426 1835 3497 necessitas,

182 3508 280 3580 iactas.
304 3510 384 3579 Quod
404 3509 444 3565 illi
474 3510 538 3582 quia
558 3510 636 3567 aliter
665 3512 834 3568 credendum
856 3521 985 3582 nonest,
1036 3508 1270 3579 metropolitano
1285 3517 1386 3576 vestro,
1404 3511 1836 3584 secunduminelyumasanctis

186 3598 351 3656 serrandum
374 3606 467 3656 sancto
487 3599 590 3670 Spiritu
612 3609 778 3674 suggerente
796 3601 904 3657 sibimet
918 3618 983 3659 ceu·
1035 3596 1157 3668 patribus
1184 3598 1306 3670 regulam
1333 3607 1429 3671 petere
1457 3599 1595 3658 licentiam
1622 3601 1759 3674 debeatis,
1788 3622 1836 3663 nec

185 3695 331 3744 suerunt.»
348 3689 383 3744 Et
396 3688 477 3759 paulo
491 3696 552 3759 post
564 3705 570 3745 :
583 3711 595 3740 «
608 3688 688 3758 Quod
707 3689 811 3746 ideirco
826 3690 941 3747 dicimus
956 3699 986 3747 ut
1036 3701 1099 3741 eum
1123 3695 1286 3759 postponere
1302 3688 1329 3743 in
1344 3689 1436 3761 aliquo
1455 3690 1640 3761 presumatis,
1662 3702 1781 3766 excepto
1802 3696 1833 3768 si,

185 3776 309 3832 advertet
334 3776 450 3832 charitas
470 3784 515 3831 tua
530 3777 600 3832 adeo
619 3792 669 3832 nos
689 3793 823 3833 canonum
850 3788 985 3850 praecepta
1036 3776 1109 3847 quod
1123 3792 1178 3831 non
1193 3784 1328 3848 optamus,
1345 3786 1440 3834 contra
1455 3780 1581 3835 eumdem
1595 3782 1833 3854 metropolitanum

184 3879 306 3932 servare,
330 3872 359 3920 ut
382 3866 417 3919 ita
441 3865 596 3921 constitutio
623 3881 731 3938 quoque
759 3873 852 3922 nostra
873 3867 985 3923 diffiniat
1036 3872 1154 3920 vestrum
1175 3881 1223 3921 ves
1246 3867 1348 3922 hebere
1376 3868 1479 3939 aliquid
1508 3883 1597 3926 causae
1626 3871 1779 3944 contingat,
1807 3883 1835 3931 ut

184 3960 319 4026 quatenus
341 3954 540 4024 metropolitani
557 3954 598 4010 sui
613 3971 782 4026 unaqueque
803 3956 943 4027 provincia
956 3958 984 4013 in
1033 3952 1086 4008 hoc
1111 3953 1183 4008 sedis
1205 3955 1360 4025 apostolice
1379 3956 1512 4025 judicium
1528 3951 1557 4012 hi
1576 3957 1623 4029 qui
1639 3966 1737 4030 petere
1757 3959 1834 4016 iesti-

182 4041 311 4097 omnibus
325 4042 409 4097 rebus
423 4042 623 4099 ordinationem
639 4059 748 4114 semper
763 4053 910 4115 exspectet.
928 4047 985 4102 »Et
1034 4049 1108 4108 nont,
1136 4042 1272 4099 licentiam
1297 4044 1424 4100 habeant.
1449 4046 1527 4115 Quod
1550 4046 1627 4103 scitis
1639 4063 1692 4119 per
1715 4064 1832 4106 canones

182 4137 292 4186 sanctus
307 4129 470 4186 Caelestinus
489 4148 496 4185 :
515 4153 526 4182 ι
544 4132 625 4186 Juxta
639 4132 748 4188 decreta
762 4148 897 4188 canonum
912 4151 983 4190 une·
1034 4130 1116 4186 etiarn
1130 4132 1303 4203 antiquorum
1318 4141 1426 4205 patrum
1443 4134 1609 4191 institutione
1623 4137 1802 4208 permissum,
1819 4157 1830 4187 ²

182 4234 297 4291 queque
312 4219 452 4291 provincia
467 4220 674 4293 metropolitano
689 4238 738 4277 suo
754 4230 880 4279 contenta
895 4224 938 4295 sit,
954 4232 983 4280 ut
1033 4220 1206 4276 menifestum
1230 4231 1271 4276 est
1295 4222 1366 4276 enim
1387 4224 1421 4278 de
1450 4224 1549 4296 quibus
1571 4226 1736 4297 canonibus,
1761 4227 1831 4282 ides

181 4307 334 4366 decessoris
348 4310 435 4364 nostri
454 4311 517 4365 data
537 4312 572 4365 ad
594 4311 804 4367 Narbonensem
824 4313 982 4386 episcopum
1034 4308 1204 4365 Sardieensis
1219 4310 1326 4366 concilii
1342 4328 1349 4367 ε
1366 4312 1434 4368 sicut
1449 4321 1475 4370 et
1489 4314 1664 4370 Innocentius
1683 4317 1718 4370 ad
1738 4315 1831 4373 Victo·

179 4396 318 4454 continent
340 4398 493 4455 constituta.
516 4399 574 4456 Nec
595 4400 764 4471 usurpationi
793 4401 870 4458 locus
894 4392 1012 4459 alicuiD
1028 4397 1126 4453 ricium
1153 4399 1401 4473 Rotbomagensem
1429 4402 1588 4474 episcopum
1607 4403 1684 4460 dicit.
1701 4406 1733 4460 Et
1747 4404 1831 4461 Gela·

179 4487 315 4559 sacerdoti
330 4487 356 4543 in
372 4488 484 4543 alterius
503 4489 668 4544 concedatur
688 4490 785 4558 injuria
797 4508 804 4545 τ
816 4491 852 4545 sit
866 4507 982 4547 conces·
1033 4485 1089 4541 sius
1103 4487 1224 4557 praelatis
1239 4489 1408 4545 concordans
1427 4490 1588 4563 exponendo
1607 4492 1708 4562 psalmi
1723 4509 1830 4549 versum

177 4574 215 4631 sis
239 4575 291 4632 sibi
314 4584 457 4632 contentus
481 4577 667 4648 unusquisque
691 4577 831 4645 limitibus,
863 4579 932 4636 alter
954 4581 981 4637 in
1032 4575 1095 4632 dicit
1121 4594 1127 4630 τ
1151 4579 1223 4633 Deos
1244 4578 1276 4632 io
1296 4579 1428 4649 gradibus
1449 4583 1510 4652 rjus
1533 4586 1719 4653 cognoscetur
1742 4583 1830 4651 (Prot.

175 4664 286 4721 alterius
300 4665 443 4737 provincia
458 4666 524 4720 uiuit
546 4675 705 4737 presumat.
724 4688 735 4717 »
752 4668 787 4721 Et
801 4669 855 4724 Leo
872 4685 879 4723 :
899 4692 910 4720 a
929 4671 981 4727 se·
1031 4666 1129 4735 nni-n).
1155 4667 1189 4720 Et
1211 4665 1275 4721 item
1298 4684 1305 4720 τ
1330 4669 1495 4725 Distribotte
1526 4670 1624 4725 domos
1653 4673 1716 4742 ejus
1740 4671 1830 4739 (otu.)

175 4754 295 4813 cundum
305 4763 460 4811 sauctorum
473 4755 581 4810 Petrum
598 4770 718 4810 canones
733 4756 834 4827 Spiritu
850 4758 901 4813 Dei
916 4774 981 4814 eon·
1031 4752 1095 4824 quin
1111 4754 1242 4810 Ecclesiae
1256 4754 1300 4811 hic
1315 4757 1382 4811 ordo
1396 4756 1491 4826 procul
1505 4753 1588 4813 dubio
1602 4758 1650 4830 qui
1664 4759 1830 4815 ecclesiasti-

174 4841 255 4908 ditos,
273 4850 299 4898 et
314 4844 395 4898 totius
409 4843 505 4899 mundi
515 4844 667 4900 reverentia
682 4853 867 4913 consecratos,
884 4856 981 4903 metro
1029 4857 1125 4898 carum
1148 4850 1276 4898 narratur
1290 4845 1317 4899 in
1338 4845 1479 4901 altitudine
1503 4846 1678 4920 dignitatum,
1703 4848 1830 4922 gradibus
1888 4873 1897 4893 <¹

173 4929 311 5004 politauos
326 4931 704 5006 singularumprovinciarum
721 4934 979 5006 episcoposjustra·
1029 4930 1119 5001 utique
1139 4931 1291 4987 distributis
1315 4933 1393 4989 nobis
1418 4935 1633 5007 cognoscibilem
1652 4937 1743 4993 Deum
1762 4936 1829 5003 fieri,
1889 4986 1897 4995 .

172 5020 235 5076 ditae
245 5020 297 5077 sibi
309 5021 457 5092 antiquitus
468 5022 608 5096 dignitatis
617 5023 810 5080 intemeratum
819 5025 920 5080 habere
931 5027 978 5082 de·
1029 5028 1054 5074 et
1068 5019 1161 5076 tribuit
1174 5036 1236 5076 ⁰8⁸0
1252 5030 1397 5078 remm-
1423 5022 1502 5092 QUOd
1524 5024 1578 5080 ¹⁴80
1599 5024 1635 5079 ad
1659 5026 1787 5081 Anasitssi
1820 5048 1825 5074 ²
1870 5046 1897 5070 ⁸

172 5111 320 5167 cernimus.
332 5111 391 5165 »De
398 5110 729 5182 quibuscanonibusidem
737 5121 846 5170 sanetus
853 5115 907 5170 Leo
914 5131 978 5186 apo
1027 5107 1169 5164 evidenter
1183 5109 1292 5180 exponit
1308 5129 1315 5165 :
1335 5133 1345 5161 u
1364 5111 1422 5168 Etsi
1437 5113 1516 5179 ordo,
1532 5112 1670 5184 inquiens,
1693 5113 1881 5186 generali

170 5198 483 5270 sutieaesedispontitex
493 5201 684 5272 nonignorans
694 5202 804 5273 quesui
815 5203 975 5260 decessores
1027 5205 1067 5251 est
1094 5198 1221 5253 omnibus
1245 5199 1445 5266 sacerdotibus,
1475 5210 1650 5257 nontamen
1680 5202 1848 5259 conmuni
1884 5235 1897 5238 ν

168 5301 200 5344 ac
213 5288 432 5358 predecessores
456 5289 636 5360 seripserunt,
659 5291 693 5344 ad
709 5291 866 5348 Anatolium
884 5292 974 5348 dicit:
1026 5292 1067 5341 est
1096 5285 1215 5359 dignitas
1244 5288 1379 5343 omnibus.
1411 5288 1479 5358 Quia
1507 5297 1533 5345 et
1556 5289 1629 5345 inter
1659 5290 1883 5348 beatissimo

171 5374 252 5441 «tila,
274 5377 408 5448 iuquiens,
426 5377 599 5434 Nicaenorum
626 5393 759 5435 canonum
781 5397 830 5450 per
849 5390 974 5438 sanctum
1024 5373 1161 5443 ³p0810108
1182 5376 1210 5430 in
1234 5376 1408 5433 similitudine
1429 5377 1542 5433 honoris
1567 5377 1615 5434 iuit
1637 5379 1763 5451 quaedam
1786 5379 1812 5434 di

168 5463 368 5536 vereSpiritum
376 5467 501 5522 ordinata
510 5467 629 5522 conditio
640 5467 747 5524 inuulla
758 5476 799 5524 est
808 5477 885 5541 parte
896 5472 973 5527 solu·
1024 5471 1124 5528 seretio
1138 5473 1286 5544 potestatis,
1303 5482 1406 5531 etcum
1425 5475 1546 5533 omnium
1559 5491 1609 5549 par
1628 5485 1704 5535 esset
1718 5476 1863 5544 electio..
