3794 6104
125 233 179 301 ris
766 206 1142 312 tonims'rarnivrtt'.
1728 227 1779 298 τῖε

125 346 293 425 Eideboldus
307 353 464 424 suessionis
477 365 622 438 episcopus
646 364 744 431 dunat,
769 363 926 421 willelmus
940 356 1036 425 A‘tnta
1051 364 1096 437 pio
1108 360 1232 438 principe
1246 366 1281 422 de
1295 361 1493 438 compositione
1505 362 1658 440 sacrilegii,
1687 363 1778 423 videli-

125 454 328 514 lemoviceusis
342 456 488 529 episcopus
504 452 603 522 iirmat,
624 453 795 510 Gisiabertus
817 453 925 509 Carno-
978 461 1022 508 cet
1036 452 1063 507 iu
1078 469 1131 507 arx
1144 453 1229 509 libras
1244 453 1391 511 examinati
1404 453 1523 528 argenti,
1538 453 1568 509 id
1597 461 1640 510 est
1663 469 1776 511 sexcen-

126 545 212 601 teusis
240 544 385 616 episcopus
407 541 507 608 iimnat,
545 542 690 598 llotbertns
725 540 928 598 valentinensis
977 540 1642 616 torumsolidorumsummamargentipurissimi.
1657 542 1776 616 ideoque

127 632 274 705 episcopus
287 631 384 696 firmat,
401 631 556 687 Garbaldus
570 630 765 687 Cavalonansis
782 629 927 701 episcopus
978 628 1101 701 quisquis
1116 629 1242 685 inventus
1270 629 1350 687 inerit
1376 646 1441 685 reus
1464 628 1614 704 sacrilegii,
1648 630 1729 687 mam
1745 631 1777 689 lc

126 720 227 791 iirmat,
243 721 400 777 llaiuelmus
428 718 621 776 Noviomeusis
650 719 796 791 episcopus
825 718 924 784 iirmat,
979 717 1079 773 siorem
1095 717 1320 790 compositionem
1334 718 1461 775 emendet
1482 718 1622 791 episcopis
1643 718 1723 792 ipsis,
1736 722 1776 777 vel

126 810 186 867 libo
213 808 415 882 llag'alouensis
444 808 588 881 episcopus
616 807 717 875 ilrmat,
734 796 817 864 Oddo
832 805 928 862 belva·
976 804 1132 873 abbatibus,
1149 806 1206 863 sive
1221 806 1347 878 personis
1361 806 1396 862 ad
1409 820 1477 878 quas
1496 807 1676 880 querimonia
1696 810 1775 866 sacri·

127 899 217 956 censis
245 897 391 969 episcopus
419 895 517 962 tirmat,
553 896 698 953 Girbertus
733 894 927 951 Nemausensis
976 893 1043 965 legii
1060 895 1133 964 juste
1157 895 1336 966 pertinuerit;
1365 902 1391 950 et
1415 895 1438 949 si
1462 894 1522 968 ipse
1550 910 1618 952 reus
1643 897 1773 973 sacnlcgil

126 985 543 1060 episcopusiirmat,Walterius
564 985 771 1041 Aurelianensis
781 983 926 1055 episcopus
976 980 1067 1039 iacere
1081 982 1207 1053 noluerit,
1224 984 1317 1039 tandiu
1331 982 1607 1041 excommunicationi
1623 985 1773 1055 subjaceat,

126 1075 224 1143 ilrmat,
249 1072 427 1130 Walairedus
459 1072 627 1131 uzeticensis
655 1073 801 1145 episcopus
825 1070 924 1141 sinuat,
976 1085 1119 1143 usquequo
1140 1071 1300 1143 predictam
1327 1070 1555 1144 compositionem
1583 1081 1774 1130 sexcentorum

124 1161 280 1220 blacharius
302 1163 463 1219 lutovensis
488 1162 633 1234 episcopus
655 1159 756 1228 ilrmat,
778 1159 926 1218 iiotlredus
977 1158 1125 1216 solidorum
1153 1160 1301 1232 persolvat.
1331 1161 1366 1216 Et
1393 1161 1416 1218 si
1453 1161 1482 1216 in
1508 1162 1561 1218 bac
1594 1159 1774 1218 obstinatione

127 1252 321 1309 avinionensis
337 1251 482 1324 episcopus
494 1248 594 1318 firmat,
611 1249 735 1305 Alaricus
763 1248 926 1304 biterrensis
976 1256 1099 1303 mortuus
1113 1246 1202 1315 inerit,
1219 1264 1320 1321 corpus
1335 1251 1393 1320 ejus
1422 1267 1484 1309 curn
1510 1250 1629 1322 psalmis
1645 1257 1673 1306 et
1699 1251 1773 1323 byrn—

126 1341 272 1414 cpiscnpus
300 1338 399 1410 sinuat,
439 1340 549 1396 lotarius
584 1337 750 1394 vivariensis
781 1337 926 1410 episcopus
976 1335 1018 1390 nis
1043 1351 1098 1392 uon
1122 1336 1261 1392 deleratur
1273 1337 1309 1393 ad
1324 1339 1499 1410 sepulturam.
1539 1340 1575 1394 Et
1602 1336 1773 1410 precipimus

125 1428 223 1495 firmat,
241 1426 384 1485 Teutariua
399 1424 849 1498 Geruudensisepiscopusiirmat,
865 1425 926 1480 ibo
976 1424 1046 1479 utin
1068 1422 1121 1480 line
1150 1424 1252 1481 codicis
1276 1425 1347 1500 legis
1374 1428 1519 1485 mundana
1556 1426 1696 1483 scribatur
1722 1428 1772 1483 baec

121 1516 302 1575 Niverueusis
317 1517 462 1588 episcopus
486 1515 582 1582 linunt,
605 1515 756 1572 Erodoinus
775 1515 926 1571 Barchino-
976 1512 1029 1567 lex.

126 1605 220 1661 nensis
234 1605 377 1676 episcopus
392 1602 492 1671 iirmat,
515 1603 677 1659 Lambertus
697 1602 926 1659 liudasconcnsis

125 1692 270 1767 episcopus
285 1691 380 1761 drmit,
406 1693 526 1748 loannes
548 1692 756 1749 Cameracensis
780 1691 966 1778 episcopusB
1227 1705 1264 1746 au
1280 1705 1373 1748 ouans
1386 1707 1510 1748 maanus.

126 1779 225 1849 iirmat,
240 1780 401 1853 adalgarius
429 1781 645 1836 austudunensis
661 1780 807 1852 episcopus
826 1778 923 1846 iirmat,
1276 1779 1368 1851 (Anno
1384 1781 1459 1853 ata.)

125 1870 274 1927 mmarins
286 1868 487 1941 Gratianopolis
500 1869 645 1942 episcopus
656 1868 757 1938 iirmat,
775 1869 925 1924 ademarus
976 1866 1159 1938 Priviiepiem
1177 1867 1308 1925 Ecclesiae
1322 1869 1507 1936 Picicaemt‘s,
1519 1869 1634 1943 stepais
1641 1870 1771 1944 elsam

125 1958 304 2015 Claromontis
322 1957 468 2031 episcopua
483 1957 581 2029 firmat,
596 1955 727 2014 urnultns
750 1956 925 2013 laurinensis
1095 1956 1221 2022 inuadat,
1238 1960 1267 2013 ei
1281 1960 1315 2013 ai
1329 1957 1425 2014 oblatu
1440 1958 1649 2016 ramulas.

1338 1603 1404 1661 CLI.

124 2048 270 2120 episcopus
295 2046 395 2112 iirrnat,
424 2046 582 2103 Eainelmus
608 2045 757 2103 lieidensis
779 2045 924 2118 episcopus
1009 2041 1145 2100 Omnibus
1157 2042 1283 2099 fidelibus
1293 2052 1396 2103 sancta
1407 2046 1457 2102 liei
1471 2045 1617 2115 Ecclesiae,
1636 2046 1769 2119 presenti·

123 2134 223 2202 iirmat,
253 2134 417 2208 aigofredus
445 2134 620 2191 pictaviensis
648 2135 793 2206 episcopus
826 2132 923 2199 iinuat,
975 2131 1025 2186 bus
1040 2131 1144 2188 scilicet
1158 2140 1241 2204 atque
1256 2132 1363 2189 iuturis.

116 2219 250 2277 'Ainnllns
263 2218 484 2275 Gasaldouensis
507 2219 655 2290 episcopus
670 2217 770 2283 iirmat,
787 2217 925 2289 Georgius
1010 2219 1108 2275 Divino
1123 2219 1187 2292 quia
1208 2221 1359 2277 iiomanum
1382 2221 1544 2294 pontificum
1565 2221 1670 2298 largitu
1697 2223 1769 2280 enitet

123 2308 280 2365 seriniarms
307 2315 409 2364 sancte
436 2309 566 2364 llomunoe
592 2306 735 2377 Ecclesia,
766 2307 812 2378 qui
842 2321 926 2378 super
974 2307 1120 2375 universis,
1134 2308 1270 2381 illudluce
1292 2309 1392 2366 clarius
1413 2317 1531 2381 wustat,
1557 2310 1665 2384 largita
1681 2309 1767 2367 deicu-

124 2397 228 2469 scripta
240 2396 322 2466 buius
333 2395 453 2466 iudicati,
477 2403 540 2467 post
565 2396 676 2451 testium
696 2395 924 2467 subscriptionem
974 2395 1040 2453 dere
1054 2397 1159 2453 cunctis
1176 2415 1183 2452 :
1207 2398 1335 2470 quoniam
1357 2397 1501 2454 indubitati
1526 2399 1601 2470 juris
1616 2406 1668 2465 est,
1693 2400 1768 2457 send

124 2492 150 2542 et
164 2485 338 2542 traditionem
353 2483 462 2552 iactmn,
477 2484 623 2557 complevit
637 2492 664 2539 et
692 2484 819 2550 absolvit,
858 2483 924 2541 ilai·
974 2498 1107 2541 conoessa
1120 2486 1235 2556 perenni
1249 2487 1324 2543 cultu
1340 2485 1397 2544 iore
1412 2487 1545 2544 tenenda.
1562 2486 1701 2545 werna
1716 2504 1766 2544 om

125 2575 253 2640 mtmdus,
270 2588 362 2631 comes
377 2571 474 2640 iirmnt,
489 2562 674 2645 berengarius
696 2573 851 2630 vicecomes
879 2571 926 2628 iin-
974 2571 1047 2628 nium
1063 2573 1229 2646 religiositas
1252 2575 1522 2649 orthodoxorumque
1536 2585 1685 2649 pernoscat
1711 2574 1767 2633 ide

125 2671 190 2734 mat,
220 2662 371 2720 aimaricus
399 2661 499 2728 firmat,
528 2661 698 2719 olumbellus
725 2661 825 2729 iirmat,
850 2660 924 2717 'leu-
974 2661 1045 2728 litas,
1062 2662 1145 2734 quod,
1162 2670 1191 2717 ut
1206 2663 1291 2719 relatu
1306 2663 1490 2736 quorumdam
1504 2663 1666 2732 didicimus,
1689 2665 1765 2721 licta

124 2761 236 2808 tranans
266 2751 367 2819 iirmat,
395 2749 562 2808 (lancelinus
591 2749 690 2813 irrmat,
716 2751 838 2807 limenus
853 2750 927 2805 vice-
974 2750 1066 2806 vensis
1082 2751 1193 2822 quidem
1207 2751 1342 2817 Ecclesia,
1359 2768 1439 2824 quam
1455 2752 1578 2808 diutinus
1605 2756 1763 2826 pagauonm

124 2854 217 2898 comes
235 2840 333 2905 iinnat,
348 2839 430 2895 Oddo
438 2840 593 2896 vicecomes
613 2838 713 2905 linunt,
743 2841 804 2912 ligo
832 2853 925 2894 comcs
974 2839 1061 2894 bostis
1074 2840 1259 2911 persequitur,
1275 2839 1360 2896 muita
1381 2840 1601 2898 Christianorum
1621 2842 1763 2915 iniquorum

124 2926 224 2984 iirmat.
973 2925 1147 2983 incommoda
1161 2927 1270 2999 patitur,
1288 2928 1385 3000 quibus
1405 2928 1545 3001 pressuris
1567 2944 1622 2987 nus
1650 2929 1763 2988 marani

498 3033 550 3089 CL·
973 3015 1119 3086 perdolere
1134 3017 1315 3088 camdemque
1330 3016 1507 3074 nihilomiuus
1528 3026 1608 3076 tauto
1635 3018 1709 3076 iasce
1735 3019 1763 3074 le

123 3139 162 3179 an
176 3139 269 3181 cauus
284 3137 443 3189 evisceras,
460 3134 588 3186 coatras,
599 3134 791 3186 vrcnaorrmus,
821 3135 925 3176 caura-
974 3117 1049 3159 lile·
1066 3103 1240 3177 Quapropter
1253 3105 1427 3177 precipimus
1437 3106 1646 3181 ⁸P⁰⁵¹⁰¹l⁰²q¹¹⁸
1656 3108 1761 3164 mil·

160 3227 272 3280 sauros,
287 3224 592 3279 inurenscrruoctcos,
608 3225 638 3264 rx
653 3223 782 3265 iussurus
808 3224 843 3265 au
870 3224 923 3265 uo·
973 3198 1028 3248 ΜΘ
1040 3208 1172 3264 expresse
1189 3193 1327 3263 inbelli&
1351 3194 1425 3266 qnod
1453 3208 1535 3251 lm
1558 3204 1692 3266 leiim,
1719 3204 1760 3252 mn

158 3317 225 3358 affl„
240 3315 395 3358 mmm,
973 3279 1134 3337 sacerdotali
1148 3281 1245 3338 ordine
1258 3281 1401 3353 perimens
1416 3297 1554 3356 quamque
1578 3282 1699 3341 milium
1717 3283 1762 3341 sc

432 3387 522 3460 (Anno
537 3389 612 3460 apg)
971 3369 1041 3425 cium
1063 3376 1169 3436 tenens,
1193 3370 1279 3442 ipsius
1307 3371 1437 3428 Ecclesiae
1464 3371 1635 3429 Pictavensis
1660 3373 1761 3446 Qun

121 3449 181 3536 lex
204 3480 240 3535 dr
254 3479 400 3552 sacrilegis
415 3494 432 3533 a
446 3478 554 3535 Ioanne
576 3493 651 3604 W
666 3475 788 3534 Gallicis
818 3476 922 3550 lapibus
971 3457 1118 3514 ⁹00¹⁸Si⁸m
1132 3458 1277 3531 aliquodve
1301 3459 1497 3515 ¹¹¹⁰M⁸l⁰¹⁸5¹¹¹¹¹
1525 3460 1572 3517 *⁹²¹
1595 3462 1702 3534 praedia
1721 3460 1761 3536 ipn'

690 3548 697 3562 ·
970 3561 1081 3619 monuo
1095 3547 1177 3603 modo
1191 3548 1354 3618 pertinentia
1363 3548 1493 3604 invadere
1499 3559 1660 3620 praesumat,
1671 3551 1761 3607 udone

971 3635 1084 3692 colonos
1099 3651 1194 3693 servos
1208 3636 1357 3693 ancillasve
1375 3644 1468 3693 contra
1483 3637 1526 3693 sui
1551 3639 1678 3711 episcopi
1705 3639 1761 3696 vele

971 3723 1066 3780 tollere
1081 3724 1181 3780 audeat
1198 3741 1204 3780 :
1221 3725 1271 3781 sed
1284 3725 1365 3782 liceat
1389 3725 1474 3797 ipsius
1491 3726 1629 3784 Ecclesiae
1648 3727 1760 3785 ilecirido

285 3549 425 3606 addiscis
440 3549 560 3605 concilio
597 3563 743 3604 macoma

157 3640 285 3694 loannes
295 3638 450 3709 episcopus,
463 3652 558 3693 servus
572 3652 711 3692 servorum
726 3637 785 3705 liei,
795 3636 921 3692 omnibus

122 3726 268 3800 episcopis,
307 3726 461 3793 comitibus,
495 3725 711 3791 vicecomitibus,
745 3725 919 3795 centenariis,

118 3815 258 3886 judicibus
272 3814 422 3883 catholicis,
439 3815 466 3869 in
480 3813 612 3885 llispania
633 3821 660 3870 et
678 3811 778 3870 Gotliia
805 3813 919 3885 provin·
970 3812 1097 3871 videlicet
1111 3813 1251 3885 episcopo,
1269 3814 1380 3886 subque
1395 3816 1616 3883 successoribus,
1640 3817 1688 3874 illa
1712 3830 1760 3890 qius

120 3903 170 3959 ciis
184 3903 358 3976 degentibus,
374 3902 504 3974 omnique
518 3902 619 3973 populo
644 3901 811 3958 Occidentali
828 3903 920 3958 catlro·
970 3901 1011 3956 sni
1028 3909 1218 3958 antecessores
1232 3902 1355 3976 legitimo
1371 3903 1481 3959 tramite
1494 3905 1639 3962 canonicae
1657 3904 1759 3962 sudori

122 3991 185 4057 lico,
201 3990 316 4046 salntem
332 3999 358 4046 et
373 3990 550 4062 apostolicam
566 3990 794 4047 benedictionem.
969 3989 1030 4045 tatis
1043 3990 1207 4057 habuerunt,
1224 3991 1275 4045 sub
1298 3999 1390 4046 nostra
1413 3991 1527 4048 tuitione
1546 3994 1661 4063 babere,
1691 4002 1717 4050 et
1738 3998 1759 4047 ut

152 4077 299 4147 Noveritis,
323 4077 491 4134 dilectissimi
527 4077 583 4142 iiiii,
609 4079 672 4151 quia
697 4095 754 4134 nos
770 4094 822 4150 pro
851 4085 919 4135 stuta
969 4078 1151 4150 possederunt
1166 4078 1318 4149 possidere,
1345 4086 1372 4134 ct
1385 4087 1416 4135 ut
1435 4080 1632 4137 ordinaverunt
1653 4098 1703 4139 sno
1723 4097 1757 4136 ar·

120 4176 221 4224 sancta
244 4167 295 4223 liei
315 4166 446 4224 Ecclesiae
464 4166 595 4237 jussimus
612 4167 775 4240 congregari
790 4167 920 4243 synodale
969 4155 1051 4221 bitrio
1079 4166 1218 4233 ordinare,
1246 4182 1308 4223 cum
1332 4168 1457 4224 consulto
1482 4184 1678 4244 consensuque
1714 4184 1758 4226 sua

121 4256 266 4314 concilium
281 4256 354 4328 apud
368 4257 461 4312 urbem
477 4257 591 4313 Trecas.
622 4256 683 4323 ilbi,
699 4257 857 4312 sedentibus
871 4273 920 4314 no-
969 4254 1102 4310 Ecclesie
1122 4256 1328 4325 canonicorum,
1359 4265 1387 4311 ut
1416 4257 1507 4328 prisca
1532 4259 1704 4316 consuendo
1727 4256 1758 4313 ti

120 4345 204 4402 bisin
220 4360 328 4413 corona,
344 4345 417 4401 veuit
439 4343 689 4417 antepresentirm
705 4353 824 4401 nostram
847 4345 919 4402 iliius
970 4343 1120 4416 gnoscitur,
1142 4344 1201 4399 sine
1223 4353 1315 4401 vestro
1343 4352 1552 4418 vestrorumque
1573 4347 1758 4405 obstaculw

118 4443 215 4491 noster
224 4434 377 4506 Sigebodus
391 4434 488 4505 primm
501 4434 575 4491 sudis
597 4435 783 4490 Narbonensis
806 4435 916 4506 episco-
930 4424 1089 4487 Domuium
1104 4433 1234 4488 hactenus
1262 4433 1326 4488 talia
1347 4434 1584 4504 praesumentium.
1615 4437 1690 4492 luter
1712 4437 1758 4492 luc

118 4532 180 4595 pus,
196 4523 329 4580 cuiusuis
347 4521 526 4595 suffraganeis
539 4523 684 4595 episcopis,
707 4532 732 4578 ct
754 4522 850 4579 detulit
871 4540 921 4580 nc·
970 4520 1095 4577 volumus
1109 4536 1230 4593 quasque
1245 4536 1342 4578 cauma
1354 4522 1489 4593 praedicto
1502 4523 1757 4598 ileciridoepiscopo

119 4611 161 4667 bis
190 4612 290 4667 librum
319 4611 539 4685 GothicaeIegis,
555 4611 601 4666 ubi
617 4611 684 4666 nibil
712 4612 863 4666 habebatur
885 4612 920 4667 de
970 4608 1034 4665 inde
1051 4617 1142 4665 motas
1165 4607 1193 4663 in
1223 4617 1316 4666 nostra
1343 4611 1490 4682 praesentia
1517 4612 1709 4671 adducendas.
1735 4609 1757 4666 ii

120 4699 279 4774 ncrileglis,
308 4708 336 4756 et
350 4700 378 4754 iu
392 4699 496 4756 eisdem
512 4699 620 4772 legibus
634 4699 766 4771 scriptum
794 4708 861 4768 erat,
891 4708 920 4755 ut
970 4699 1032 4771 quis
1047 4713 1111 4755 vero
1140 4699 1323 4765 emendum,
1349 4700 1473 4769 iudicum
1498 4708 1583 4774 atque
1611 4702 1756 4759 secularium

121 4803 209 4845 musa
224 4805 292 4861 quas
307 4788 360 4846 illm
374 4789 450 4861 leges
470 4803 524 4844 non
539 4789 649 4855 habeut,
666 4789 920 4844 nonaudirentura
969 4801 1157 4859 personarum,
1196 4787 1267 4844 banc
1295 4787 1495 4844 constitutionis
1519 4796 1623 4847 nostrae
1647 4791 1756 4864 paginas

117 4875 337 4947 judicibusillius
351 4878 454 4949 patriae
470 4885 551 4950 atquc
566 4878 601 4932 ita
614 4881 659 4947 Jus
673 4885 775 4933 sancte
788 4877 920 4935 Ecclesia
969 4890 1133 4947 agnoscens,
1163 4884 1259 4932 contra
1275 4893 1335 4932 eam
1358 4877 1452 4934 venire
1464 4879 1623 4950 tenuverit,
1641 4883 1756 4952 potesne

121 4963 346 5022 suffocabaturab
361 4966 458 5023 maulia
473 4966 570 5022 Galliac
580 4972 606 5021 et
615 4967 750 5037 iiispaniae
760 4965 917 5037 provinciis.
969 4965 1080 5021 honoris
1103 4964 1145 5019 sui
1163 4979 1194 5020 ac
1218 4965 1349 5037 dignitate
1368 4981 1516 5037 percussus
1538 4968 1691 5039 apostolico
1706 4980 1755 5023 aua·

120 5055 198 5112 Unde
225 5061 319 5110 nostra
341 5055 485 5121 serenitas,
511 5071 572 5111 cum
587 5055 754 5127 prescriptis
770 5054 918 5127 episcopis,
971 5053 1089 5109 themate
1108 5062 1209 5122 careat,
1226 5068 1398 5126 reumqucse
1411 5054 1504 5110 divino
1528 5056 1635 5126 iutircic
1657 5057 1755 5114 uicem

118 5144 250 5216 inspectis
273 5143 380 5218 legibus
406 5145 545 5211 liomanis,
566 5144 611 5199 nbi
638 5144 790 5199 habebatur
808 5144 843 5200 de
872 5158 928 5201 sa··
969 5142 1004 5198 de
1018 5149 1170 5213 perpetrata
1185 5143 1325 5214 iniquitate
1354 5150 1514 5215 cognuscat.
1531 5145 1567 5200 Et
1596 5146 1654 5202 uisi
1667 5145 1708 5202 vei
1729 5154 1753 5197 aa

119 5234 250 5307 crilegiis,
283 5232 436 5289 invenimus
463 5232 500 5286 ibi
525 5248 541 5286 a
567 5233 718 5288 iustiniauo
754 5233 921 5305 imperatore
970 5245 1033 5302 quae
1058 5231 1091 5284 ab
1117 5231 1164 5285 illo
1199 5240 1262 5286 sunt
1289 5232 1361 5286 male
1395 5231 1484 5287 ablata
1519 5233 1692 5296 restituerit,
1720 5226 1753 5284 rei

119 5319 208 5393 legem
225 5318 430 5393 compositionis
445 5320 579 5392 sacrilegii
594 5321 767 5376 constitutam
795 5322 821 5376 iu
839 5322 920 5393 quin·
969 5326 1134 5389 presumpta
1148 5319 1305 5388 correxerit,
1323 5318 1365 5374 vel
1380 5320 1463 5391 digna
1491 5321 1655 5392 penitentia
1678 5318 1753 5376 illicita

120 5422 172 5479 quc
200 5409 285 5464 libras
308 5410 365 5464 auri
392 5409 498 5481 optinui.
523 5409 576 5465 Sed
600 5425 649 5464 nos
679 5410 810 5466 leniorem
830 5410 920 5483 legem
969 5412 1029 5463 acta
1044 5407 1193 5472 deileverit,
1211 5408 1425 5463 asacratissimo
1453 5421 1573 5480 corpore
1589 5411 1639 5466 liei
1664 5405 1754 5466 bomini

120 5496 293 5570 precipimus
308 5512 369 5554 asse
382 5499 537 5563 tenendam,
555 5499 750 5570 quaeaCarolo
764 5508 805 5554 est
819 5498 920 5556 consti·
970 5509 1003 5551 ac
1032 5495 1220 5568 Redemptoris
1248 5497 1335 5552 nostri
1366 5496 1432 5552 lesu
1456 5497 1559 5555 Christi
1587 5499 1692 5556 alienus
1711 5495 1754 5552 iat.
