<?xml version="1.0" encoding="UTF-8"?>
<!DOCTYPE html PUBLIC "-//W3C//DTD XHTML 1.0 Transitional//EN"
    "http://www.w3.org/TR/xhtml1/DTD/xhtml1-transitional.dtd">
<html xmlns="http://www.w3.org/1999/xhtml" xml:lang="en" lang="en">
 <head>
  <title>
</title>
<meta http-equiv="Content-Type" content="text/html;charset=utf-8" />
  <meta name='ocr-system' content='tesseract 3.04.00' />
  <meta name='ocr-capabilities' content='ocr_page ocr_carea ocr_par ocr_line ocrx_word'/>
</head>
<body>
  <div class='ocr_page' id='page_1' title='image "./patrologiaecurs81unkngoog/patrologiaecurs81unkngoog_0043.png"; bbox 0 0 3826 6098; ppageno 0'>
   <div class='ocr_carea' id='block_1_1' title="bbox 183 227 1831 316">
    <p class='ocr_par' dir='ltr' id='par_1_1' title="bbox 183 227 1831 316">
     <span class='ocr_line' id='line_1_1' title="bbox 183 227 1831 316; baseline -0.002 -24"><span class='ocrx_word' id='word_1_1' title='bbox 183 239 218 292; x_wconf 79' lang='lat' dir='ltr'>tt</span> <span class='ocrx_word' id='word_1_2' title='bbox 681 233 849 288; x_wconf 70' lang='lat' dir='ltr'>lllNllllAlil</span> <span class='ocrx_word' id='word_1_3' title='bbox 869 227 1067 285; x_wconf 69' lang='lat' dir='ltr'>submota·</span> <span class='ocrx_word' id='word_1_4' title='bbox 1085 232 1361 316; x_wconf 68' lang='lat' dir='ltr'>lncflturlscort.</span> <span class='ocrx_word' id='word_1_5' title='bbox 1797 233 1831 288; x_wconf 74' lang='lat' dir='ltr'>is</span> 
     </span>
    </p>
   </div>
   <div class='ocr_carea' id='block_1_2' title="bbox 130 351 1842 3260">
    <p class='ocr_par' dir='ltr' id='par_1_2' title="bbox 130 351 1842 3260">
     <span class='ocr_line' id='line_1_2' title="bbox 185 351 1835 427; baseline -0.001 -13"><span class='ocrx_word' id='word_1_6' title='bbox 185 357 317 414; x_wconf 73' lang='lat' dir='ltr'>liberasse</span> <span class='ocrx_word' id='word_1_7' title='bbox 332 372 349 411; x_wconf 90' lang='lat' dir='ltr'>a</span> <span class='ocrx_word' id='word_1_8' title='bbox 363 357 479 427; x_wconf 91' lang='lat' dir='ltr'>reprobo</span> <span class='ocrx_word' id='word_1_9' title='bbox 494 372 586 411; x_wconf 87' lang='lat' dir='ltr'>sensu.</span> <span class='ocrx_word' id='word_1_10' title='bbox 599 356 633 411; x_wconf 91' lang='lat' dir='ltr'>Et</span> <span class='ocrx_word' id='word_1_11' title='bbox 646 355 731 410; x_wconf 89' lang='lat' dir='ltr'>multa</span> <span class='ocrx_word' id='word_1_12' title='bbox 745 354 798 409; x_wconf 87' lang='lat' dir='ltr'>alia</span> <span class='ocrx_word' id='word_1_13' title='bbox 813 354 865 408; x_wconf 93' lang='lat' dir='ltr'>hoc</span> <span class='ocrx_word' id='word_1_14' title='bbox 879 367 982 424; x_wconf 79' lang='lat' dir='ltr'>genere</span> <span class='ocrx_word' id='word_1_15' title='bbox 997 351 1135 424; x_wconf 78' lang='lat' dir='ltr'>Auspera</span> <span class='ocrx_word' id='word_1_16' title='bbox 1150 357 1179 410; x_wconf 91' lang='lat' dir='ltr'>in</span> <span class='ocrx_word' id='word_1_17' title='bbox 1194 357 1251 411; x_wconf 90' lang='lat' dir='ltr'>vias</span> <span class='ocrx_word' id='word_1_18' title='bbox 1265 357 1360 427; x_wconf 89' lang='lat' dir='ltr'>planas</span> <span class='ocrx_word' id='word_1_19' title='bbox 1376 355 1508 421; x_wconf 89' lang='lat' dir='ltr'>iecemnt,</span> <span class='ocrx_word' id='word_1_20' title='bbox 1524 355 1605 412; x_wconf 83' lang='lat' dir='ltr'>tacite</span> <span class='ocrx_word' id='word_1_21' title='bbox 1628 371 1710 427; x_wconf 89' lang='lat' dir='ltr'>posse</span> <span class='ocrx_word' id='word_1_22' title='bbox 1732 355 1835 412; x_wconf 90' lang='lat' dir='ltr'>revinci</span> 
     </span>
     <span class='ocr_line' id='line_1_3' title="bbox 187 443 1833 517; baseline -0.004 -13"><span class='ocrx_word' id='word_1_23' title='bbox 187 445 330 504; x_wconf 86' lang='lat' dir='ltr'>locutionis</span> <span class='ocrx_word' id='word_1_24' title='bbox 342 445 429 509; x_wconf 84' lang='lat' dir='ltr'>dictu,</span> <span class='ocrx_word' id='word_1_25' title='bbox 442 446 469 501; x_wconf 89' lang='lat' dir='ltr'>iu</span> <span class='ocrx_word' id='word_1_26' title='bbox 484 444 627 516; x_wconf 88' lang='lat' dir='ltr'>Scripturis</span> <span class='ocrx_word' id='word_1_27' title='bbox 641 443 824 498; x_wconf 74' lang='lat' dir='ltr'>inveniuntur.</span> <span class='ocrx_word' id='word_1_28' title='bbox 1035 445 1211 515; x_wconf 75' lang='lat' dir='ltr'><strong>cognoscitis.</strong></span> <span class='ocrx_word' id='word_1_29' title='bbox 1227 446 1287 500; x_wconf 87' lang='lat' dir='ltr'>Non</span> <span class='ocrx_word' id='word_1_30' title='bbox 1308 446 1392 517; x_wconf 89' lang='lat' dir='ltr'>igitur</span> <span class='ocrx_word' id='word_1_31' title='bbox 1416 452 1458 499; x_wconf 89' lang='lat' dir='ltr'>est</span> <span class='ocrx_word' id='word_1_32' title='bbox 1480 444 1663 515; x_wconf 81' lang='lat' dir='ltr'>perfunctorie</span> <span class='ocrx_word' id='word_1_33' title='bbox 1687 452 1833 500; x_wconf 90' lang='lat' dir='ltr'>transeun-</span> 
     </span>
     <span class='ocr_line' id='line_1_4' title="bbox 222 529 1834 604; baseline -0.001 -15"><span class='ocrx_word' id='word_1_34' title='bbox 222 537 249 589; x_wconf 77' lang='lat' dir='ltr'>a.</span> <span class='ocrx_word' id='word_1_35' title='bbox 265 535 300 590; x_wconf 91' lang='lat' dir='ltr'>Et</span> <span class='ocrx_word' id='word_1_36' title='bbox 315 533 361 604; x_wconf 89' lang='lat' dir='ltr'>qui</span> <span class='ocrx_word' id='word_1_37' title='bbox 375 534 481 590; x_wconf 84' lang='lat' dir='ltr'>locutus</span> <span class='ocrx_word' id='word_1_38' title='bbox 496 542 537 589; x_wconf 89' lang='lat' dir='ltr'>est</span> <span class='ocrx_word' id='word_1_39' title='bbox 552 549 602 604; x_wconf 92' lang='lat' dir='ltr'>per</span> <span class='ocrx_word' id='word_1_40' title='bbox 622 532 778 602; x_wconf 88' lang='lat' dir='ltr'>prophetas,</span> <span class='ocrx_word' id='word_1_41' title='bbox 803 530 910 585; x_wconf 77' lang='lat' dir='ltr'>dicente</span> <span class='ocrx_word' id='word_1_42' title='bbox 934 529 985 583; x_wconf 88' lang='lat' dir='ltr'>Dei</span> <span class='ocrx_word' id='word_1_43' title='bbox 1035 529 1099 585; x_wconf 90' lang='lat' dir='ltr'>dum</span> <span class='ocrx_word' id='word_1_44' title='bbox 1115 533 1187 603; x_wconf 92' lang='lat' dir='ltr'>quod</span> <span class='ocrx_word' id='word_1_45' title='bbox 1203 533 1366 588; x_wconf 87' lang='lat' dir='ltr'>Coelestinus</span> <span class='ocrx_word' id='word_1_46' title='bbox 1381 531 1492 604; x_wconf 85' lang='lat' dir='ltr'>scripsit</span> <span class='ocrx_word' id='word_1_47' title='bbox 1506 549 1557 603; x_wconf 91' lang='lat' dir='ltr'>pro</span> <span class='ocrx_word' id='word_1_48' title='bbox 1571 532 1670 587; x_wconf 88' lang='lat' dir='ltr'>talibus</span> <span class='ocrx_word' id='word_1_49' title='bbox 1694 541 1776 604; x_wconf 87' lang='lat' dir='ltr'>atque</span> <span class='ocrx_word' id='word_1_50' title='bbox 1799 533 1834 587; x_wconf 89' lang='lat' dir='ltr'>de</span> 
     </span>
     <span class='ocr_line' id='line_1_5' title="bbox 188 618 1835 695; baseline -0.004 -15"><span class='ocrx_word' id='word_1_51' title='bbox 188 622 290 695; x_wconf 84' lang='lat' dir='ltr'>Spiritu</span> <span class='ocrx_word' id='word_1_52' title='bbox 304 638 353 692; x_wconf 91' lang='lat' dir='ltr'>per</span> <span class='ocrx_word' id='word_1_53' title='bbox 368 622 506 692; x_wconf 89' lang='lat' dir='ltr'>apostolos</span> <span class='ocrx_word' id='word_1_54' title='bbox 520 629 546 676; x_wconf 91' lang='lat' dir='ltr'>ct</span> <span class='ocrx_word' id='word_1_55' title='bbox 561 619 743 692; x_wconf 90' lang='lat' dir='ltr'>evangelistas</span> <span class='ocrx_word' id='word_1_56' title='bbox 756 637 762 672; x_wconf 94' lang='lat'>:</span> <span class='ocrx_word' id='word_1_57' title='bbox 777 621 853 676; x_wconf 86' lang='lat' dir='ltr'>Unus</span> <span class='ocrx_word' id='word_1_58' title='bbox 864 619 983 680; x_wconf 77' lang='lat' dir='ltr'>erbeus,</span> <span class='ocrx_word' id='word_1_59' title='bbox 1036 618 1134 674; x_wconf 88' lang='lat' dir='ltr'>talibus</span> <span class='ocrx_word' id='word_1_60' title='bbox 1148 622 1242 693; x_wconf 86' lang='lat' dir='ltr'>(epist.</span> <span class='ocrx_word' id='word_1_61' title='bbox 1260 626 1285 686; x_wconf 88' lang='lat'>8,</span> <span class='ocrx_word' id='word_1_62' title='bbox 1302 621 1339 676; x_wconf 90' lang='lat' dir='ltr'>od</span> <span class='ocrx_word' id='word_1_63' title='bbox 1353 621 1473 694; x_wconf 89' lang='lat' dir='ltr'>episcop.</span> <span class='ocrx_word' id='word_1_64' title='bbox 1492 623 1612 691; x_wconf 78' lang='lat' dir='ltr'>Gottte).</span> <span class='ocrx_word' id='word_1_65' title='bbox 1637 644 1649 669; x_wconf 73' lang='lat' dir='ltr'>a</span> <span class='ocrx_word' id='word_1_66' title='bbox 1669 621 1776 686; x_wconf 84' lang='lat' dir='ltr'>Merito,</span> <span class='ocrx_word' id='word_1_67' title='bbox 1792 620 1835 675; x_wconf 91' lang='lat' dir='ltr'>in-</span> 
     </span>
     <span class='ocr_line' id='line_1_6' title="bbox 186 706 1835 784; baseline -0.003 -16"><span class='ocrx_word' id='word_1_68' title='bbox 186 727 247 768; x_wconf 78' lang='lat' dir='ltr'>usto</span> <span class='ocrx_word' id='word_1_69' title='bbox 254 711 517 780; x_wconf 63' lang='lat' dir='ltr'>fideuunumestct</span> <span class='ocrx_word' id='word_1_70' title='bbox 527 711 667 784; x_wconf 77' lang='lat' dir='ltr'>baptisma</span> <span class='ocrx_word' id='word_1_71' title='bbox 678 707 834 781; x_wconf 69' lang='lat' dir='ltr'>(presmv,</span> <span class='ocrx_word' id='word_1_72' title='bbox 847 707 884 772; x_wconf 77' lang='lat' dir='ltr'>5l3</span> <span class='ocrx_word' id='word_1_73' title='bbox 894 706 922 760; x_wconf 91' lang='lat' dir='ltr'>iu</span> <span class='ocrx_word' id='word_1_74' title='bbox 932 721 985 776; x_wconf 93' lang='lat' dir='ltr'>quo</span> <span class='ocrx_word' id='word_1_75' title='bbox 1036 707 1142 779; x_wconf 89' lang='lat' dir='ltr'>quiens,</span> <span class='ocrx_word' id='word_1_76' title='bbox 1160 724 1306 763; x_wconf 80' lang='lat' dir='ltr'>causarios</span> <span class='ocrx_word' id='word_1_77' title='bbox 1320 709 1440 780; x_wconf 86' lang='lat' dir='ltr'>respicit,</span> <span class='ocrx_word' id='word_1_78' title='bbox 1462 709 1485 763; x_wconf 91' lang='lat' dir='ltr'>si</span> <span class='ocrx_word' id='word_1_79' title='bbox 1500 709 1607 765; x_wconf 88' lang='lat' dir='ltr'>silentio</span> <span class='ocrx_word' id='word_1_80' title='bbox 1628 708 1768 765; x_wconf 79' lang='lat' dir='ltr'>faveamus</span> <span class='ocrx_word' id='word_1_81' title='bbox 1787 725 1835 764; x_wconf 90' lang='lat' dir='ltr'>er·</span> 
     </span>
     <span class='ocr_line' id='line_1_7' title="bbox 186 793 1837 870; baseline -0.002 -14"><span class='ocrx_word' id='word_1_82' title='bbox 186 797 364 857; x_wconf 82' lang='lat' dir='ltr'>sanctificatio</span> <span class='ocrx_word' id='word_1_83' title='bbox 380 799 489 870; x_wconf 88' lang='lat' dir='ltr'>spiritus</span> <span class='ocrx_word' id='word_1_84' title='bbox 512 813 561 868; x_wconf 87' lang='lat' dir='ltr'>per</span> <span class='ocrx_word' id='word_1_85' title='bbox 577 797 764 867; x_wconf 77' lang='lat' dir='ltr'>aspersionem</span> <span class='ocrx_word' id='word_1_86' title='bbox 790 793 819 849; x_wconf 80' lang='lat' dir='ltr'>sit</span> <span class='ocrx_word' id='word_1_87' title='bbox 843 794 986 867; x_wconf 77' lang='lat' dir='ltr'>sanguinis</span> <span class='ocrx_word' id='word_1_88' title='bbox 1036 797 1103 852; x_wconf 89' lang='lat' dir='ltr'>rori.</span> <span class='ocrx_word' id='word_1_89' title='bbox 1119 797 1195 868; x_wconf 89' lang='lat' dir='ltr'>Ergo</span> <span class='ocrx_word' id='word_1_90' title='bbox 1209 797 1392 868; x_wconf 89' lang='lat' dir='ltr'>corripiantur</span> <span class='ocrx_word' id='word_1_91' title='bbox 1404 798 1560 867; x_wconf 86' lang='lat' dir='ltr'>hujusmodi</span> <span class='ocrx_word' id='word_1_92' title='bbox 1574 802 1652 863; x_wconf 53' lang='lat' dir='ltr'>enon</span> <span class='ocrx_word' id='word_1_93' title='bbox 1663 798 1697 852; x_wconf 89' lang='lat' dir='ltr'>sit</span> <span class='ocrx_word' id='word_1_94' title='bbox 1711 798 1753 852; x_wconf 90' lang='lat' dir='ltr'>his</span> <span class='ocrx_word' id='word_1_95' title='bbox 1768 799 1837 853; x_wconf 89' lang='lat' dir='ltr'>libe·</span> 
     </span>
     <span class='ocr_line' id='line_1_8' title="bbox 186 885 1836 959; baseline -0.002 -14"><span class='ocrx_word' id='word_1_96' title='bbox 186 886 295 957; x_wconf 84' lang='lat' dir='ltr'>Christi,</span> <span class='ocrx_word' id='word_1_97' title='bbox 320 902 375 959; x_wconf 89' lang='lat' dir='ltr'>quo</span> <span class='ocrx_word' id='word_1_98' title='bbox 396 886 529 957; x_wconf 83' lang='lat' dir='ltr'>redempti</span> <span class='ocrx_word' id='word_1_99' title='bbox 555 902 648 941; x_wconf 91' lang='lat' dir='ltr'>sumus</span> <span class='ocrx_word' id='word_1_100' title='bbox 671 885 705 939; x_wconf 92' lang='lat' dir='ltr'>de</span> <span class='ocrx_word' id='word_1_101' title='bbox 726 900 794 938; x_wconf 89' lang='lat' dir='ltr'>vana</span> <span class='ocrx_word' id='word_1_102' title='bbox 810 891 905 938; x_wconf 90' lang='lat' dir='ltr'>nostra</span> <span class='ocrx_word' id='word_1_103' title='bbox 921 898 987 937; x_wconf 87' lang='lat' dir='ltr'>con·</span> <span class='ocrx_word' id='word_1_104' title='bbox 1037 901 1097 939; x_wconf 90' lang='lat' dir='ltr'>rum</span> <span class='ocrx_word' id='word_1_105' title='bbox 1112 886 1212 940; x_wconf 90' lang='lat' dir='ltr'>habere</span> <span class='ocrx_word' id='word_1_106' title='bbox 1227 903 1277 957; x_wconf 94' lang='lat' dir='ltr'>pro</span> <span class='ocrx_word' id='word_1_107' title='bbox 1291 886 1429 942; x_wconf 87' lang='lat' dir='ltr'>voluntate</span> <span class='ocrx_word' id='word_1_108' title='bbox 1445 902 1609 942; x_wconf 90' lang='lat' dir='ltr'>sermonem.</span> <span class='ocrx_word' id='word_1_109' title='bbox 1625 887 1748 952; x_wconf 87' lang='lat' dir='ltr'>Desinat,</span> <span class='ocrx_word' id='word_1_110' title='bbox 1760 887 1783 941; x_wconf 92' lang='lat' dir='ltr'>si</span> <span class='ocrx_word' id='word_1_111' title='bbox 1798 887 1836 942; x_wconf 81' lang='lat' dir='ltr'>ila</span> 
     </span>
     <span class='ocr_line' id='line_1_9' title="bbox 185 972 1836 1046; baseline -0.002 -12"><span class='ocrx_word' id='word_1_112' title='bbox 185 976 338 1034; x_wconf 67' lang='lat' dir='ltr'>venatione</span> <span class='ocrx_word' id='word_1_113' title='bbox 353 983 473 1046; x_wconf 74' lang='lat' dir='ltr'>paternas</span> <span class='ocrx_word' id='word_1_114' title='bbox 488 973 640 1030; x_wconf 83' lang='lat' dir='ltr'>traditionis</span> <span class='ocrx_word' id='word_1_115' title='bbox 660 973 685 1040; x_wconf 89' lang='lat' dir='ltr'>(l</span> <span class='ocrx_word' id='word_1_116' title='bbox 696 974 772 1028; x_wconf 85' lang='lat' dir='ltr'>Petr.</span> <span class='ocrx_word' id='word_1_117' title='bbox 795 972 836 1041; x_wconf 82' lang='grc' dir='ltr'><strong>ιι).</strong></span> <span class='ocrx_word' id='word_1_118' title='bbox 866 972 986 1042; x_wconf 80' lang='lat' dir='ltr'>Sanguis</span> <span class='ocrx_word' id='word_1_119' title='bbox 1037 989 1083 1029; x_wconf 90' lang='lat' dir='ltr'>res</span> <span class='ocrx_word' id='word_1_120' title='bbox 1098 983 1170 1039; x_wconf 89' lang='lat' dir='ltr'>sunt,</span> <span class='ocrx_word' id='word_1_121' title='bbox 1184 974 1322 1029; x_wconf 76' lang='lat' dir='ltr'>incessere</span> <span class='ocrx_word' id='word_1_122' title='bbox 1338 975 1443 1029; x_wconf 73' lang='lat' dir='ltr'>nentes</span> <span class='ocrx_word' id='word_1_123' title='bbox 1453 983 1632 1042; x_wconf 71' lang='lat' dir='ltr'>vetustatem</span> <span class='ocrx_word' id='word_1_124' title='bbox 1655 975 1763 1031; x_wconf 90' lang='lat' dir='ltr'>desinet</span> <span class='ocrx_word' id='word_1_125' title='bbox 1782 976 1836 1031; x_wconf 89' lang='lat' dir='ltr'>Ec·</span> 
     </span>
     <span class='ocr_line' id='line_1_10' title="bbox 189 1057 1835 1135; baseline -0.002 -13"><span class='ocrx_word' id='word_1_126' title='bbox 189 1065 260 1122; x_wconf 86' lang='lat' dir='ltr'>enim</span> <span class='ocrx_word' id='word_1_127' title='bbox 273 1057 726 1134; x_wconf 77' lang='lat' dir='ltr'>ejusdemiesqurists&#39;FiiiiDei</span> <span class='ocrx_word' id='word_1_128' title='bbox 741 1059 880 1116; x_wconf 85' lang='lat' dir='ltr'>ernuudot</span> <span class='ocrx_word' id='word_1_129' title='bbox 894 1058 987 1116; x_wconf 85' lang='lat' dir='ltr'>nesab</span> <span class='ocrx_word' id='word_1_130' title='bbox 1036 1061 1182 1117; x_wconf 88' lang='lat' dir='ltr'>clesiarum</span> <span class='ocrx_word' id='word_1_131' title='bbox 1197 1063 1316 1133; x_wconf 89' lang='lat' dir='ltr'>quietem</span> <span class='ocrx_word' id='word_1_132' title='bbox 1339 1063 1496 1135; x_wconf 88' lang='lat' dir='ltr'>inquietudo</span> <span class='ocrx_word' id='word_1_133' title='bbox 1520 1063 1639 1119; x_wconf 89' lang='lat' dir='ltr'>turbare.</span> <span class='ocrx_word' id='word_1_134' title='bbox 1658 1087 1668 1110; x_wconf 74' lang='grc' dir='ltr'><strong>ι</strong></span> <span class='ocrx_word' id='word_1_135' title='bbox 1696 1063 1835 1135; x_wconf 78' lang='lat' dir='ltr'>Alioquin,</span> 
     </span>
     <span class='ocr_line' id='line_1_11' title="bbox 188 1149 1836 1226; baseline -0.003 -15"><span class='ocrx_word' id='word_1_136' title='bbox 188 1155 267 1213; x_wconf 77' lang='lat' dir='ltr'>omni</span> <span class='ocrx_word' id='word_1_137' title='bbox 277 1157 393 1226; x_wconf 82' lang='lat' dir='ltr'>peccate</span> <span class='ocrx_word' id='word_1_138' title='bbox 408 1152 435 1221; x_wconf 91' lang='lat' dir='ltr'>(l</span> <span class='ocrx_word' id='word_1_139' title='bbox 448 1153 528 1208; x_wconf 75' lang='lat' dir='ltr'>locu.</span> <span class='ocrx_word' id='word_1_140' title='bbox 544 1165 565 1219; x_wconf 89' lang='lat'>1,</span> <span class='ocrx_word' id='word_1_141' title='bbox 581 1149 619 1220; x_wconf 79' lang='lat'>7),</span> <span class='ocrx_word' id='word_1_142' title='bbox 637 1151 685 1221; x_wconf 90' lang='lat' dir='ltr'>qui</span> <span class='ocrx_word' id='word_1_143' title='bbox 695 1150 771 1204; x_wconf 85' lang='lat' dir='ltr'>venit</span> <span class='ocrx_word' id='word_1_144' title='bbox 781 1165 832 1220; x_wconf 85' lang='lat' dir='ltr'>per</span> <span class='ocrx_word' id='word_1_145' title='bbox 841 1164 943 1220; x_wconf 84' lang='lat' dir='ltr'>equom</span> <span class='ocrx_word' id='word_1_146' title='bbox 960 1149 987 1200; x_wconf 84' lang='lat' dir='ltr'>ei</span> <span class='ocrx_word' id='word_1_147' title='bbox 1037 1158 1065 1206; x_wconf 90' lang='lat' dir='ltr'>ut</span> <span class='ocrx_word' id='word_1_148' title='bbox 1079 1150 1134 1205; x_wconf 91' lang='lat' dir='ltr'>Leo</span> <span class='ocrx_word' id='word_1_149' title='bbox 1155 1151 1230 1216; x_wconf 91' lang='lat' dir='ltr'>dicit,</span> <span class='ocrx_word' id='word_1_150' title='bbox 1255 1149 1412 1207; x_wconf 83' lang='lat' dir='ltr'>inferiorum</span> <span class='ocrx_word' id='word_1_151' title='bbox 1435 1151 1559 1206; x_wconf 89' lang='lat' dir='ltr'>ordinum</span> <span class='ocrx_word' id='word_1_152' title='bbox 1581 1151 1667 1222; x_wconf 75' lang='lat' dir='ltr'>culpae</span> <span class='ocrx_word' id='word_1_153' title='bbox 1690 1152 1725 1207; x_wconf 85' lang='lat' dir='ltr'>ed</span> <span class='ocrx_word' id='word_1_154' title='bbox 1748 1152 1836 1208; x_wconf 89' lang='lat' dir='ltr'>nullos</span> 
     </span>
     <span class='ocr_line' id='line_1_12' title="bbox 188 1234 1838 1314; baseline -0.01 -14"><span class='ocrx_word' id='word_1_155' title='bbox 188 1243 358 1314; x_wconf 78' lang='lat' dir='ltr'>sanquinem</span> <span class='ocrx_word' id='word_1_156' title='bbox 366 1241 447 1296; x_wconf 77' lang='lat' dir='ltr'>lesus</span> <span class='ocrx_word' id='word_1_157' title='bbox 457 1239 594 1302; x_wconf 80' lang='lat' dir='ltr'>Christus,</span> <span class='ocrx_word' id='word_1_158' title='bbox 602 1254 660 1292; x_wconf 84' lang='lat' dir='ltr'>non</span> <span class='ocrx_word' id='word_1_159' title='bbox 670 1238 701 1292; x_wconf 84' lang='lat' dir='ltr'>iu</span> <span class='ocrx_word' id='word_1_160' title='bbox 711 1253 784 1309; x_wconf 86' lang='lat' dir='ltr'>equo</span> <span class='ocrx_word' id='word_1_161' title='bbox 792 1238 893 1302; x_wconf 84' lang='lat' dir='ltr'>solunt,</span> <span class='ocrx_word' id='word_1_162' title='bbox 902 1234 948 1290; x_wconf 84' lang='lat' dir='ltr'>sed</span> <span class='ocrx_word' id='word_1_163' title='bbox 956 1235 988 1290; x_wconf 85' lang='lat' dir='ltr'>in</span> <span class='ocrx_word' id='word_1_164' title='bbox 1037 1237 1127 1311; x_wconf 86' lang='lat' dir='ltr'>magis</span> <span class='ocrx_word' id='word_1_165' title='bbox 1142 1247 1204 1293; x_wconf 90' lang='lat' dir='ltr'>sunt</span> <span class='ocrx_word' id='word_1_166' title='bbox 1219 1239 1380 1304; x_wconf 72' lang='lat' dir='ltr'>referendae,</span> <span class='ocrx_word' id='word_1_167' title='bbox 1392 1257 1471 1311; x_wconf 90' lang='lat' dir='ltr'>quarn</span> <span class='ocrx_word' id='word_1_168' title='bbox 1483 1241 1516 1295; x_wconf 92' lang='lat' dir='ltr'>ad</span> <span class='ocrx_word' id='word_1_169' title='bbox 1528 1240 1638 1295; x_wconf 86' lang='lat' dir='ltr'>desides</span> <span class='ocrx_word' id='word_1_170' title='bbox 1650 1241 1838 1312; x_wconf 65' lang='lat' dir='ltr'>negligentes.</span> 
     </span>
     <span class='ocr_line' id='line_1_13' title="bbox 188 1325 1837 1405; baseline -0.001 -19"><span class='ocrx_word' id='word_1_171' title='bbox 188 1334 295 1405; x_wconf 79' lang='lat' dir='ltr'>aquosi</span> <span class='ocrx_word' id='word_1_172' title='bbox 301 1330 451 1400; x_wconf 80' lang='lat' dir='ltr'>sanquine.</span> <span class='ocrx_word' id='word_1_173' title='bbox 459 1329 494 1383; x_wconf 85' lang='lat' dir='ltr'>Ei</span> <span class='ocrx_word' id='word_1_174' title='bbox 504 1325 918 1400; x_wconf 75' lang='lat' dir='ltr'>Spiritusesiquilestificolur,</span> <span class='ocrx_word' id='word_1_175' title='bbox 927 1339 990 1395; x_wconf 89' lang='lat' dir='ltr'>quo·</span> <span class='ocrx_word' id='word_1_176' title='bbox 1037 1343 1090 1398; x_wconf 92' lang='lat' dir='ltr'>que</span> <span class='ocrx_word' id='word_1_177' title='bbox 1106 1335 1236 1391; x_wconf 88' lang='lat' dir='ltr'>rectores,</span> <span class='ocrx_word' id='word_1_178' title='bbox 1247 1328 1293 1398; x_wconf 91' lang='lat' dir='ltr'>qui</span> <span class='ocrx_word' id='word_1_179' title='bbox 1304 1328 1417 1382; x_wconf 90' lang='lat' dir='ltr'>inultam</span> <span class='ocrx_word' id='word_1_180' title='bbox 1428 1345 1501 1399; x_wconf 83' lang='lat' dir='ltr'>saepe</span> <span class='ocrx_word' id='word_1_181' title='bbox 1511 1328 1633 1383; x_wconf 90' lang='lat' dir='ltr'>nutriunt</span> <span class='ocrx_word' id='word_1_182' title='bbox 1644 1328 1837 1399; x_wconf 87' lang='lat' dir='ltr'>pestilentiam,</span> 
     </span>
     <span class='ocr_line' id='line_1_14' title="bbox 188 1414 1835 1487; baseline -0.002 -11"><span class='ocrx_word' id='word_1_183' title='bbox 188 1418 269 1476; x_wconf 64' lang='lat' dir='ltr'>cmm</span> <span class='ocrx_word' id='word_1_184' title='bbox 281 1416 662 1487; x_wconf 75' lang='lat' dir='ltr'>Christuscstveritus:quio</span> <span class='ocrx_word' id='word_1_185' title='bbox 670 1419 725 1469; x_wconf 84' lang='lat' dir='ltr'>tros</span> <span class='ocrx_word' id='word_1_186' title='bbox 735 1414 857 1486; x_wconf 84' lang='lat' dir='ltr'>suuiqui</span> <span class='ocrx_word' id='word_1_187' title='bbox 866 1415 989 1468; x_wconf 81' lang='lat' dir='ltr'>testimo·</span> <span class='ocrx_word' id='word_1_188' title='bbox 1038 1414 1102 1470; x_wconf 94' lang='lat' dir='ltr'>dum</span> <span class='ocrx_word' id='word_1_189' title='bbox 1117 1416 1299 1471; x_wconf 84' lang='lat' dir='ltr'>necessariam</span> <span class='ocrx_word' id='word_1_190' title='bbox 1315 1416 1489 1471; x_wconf 90' lang='lat' dir='ltr'>dissimulant</span> <span class='ocrx_word' id='word_1_191' title='bbox 1510 1417 1641 1472; x_wconf 87' lang='lat' dir='ltr'>adbibere</span> <span class='ocrx_word' id='word_1_192' title='bbox 1661 1417 1835 1473; x_wconf 87' lang='lat' dir='ltr'>medicinam.</span> 
     </span>
     <span class='ocr_line' id='line_1_15' title="bbox 189 1503 1838 1576; baseline -0.001 -14"><span class='ocrx_word' id='word_1_193' title='bbox 189 1509 272 1564; x_wconf 81' lang='lat' dir='ltr'>svium</span> <span class='ocrx_word' id='word_1_194' title='bbox 282 1507 363 1570; x_wconf 80' lang='lat' dir='ltr'>doni,</span> <span class='ocrx_word' id='word_1_195' title='bbox 379 1505 592 1576; x_wconf 66' lang='lat' dir='ltr'>spiritumque</span> <span class='ocrx_word' id='word_1_196' title='bbox 606 1508 634 1559; x_wconf 88' lang='lat' dir='ltr'>ct</span> <span class='ocrx_word' id='word_1_197' title='bbox 648 1503 775 1573; x_wconf 84' lang='lat' dir='ltr'>sanquis,</span> <span class='ocrx_word' id='word_1_198' title='bbox 788 1506 816 1557; x_wconf 83' lang='lat' dir='ltr'>ei</span> <span class='ocrx_word' id='word_1_199' title='bbox 828 1507 885 1557; x_wconf 83' lang='lat' dir='ltr'>ires</span> <span class='ocrx_word' id='word_1_200' title='bbox 897 1517 989 1555; x_wconf 87' lang='lat' dir='ltr'>uuum</span> <span class='ocrx_word' id='word_1_201' title='bbox 1038 1503 1121 1557; x_wconf 85' lang='lat' dir='ltr'>Multa</span> <span class='ocrx_word' id='word_1_202' title='bbox 1136 1504 1213 1558; x_wconf 90' lang='lat' dir='ltr'>vobis</span> <span class='ocrx_word' id='word_1_203' title='bbox 1229 1504 1351 1560; x_wconf 88' lang='lat' dir='ltr'>scribere</span> <span class='ocrx_word' id='word_1_204' title='bbox 1365 1513 1485 1574; x_wconf 88' lang='lat' dir='ltr'>poteram</span> <span class='ocrx_word' id='word_1_205' title='bbox 1498 1505 1533 1560; x_wconf 91' lang='lat' dir='ltr'>dc</span> <span class='ocrx_word' id='word_1_206' title='bbox 1549 1504 1601 1569; x_wconf 90' lang='lat' dir='ltr'>his,</span> <span class='ocrx_word' id='word_1_207' title='bbox 1622 1506 1671 1560; x_wconf 89' lang='lat' dir='ltr'>sed</span> <span class='ocrx_word' id='word_1_208' title='bbox 1687 1505 1761 1561; x_wconf 89' lang='lat' dir='ltr'>etde</span> <span class='ocrx_word' id='word_1_209' title='bbox 1777 1506 1838 1560; x_wconf 85' lang='lat' dir='ltr'>eliis</span> 
     </span>
     <span class='ocr_line' id='line_1_16' title="bbox 192 1588 1837 1685; baseline -0.002 -33"><span class='ocrx_word' id='word_1_210' title='bbox 192 1600 260 1653; x_wconf 77' lang='lat' dir='ltr'>ruet</span> <span class='ocrx_word' id='word_1_211' title='bbox 272 1595 298 1667; x_wconf 91' lang='lat' dir='ltr'>(l</span> <span class='ocrx_word' id='word_1_212' title='bbox 311 1595 391 1651; x_wconf 80' lang='lat' dir='ltr'>Joou.</span> <span class='ocrx_word' id='word_1_213' title='bbox 408 1609 436 1659; x_wconf 90' lang='lat' dir='ltr'>v,</span> <span class='ocrx_word' id='word_1_214' title='bbox 454 1594 491 1664; x_wconf 77' lang='lat'>6).</span> <span class='ocrx_word' id='word_1_215' title='bbox 514 1592 631 1662; x_wconf 87' lang='lat' dir='ltr'>Spiritus</span> <span class='ocrx_word' id='word_1_216' title='bbox 649 1592 741 1663; x_wconf 89' lang='lat' dir='ltr'>utique</span> <span class='ocrx_word' id='word_1_217' title='bbox 756 1588 988 1651; x_wconf 87' lang='lat' dir='ltr'>sanctificationis,</span> <span class='ocrx_word' id='word_1_218' title='bbox 1039 1591 1236 1647; x_wconf 82' lang='lat' dir='ltr'>exitiosissimis</span> <span class='ocrx_word' id='word_1_219' title='bbox 1251 1592 1331 1649; x_wconf 91' lang='lat' dir='ltr'>dictis</span> <span class='ocrx_word' id='word_1_220' title='bbox 1346 1593 1426 1661; x_wconf 86' lang='lat' dir='ltr'>hujus</span> <span class='ocrx_word' id='word_1_221' title='bbox 1447 1593 1636 1665; x_wconf 87' lang='lat' dir='ltr'>procacissimi</span> <span class='ocrx_word' id='word_1_222' title='bbox 1659 1594 1787 1685; x_wconf 69' lang='lat' dir='ltr'>beguinis,</span> <span class='ocrx_word' id='word_1_223' title='bbox 1814 1594 1837 1649; x_wconf 91' lang='lat' dir='ltr'>si</span> 
     </span>
     <span class='ocr_line' id='line_1_17' title="bbox 190 1677 1838 1767; baseline -0.001 -27"><span class='ocrx_word' id='word_1_224' title='bbox 190 1692 217 1740; x_wconf 82' lang='lat' dir='ltr'>et</span> <span class='ocrx_word' id='word_1_225' title='bbox 231 1682 344 1756; x_wconf 84' lang='lat' dir='ltr'>sanguis</span> <span class='ocrx_word' id='word_1_226' title='bbox 358 1681 565 1752; x_wconf 86' lang='lat' dir='ltr'>redemptionis,</span> <span class='ocrx_word' id='word_1_227' title='bbox 580 1687 607 1735; x_wconf 89' lang='lat' dir='ltr'>et</span> <span class='ocrx_word' id='word_1_228' title='bbox 631 1695 702 1750; x_wconf 88' lang='lat' dir='ltr'>aqua</span> <span class='ocrx_word' id='word_1_229' title='bbox 726 1677 902 1750; x_wconf 91' lang='lat' dir='ltr'>baptismatis,</span> <span class='ocrx_word' id='word_1_230' title='bbox 924 1691 986 1748; x_wconf 78' lang='lat' dir='ltr'>quae</span> <span class='ocrx_word' id='word_1_231' title='bbox 1002 1680 1169 1767; x_wconf 77' lang='lat' dir='ltr'>Blicuisset,</span> <span class='ocrx_word' id='word_1_232' title='bbox 1200 1689 1226 1735; x_wconf 87' lang='lat' dir='ltr'>et</span> <span class='ocrx_word' id='word_1_233' title='bbox 1250 1688 1328 1735; x_wconf 85' lang='lat' dir='ltr'>antea</span> <span class='ocrx_word' id='word_1_234' title='bbox 1353 1681 1416 1737; x_wconf 91' lang='lat' dir='ltr'>hinc</span> <span class='ocrx_word' id='word_1_235' title='bbox 1442 1682 1521 1736; x_wconf 88' lang='lat' dir='ltr'>vobis</span> <span class='ocrx_word' id='word_1_236' title='bbox 1546 1681 1668 1738; x_wconf 88' lang='lat' dir='ltr'>scribere</span> <span class='ocrx_word' id='word_1_237' title='bbox 1692 1683 1838 1738; x_wconf 85' lang='lat' dir='ltr'>meditatus</span> 
     </span>
     <span class='ocr_line' id='line_1_18' title="bbox 191 1766 1839 1841; baseline -0.002 -12"><span class='ocrx_word' id='word_1_238' title='bbox 191 1773 244 1829; x_wconf 85' lang='lat' dir='ltr'>tria</span> <span class='ocrx_word' id='word_1_239' title='bbox 257 1788 342 1827; x_wconf 90' lang='lat' dir='ltr'>unum</span> <span class='ocrx_word' id='word_1_240' title='bbox 357 1778 428 1839; x_wconf 90' lang='lat' dir='ltr'>sunt,</span> <span class='ocrx_word' id='word_1_241' title='bbox 447 1776 474 1826; x_wconf 90' lang='lat' dir='ltr'>et</span> <span class='ocrx_word' id='word_1_242' title='bbox 487 1769 627 1825; x_wconf 90' lang='lat' dir='ltr'>individua</span> <span class='ocrx_word' id='word_1_243' title='bbox 648 1778 766 1834; x_wconf 86' lang='lat' dir='ltr'>manent,</span> <span class='ocrx_word' id='word_1_244' title='bbox 795 1767 916 1837; x_wconf 87' lang='lat' dir='ltr'>nihilque</span> <span class='ocrx_word' id='word_1_245' title='bbox 940 1781 990 1820; x_wconf 87' lang='lat' dir='ltr'>eo·</span> <span class='ocrx_word' id='word_1_246' title='bbox 1038 1766 1162 1823; x_wconf 88' lang='lat' dir='ltr'>inissem.</span> <span class='ocrx_word' id='word_1_247' title='bbox 1180 1770 1233 1824; x_wconf 90' lang='lat' dir='ltr'>Sed</span> <span class='ocrx_word' id='word_1_248' title='bbox 1249 1770 1353 1841; x_wconf 91' lang='lat' dir='ltr'>quiain</span> <span class='ocrx_word' id='word_1_249' title='bbox 1369 1770 1481 1825; x_wconf 89' lang='lat' dir='ltr'>articulo</span> <span class='ocrx_word' id='word_1_250' title='bbox 1493 1772 1550 1839; x_wconf 87' lang='lat' dir='ltr'>jam</span> <span class='ocrx_word' id='word_1_251' title='bbox 1570 1770 1747 1841; x_wconf 76' lang='lat' dir='ltr'>profectionis</span> <span class='ocrx_word' id='word_1_252' title='bbox 1761 1772 1839 1826; x_wconf 86' lang='lat' dir='ltr'>missi</span> 
     </span>
     <span class='ocr_line' id='line_1_19' title="bbox 193 1853 1837 1929; baseline -0.002 -11"><span class='ocrx_word' id='word_1_253' title='bbox 193 1877 253 1919; x_wconf 84' lang='lat' dir='ltr'>rom</span> <span class='ocrx_word' id='word_1_254' title='bbox 267 1877 283 1916; x_wconf 89' lang='lat' dir='ltr'>a</span> <span class='ocrx_word' id='word_1_255' title='bbox 296 1861 339 1916; x_wconf 84' lang='lat' dir='ltr'>sui</span> <span class='ocrx_word' id='word_1_256' title='bbox 352 1858 522 1916; x_wconf 87' lang='lat' dir='ltr'>connexione</span> <span class='ocrx_word' id='word_1_257' title='bbox 538 1856 698 1928; x_wconf 76' lang='lat' dir='ltr'>sejungitur,</span> <span class='ocrx_word' id='word_1_258' title='bbox 725 1856 759 1910; x_wconf 90' lang='lat' dir='ltr'>Et</span> <span class='ocrx_word' id='word_1_259' title='bbox 782 1856 834 1911; x_wconf 88' lang='lat' dir='ltr'>hac</span> <span class='ocrx_word' id='word_1_260' title='bbox 857 1853 910 1908; x_wconf 82' lang='lat' dir='ltr'>lide</span> <span class='ocrx_word' id='word_1_261' title='bbox 925 1853 991 1908; x_wconf 89' lang='lat' dir='ltr'>vivit</span> <span class='ocrx_word' id='word_1_262' title='bbox 1039 1858 1135 1927; x_wconf 86' lang='lat' dir='ltr'>nostri,</span> <span class='ocrx_word' id='word_1_263' title='bbox 1152 1874 1233 1928; x_wconf 90' lang='lat' dir='ltr'>quem</span> <span class='ocrx_word' id='word_1_264' title='bbox 1249 1859 1283 1913; x_wconf 87' lang='lat' dir='ltr'>ed</span> <span class='ocrx_word' id='word_1_265' title='bbox 1299 1874 1347 1913; x_wconf 86' lang='lat' dir='ltr'>vos</span> <span class='ocrx_word' id='word_1_266' title='bbox 1361 1858 1524 1929; x_wconf 80' lang='lat' dir='ltr'>dirigebam,</span> <span class='ocrx_word' id='word_1_267' title='bbox 1542 1860 1690 1922; x_wconf 80' lang='lat' dir='ltr'>nuntiatum</span> <span class='ocrx_word' id='word_1_268' title='bbox 1706 1867 1747 1915; x_wconf 90' lang='lat' dir='ltr'>est</span> <span class='ocrx_word' id='word_1_269' title='bbox 1760 1859 1837 1923; x_wconf 86' lang='lat' dir='ltr'>mibi,</span> 
     </span>
     <span class='ocr_line' id='line_1_20' title="bbox 192 1944 1839 2022; baseline -0.002 -16"><span class='ocrx_word' id='word_1_270' title='bbox 192 1958 219 2007; x_wconf 89' lang='lat' dir='ltr'>et</span> <span class='ocrx_word' id='word_1_271' title='bbox 232 1948 339 2022; x_wconf 90' lang='lat' dir='ltr'>prolicit</span> <span class='ocrx_word' id='word_1_272' title='bbox 353 1947 486 2005; x_wconf 87' lang='lat' dir='ltr'>catholica</span> <span class='ocrx_word' id='word_1_273' title='bbox 500 1947 633 2011; x_wconf 87' lang='lat' dir='ltr'>Ecclesia,</span> <span class='ocrx_word' id='word_1_274' title='bbox 644 1945 773 1999; x_wconf 85' lang='lat' dir='ltr'>mundata</span> <span class='ocrx_word' id='word_1_275' title='bbox 788 1944 901 1998; x_wconf 90' lang='lat' dir='ltr'>lavacro</span> <span class='ocrx_word' id='word_1_276' title='bbox 913 1957 991 2013; x_wconf 78' lang='lat' dir='ltr'>aquae</span> <span class='ocrx_word' id='word_1_277' title='bbox 1040 1945 1134 2000; x_wconf 89' lang='lat' dir='ltr'>habitu</span> <span class='ocrx_word' id='word_1_278' title='bbox 1159 1947 1345 2002; x_wconf 89' lang='lat' dir='ltr'>tantummodo</span> <span class='ocrx_word' id='word_1_279' title='bbox 1369 1950 1533 2003; x_wconf 85' lang='lat' dir='ltr'>monachum</span> <span class='ocrx_word' id='word_1_280' title='bbox 1554 1957 1692 2017; x_wconf 89' lang='lat' dir='ltr'>nostmm,</span> <span class='ocrx_word' id='word_1_281' title='bbox 1715 1949 1839 2018; x_wconf 87' lang='lat' dir='ltr'>ejusdem</span> 
     </span>
     <span class='ocr_line' id='line_1_21' title="bbox 191 2031 1838 2110; baseline 0 -18"><span class='ocrx_word' id='word_1_282' title='bbox 191 2039 220 2096; x_wconf 87' lang='lat' dir='ltr'>in</span> <span class='ocrx_word' id='word_1_283' title='bbox 235 2039 330 2104; x_wconf 85' lang='lat' dir='ltr'>verbo,</span> <span class='ocrx_word' id='word_1_284' title='bbox 356 2036 483 2108; x_wconf 89' lang='lat' dir='ltr'>quoniam</span> <span class='ocrx_word' id='word_1_285' title='bbox 504 2041 613 2091; x_wconf 89' lang='lat' dir='ltr'>nonest</span> <span class='ocrx_word' id='word_1_286' title='bbox 629 2050 722 2099; x_wconf 89' lang='lat' dir='ltr'>unum,</span> <span class='ocrx_word' id='word_1_287' title='bbox 749 2042 775 2087; x_wconf 88' lang='lat' dir='ltr'>et</span> <span class='ocrx_word' id='word_1_288' title='bbox 799 2032 916 2086; x_wconf 79' lang='lat' dir='ltr'>salutare</span> <span class='ocrx_word' id='word_1_289' title='bbox 941 2031 990 2084; x_wconf 77' lang='lat' dir='ltr'>ba·</span> <span class='ocrx_word' id='word_1_290' title='bbox 1041 2034 1216 2090; x_wconf 88' lang='lat' dir='ltr'>Gothoscalci</span> <span class='ocrx_word' id='word_1_291' title='bbox 1230 2035 1400 2106; x_wconf 88' lang='lat' dir='ltr'>complicem,</span> <span class='ocrx_word' id='word_1_292' title='bbox 1418 2037 1445 2090; x_wconf 91' lang='lat' dir='ltr'>in</span> <span class='ocrx_word' id='word_1_293' title='bbox 1458 2045 1550 2107; x_wconf 87' lang='lat' dir='ltr'>partes</span> <span class='ocrx_word' id='word_1_294' title='bbox 1572 2037 1655 2092; x_wconf 83' lang='lat' dir='ltr'>ltuliae</span> <span class='ocrx_word' id='word_1_295' title='bbox 1675 2053 1728 2109; x_wconf 92' lang='lat' dir='ltr'>quo</span> <span class='ocrx_word' id='word_1_296' title='bbox 1742 2037 1838 2110; x_wconf 88' lang='lat' dir='ltr'>pergi·</span> 
     </span>
     <span class='ocr_line' id='line_1_22' title="bbox 192 2107 1840 2201; baseline -0.002 -17"><span class='ocrx_word' id='word_1_297' title='bbox 192 2127 300 2201; x_wconf 85' lang='lat' dir='ltr'>plisma,</span> <span class='ocrx_word' id='word_1_298' title='bbox 316 2126 390 2199; x_wconf 90' lang='lat' dir='ltr'>quod</span> <span class='ocrx_word' id='word_1_299' title='bbox 403 2125 431 2179; x_wconf 91' lang='lat' dir='ltr'>in</span> <span class='ocrx_word' id='word_1_300' title='bbox 446 2125 541 2179; x_wconf 90' lang='lat' dir='ltr'>eadem</span> <span class='ocrx_word' id='word_1_301' title='bbox 561 2123 694 2179; x_wconf 86' lang='lat' dir='ltr'>catholica</span> <span class='ocrx_word' id='word_1_302' title='bbox 719 2121 871 2177; x_wconf 89' lang='lat' dir='ltr'>celebratur</span> <span class='ocrx_word' id='word_1_303' title='bbox 891 2119 990 2174; x_wconf 89' lang='lat' dir='ltr'>Eccle-</span> <span class='ocrx_word' id='word_1_304' title='bbox 1016 2107 1028 2123; x_wconf 56' lang='lat'>²</span> <span class='ocrx_word' id='word_1_305' title='bbox 1041 2123 1085 2192; x_wconf 90' lang='lat' dir='ltr'>tis,</span> <span class='ocrx_word' id='word_1_306' title='bbox 1101 2140 1161 2179; x_wconf 87' lang='lat' dir='ltr'>cunr</span> <span class='ocrx_word' id='word_1_307' title='bbox 1176 2124 1219 2177; x_wconf 92' lang='lat' dir='ltr'>his</span> <span class='ocrx_word' id='word_1_308' title='bbox 1235 2141 1295 2195; x_wconf 76' lang='lat' dir='ltr'>quer</span> <span class='ocrx_word' id='word_1_309' title='bbox 1309 2123 1394 2179; x_wconf 89' lang='lat' dir='ltr'>iurari</span> <span class='ocrx_word' id='word_1_310' title='bbox 1409 2126 1444 2180; x_wconf 91' lang='lat' dir='ltr'>de</span> <span class='ocrx_word' id='word_1_311' title='bbox 1461 2126 1624 2180; x_wconf 86' lang='lat' dir='ltr'>monasterio</span> <span class='ocrx_word' id='word_1_312' title='bbox 1648 2126 1736 2197; x_wconf 93' lang='lat' dir='ltr'>potuit</span> <span class='ocrx_word' id='word_1_313' title='bbox 1759 2124 1840 2181; x_wconf 87' lang='lat' dir='ltr'>auiu-</span> 
     </span>
     <span class='ocr_line' id='line_1_23' title="bbox 194 2206 1840 2286; baseline -0.001 -14"><span class='ocrx_word' id='word_1_314' title='bbox 194 2217 246 2286; x_wconf 89' lang='lat' dir='ltr'>sia,</span> <span class='ocrx_word' id='word_1_315' title='bbox 261 2215 306 2271; x_wconf 85' lang='lat' dir='ltr'>vel</span> <span class='ocrx_word' id='word_1_316' title='bbox 320 2229 394 2286; x_wconf 86' lang='lat' dir='ltr'>equa</span> <span class='ocrx_word' id='word_1_317' title='bbox 409 2213 467 2269; x_wconf 86' lang='lat' dir='ltr'>sine</span> <span class='ocrx_word' id='word_1_318' title='bbox 482 2211 754 2277; x_wconf 85' lang='lat' dir='ltr'>verbo,velvorbum</span> <span class='ocrx_word' id='word_1_319' title='bbox 768 2209 925 2279; x_wconf 85' lang='lat' dir='ltr'>sineaqna;</span> <span class='ocrx_word' id='word_1_320' title='bbox 942 2206 991 2262; x_wconf 83' lang='lat' dir='ltr'>sed</span> <span class='ocrx_word' id='word_1_321' title='bbox 1041 2212 1126 2284; x_wconf 82' lang='lat' dir='ltr'>gissa,</span> <span class='ocrx_word' id='word_1_322' title='bbox 1152 2213 1337 2267; x_wconf 86' lang='lat' dir='ltr'>necessarium</span> <span class='ocrx_word' id='word_1_323' title='bbox 1362 2214 1436 2276; x_wconf 84' lang='lat' dir='ltr'>duxi,</span> <span class='ocrx_word' id='word_1_324' title='bbox 1459 2214 1545 2269; x_wconf 87' lang='lat' dir='ltr'>accito</span> <span class='ocrx_word' id='word_1_325' title='bbox 1568 2214 1689 2280; x_wconf 88' lang='lat' dir='ltr'>notario,</span> <span class='ocrx_word' id='word_1_326' title='bbox 1713 2213 1757 2271; x_wconf 89' lang='lat' dir='ltr'>vel</span> <span class='ocrx_word' id='word_1_327' title='bbox 1781 2215 1840 2270; x_wconf 77' lang='lat' dir='ltr'>hac</span> 
     </span>
     <span class='ocr_line' id='line_1_24' title="bbox 194 2296 1841 2376; baseline -0.009 -14"><span class='ocrx_word' id='word_1_328' title='bbox 194 2321 256 2362; x_wconf 77' lang='lat' dir='ltr'>oum</span> <span class='ocrx_word' id='word_1_329' title='bbox 270 2303 376 2360; x_wconf 86' lang='lat' dir='ltr'>accedit</span> <span class='ocrx_word' id='word_1_330' title='bbox 389 2302 502 2358; x_wconf 69' lang='lat' dir='ltr'>verbum</span> <span class='ocrx_word' id='word_1_331' title='bbox 516 2301 551 2355; x_wconf 90' lang='lat' dir='ltr'>ad</span> <span class='ocrx_word' id='word_1_332' title='bbox 567 2300 741 2365; x_wconf 79' lang='lat' dir='ltr'>elemenlum,</span> <span class='ocrx_word' id='word_1_333' title='bbox 764 2296 879 2352; x_wconf 74' lang='lat' dir='ltr'>efficitur</span> <span class='ocrx_word' id='word_1_334' title='bbox 900 2312 991 2351; x_wconf 81' lang='lat' dir='ltr'>sacra·</span> <span class='ocrx_word' id='word_1_335' title='bbox 1041 2317 1125 2372; x_wconf 78' lang='lat' dir='ltr'>parva</span> <span class='ocrx_word' id='word_1_336' title='bbox 1139 2309 1165 2355; x_wconf 80' lang='lat' dir='ltr'>et</span> <span class='ocrx_word' id='word_1_337' title='bbox 1181 2301 1352 2356; x_wconf 76' lang='lat' dir='ltr'>tumultuario</span> <span class='ocrx_word' id='word_1_338' title='bbox 1365 2318 1491 2357; x_wconf 75' lang='lat' dir='ltr'>sermone</span> <span class='ocrx_word' id='word_1_339' title='bbox 1507 2319 1567 2374; x_wconf 76' lang='lat' dir='ltr'>quae</span> <span class='ocrx_word' id='word_1_340' title='bbox 1582 2303 1712 2358; x_wconf 75' lang='lat' dir='ltr'>mensori</span> <span class='ocrx_word' id='word_1_341' title='bbox 1726 2318 1841 2376; x_wconf 75' lang='lat' dir='ltr'>sugges.</span> 
     </span>
     <span class='ocr_line' id='line_1_25' title="bbox 194 2385 1840 2462; baseline -0.002 -12"><span class='ocrx_word' id='word_1_342' title='bbox 194 2401 325 2459; x_wconf 87' lang='lat' dir='ltr'>mentum,</span> <span class='ocrx_word' id='word_1_343' title='bbox 351 2390 447 2462; x_wconf 89' lang='lat' dir='ltr'>spiritu</span> <span class='ocrx_word' id='word_1_344' title='bbox 472 2390 518 2461; x_wconf 91' lang='lat' dir='ltr'>qui</span> <span class='ocrx_word' id='word_1_345' title='bbox 543 2389 571 2442; x_wconf 92' lang='lat' dir='ltr'>in</span> <span class='ocrx_word' id='word_1_346' title='bbox 596 2387 729 2459; x_wconf 91' lang='lat' dir='ltr'>principio</span> <span class='ocrx_word' id='word_1_347' title='bbox 751 2385 888 2441; x_wconf 84' lang='lat' dir='ltr'>serebatur</span> <span class='ocrx_word' id='word_1_348' title='bbox 912 2399 993 2453; x_wconf 89' lang='lat' dir='ltr'>super</span> <span class='ocrx_word' id='word_1_349' title='bbox 1042 2388 1076 2443; x_wconf 88' lang='lat' dir='ltr'>sit</span> <span class='ocrx_word' id='word_1_350' title='bbox 1091 2389 1200 2456; x_wconf 90' lang='lat' dir='ltr'>emissa,</span> <span class='ocrx_word' id='word_1_351' title='bbox 1224 2398 1323 2444; x_wconf 85' lang='lat' dir='ltr'>vestrae</span> <span class='ocrx_word' id='word_1_352' title='bbox 1346 2390 1485 2461; x_wconf 80' lang='lat' dir='ltr'>sapientire</span> <span class='ocrx_word' id='word_1_353' title='bbox 1508 2391 1651 2458; x_wconf 87' lang='lat' dir='ltr'>intimare;</span> <span class='ocrx_word' id='word_1_354' title='bbox 1675 2398 1704 2446; x_wconf 91' lang='lat' dir='ltr'>ut</span> <span class='ocrx_word' id='word_1_355' title='bbox 1723 2391 1746 2445; x_wconf 94' lang='lat' dir='ltr'>si</span> <span class='ocrx_word' id='word_1_356' title='bbox 1769 2390 1840 2448; x_wconf 84' lang='lat' dir='ltr'>[orte</span> 
     </span>
     <span class='ocr_line' id='line_1_26' title="bbox 130 2466 1840 2555; baseline -0.002 -17"><span class='ocrx_word' id='word_1_357' title='bbox 130 2466 138 2481; x_wconf 77' lang='grc'><strong>’</strong></span> <span class='ocrx_word' id='word_1_358' title='bbox 195 2497 280 2555; x_wconf 84' lang='lat' dir='ltr'>aquas</span> <span class='ocrx_word' id='word_1_359' title='bbox 295 2478 501 2544; x_wconf 85' lang='lat' dir='ltr'>sanctificatum,</span> <span class='ocrx_word' id='word_1_360' title='bbox 518 2477 591 2548; x_wconf 91' lang='lat' dir='ltr'>quod</span> <span class='ocrx_word' id='word_1_361' title='bbox 606 2492 660 2530; x_wconf 82' lang='lat' dir='ltr'>uiro</span> <span class='ocrx_word' id='word_1_362' title='bbox 675 2475 788 2529; x_wconf 90' lang='lat' dir='ltr'>militum</span> <span class='ocrx_word' id='word_1_363' title='bbox 808 2473 905 2528; x_wconf 88' lang='lat' dir='ltr'>lancea</span> <span class='ocrx_word' id='word_1_364' title='bbox 923 2487 992 2542; x_wconf 86' lang='lat' dir='ltr'>ape·</span> <span class='ocrx_word' id='word_1_365' title='bbox 1041 2476 1129 2531; x_wconf 89' lang='lat' dir='ltr'>isdem</span> <span class='ocrx_word' id='word_1_366' title='bbox 1144 2475 1258 2548; x_wconf 89' lang='lat' dir='ltr'>postiier</span> <span class='ocrx_word' id='word_1_367' title='bbox 1271 2477 1299 2531; x_wconf 93' lang='lat' dir='ltr'>in</span> <span class='ocrx_word' id='word_1_368' title='bbox 1316 2478 1369 2532; x_wconf 91' lang='lat' dir='ltr'>illis</span> <span class='ocrx_word' id='word_1_369' title='bbox 1383 2478 1507 2547; x_wconf 89' lang='lat' dir='ltr'>partibus</span> <span class='ocrx_word' id='word_1_370' title='bbox 1531 2479 1564 2533; x_wconf 89' lang='lat' dir='ltr'>do</span> <span class='ocrx_word' id='word_1_371' title='bbox 1589 2479 1690 2533; x_wconf 89' lang='lat' dir='ltr'>zizania</span> <span class='ocrx_word' id='word_1_372' title='bbox 1715 2479 1840 2550; x_wconf 82' lang='lat' dir='ltr'>magistri</span> 
     </span>
     <span class='ocr_line' id='line_1_27' title="bbox 195 2559 1840 2639; baseline -0.004 -12"><span class='ocrx_word' id='word_1_373' title='bbox 195 2571 283 2628; x_wconf 88' lang='lat' dir='ltr'>rieutc</span> <span class='ocrx_word' id='word_1_374' title='bbox 296 2569 367 2625; x_wconf 86' lang='lat' dir='ltr'>latus</span> <span class='ocrx_word' id='word_1_375' title='bbox 383 2567 482 2623; x_wconf 86' lang='lat' dir='ltr'>Christi</span> <span class='ocrx_word' id='word_1_376' title='bbox 496 2565 523 2619; x_wconf 94' lang='lat' dir='ltr'>in</span> <span class='ocrx_word' id='word_1_377' title='bbox 539 2580 630 2632; x_wconf 91' lang='lat' dir='ltr'>cruce,</span> <span class='ocrx_word' id='word_1_378' title='bbox 647 2563 776 2619; x_wconf 93' lang='lat' dir='ltr'>continuo</span> <span class='ocrx_word' id='word_1_379' title='bbox 791 2562 872 2617; x_wconf 87' lang='lat' dir='ltr'>exivit</span> <span class='ocrx_word' id='word_1_380' title='bbox 889 2559 923 2615; x_wconf 92' lang='lat' dir='ltr'>de</span> <span class='ocrx_word' id='word_1_381' title='bbox 945 2575 992 2615; x_wconf 88' lang='lat' dir='ltr'>se·</span> <span class='ocrx_word' id='word_1_382' title='bbox 1044 2565 1084 2619; x_wconf 92' lang='lat' dir='ltr'>sui</span> <span class='ocrx_word' id='word_1_383' title='bbox 1098 2565 1187 2636; x_wconf 91' lang='lat' dir='ltr'>aliqua</span> <span class='ocrx_word' id='word_1_384' title='bbox 1203 2565 1384 2632; x_wconf 82' lang='lat' dir='ltr'>seminaverit,</span> <span class='ocrx_word' id='word_1_385' title='bbox 1408 2574 1436 2622; x_wconf 92' lang='lat' dir='ltr'>ot</span> <span class='ocrx_word' id='word_1_386' title='bbox 1450 2582 1467 2621; x_wconf 89' lang='lat' dir='ltr'>a</span> <span class='ocrx_word' id='word_1_387' title='bbox 1482 2566 1643 2639; x_wconf 88' lang='lat' dir='ltr'>quibusdam</span> <span class='ocrx_word' id='word_1_388' title='bbox 1664 2567 1728 2622; x_wconf 92' lang='lat' dir='ltr'>inde</span> <span class='ocrx_word' id='word_1_389' title='bbox 1752 2567 1840 2622; x_wconf 90' lang='lat' dir='ltr'>inter-</span> 
     </span>
     <span class='ocr_line' id='line_1_28' title="bbox 193 2649 1842 2725; baseline -0.003 -10"><span class='ocrx_word' id='word_1_390' title='bbox 193 2667 271 2721; x_wconf 85' lang='lat' dir='ltr'>creto</span> <span class='ocrx_word' id='word_1_391' title='bbox 300 2657 401 2713; x_wconf 74' lang='lat' dir='ltr'>divinas</span> <span class='ocrx_word' id='word_1_392' title='bbox 427 2653 600 2710; x_wconf 87' lang='lat' dir='ltr'>humanitatis</span> <span class='ocrx_word' id='word_1_393' title='bbox 627 2661 652 2707; x_wconf 91' lang='lat' dir='ltr'>et</span> <span class='ocrx_word' id='word_1_394' title='bbox 682 2653 806 2706; x_wconf 74' lang='lat' dir='ltr'>humanas</span> <span class='ocrx_word' id='word_1_395' title='bbox 830 2649 991 2714; x_wconf 89' lang='lat' dir='ltr'>divinitatis,</span> <span class='ocrx_word' id='word_1_396' title='bbox 1043 2655 1132 2724; x_wconf 90' lang='lat' dir='ltr'>rogati</span> <span class='ocrx_word' id='word_1_397' title='bbox 1143 2653 1263 2722; x_wconf 72' lang='lat' dir='ltr'>fueritis,</span> <span class='ocrx_word' id='word_1_398' title='bbox 1279 2654 1402 2709; x_wconf 87' lang='lat' dir='ltr'>habeatis</span> <span class='ocrx_word' id='word_1_399' title='bbox 1427 2672 1487 2725; x_wconf 83' lang='lat' dir='ltr'>quae</span> <span class='ocrx_word' id='word_1_400' title='bbox 1510 2653 1564 2709; x_wconf 91' lang='lat' dir='ltr'>illis</span> <span class='ocrx_word' id='word_1_401' title='bbox 1583 2655 1618 2710; x_wconf 89' lang='lat' dir='ltr'>de</span> <span class='ocrx_word' id='word_1_402' title='bbox 1638 2655 1759 2711; x_wconf 89' lang='lat' dir='ltr'>doctrina</span> <span class='ocrx_word' id='word_1_403' title='bbox 1782 2657 1842 2724; x_wconf 70' lang='lat' dir='ltr'>eius</span> 
     </span>
     <span class='ocr_line' id='line_1_29' title="bbox 197 2739 1842 2818; baseline -0.005 -12"><span class='ocrx_word' id='word_1_404' title='bbox 197 2747 302 2806; x_wconf 84' lang='lat' dir='ltr'>scilicet</span> <span class='ocrx_word' id='word_1_405' title='bbox 322 2743 436 2818; x_wconf 72' lang='lat' dir='ltr'>sanguis</span> <span class='ocrx_word' id='word_1_406' title='bbox 460 2751 487 2798; x_wconf 75' lang='lat' dir='ltr'>el</span> <span class='ocrx_word' id='word_1_407' title='bbox 507 2758 588 2813; x_wconf 72' lang='lat' dir='ltr'>aqua,</span> <span class='ocrx_word' id='word_1_408' title='bbox 612 2741 685 2795; x_wconf 72' lang='lat' dir='ltr'>unde</span> <span class='ocrx_word' id='word_1_409' title='bbox 708 2739 815 2795; x_wconf 69' lang='lat' dir='ltr'>lavacro</span> <span class='ocrx_word' id='word_1_410' title='bbox 839 2739 946 2811; x_wconf 68' lang='lat' dir='ltr'>rigatur</span> <span class='ocrx_word' id='word_1_411' title='bbox 967 2744 995 2791; x_wconf 76' lang='lat' dir='ltr'>el</span> <span class='ocrx_word' id='word_1_412' title='bbox 1044 2751 1119 2797; x_wconf 88' lang='lat' dir='ltr'>certa</span> <span class='ocrx_word' id='word_1_413' title='bbox 1134 2743 1302 2813; x_wconf 88' lang='lat' dir='ltr'>respondere</span> <span class='ocrx_word' id='word_1_414' title='bbox 1317 2743 1437 2813; x_wconf 89' lang='lat' dir='ltr'>possitis,</span> <span class='ocrx_word' id='word_1_415' title='bbox 1455 2752 1481 2798; x_wconf 89' lang='lat' dir='ltr'>ct</span> <span class='ocrx_word' id='word_1_416' title='bbox 1495 2760 1529 2798; x_wconf 92' lang='lat' dir='ltr'>ne</span> <span class='ocrx_word' id='word_1_417' title='bbox 1544 2760 1593 2814; x_wconf 94' lang='lat' dir='ltr'>pro</span> <span class='ocrx_word' id='word_1_418' title='bbox 1608 2744 1700 2798; x_wconf 91' lang='lat' dir='ltr'>multis</span> <span class='ocrx_word' id='word_1_419' title='bbox 1714 2744 1842 2800; x_wconf 89' lang='lat' dir='ltr'>detentus</span> 
     </span>
     <span class='ocr_line' id='line_1_30' title="bbox 196 2824 1841 2909; baseline 0.001 -23"><span class='ocrx_word' id='word_1_420' title='bbox 196 2835 299 2909; x_wconf 82' lang='lat' dir='ltr'>popula</span> <span class='ocrx_word' id='word_1_421' title='bbox 313 2832 438 2890; x_wconf 86' lang='lat' dir='ltr'>Ecclesia</span> <span class='ocrx_word' id='word_1_422' title='bbox 452 2830 629 2894; x_wconf 90' lang='lat' dir='ltr'>credentium,</span> <span class='ocrx_word' id='word_1_423' title='bbox 642 2845 759 2900; x_wconf 90' lang='lat' dir='ltr'>quorum</span> <span class='ocrx_word' id='word_1_424' title='bbox 768 2827 854 2883; x_wconf 84' lang='lat' dir='ltr'>corda</span> <span class='ocrx_word' id='word_1_425' title='bbox 864 2824 917 2881; x_wconf 82' lang='lat' dir='ltr'>lide</span> <span class='ocrx_word' id='word_1_426' title='bbox 933 2841 994 2897; x_wconf 74' lang='lat' dir='ltr'>‹111ae</span> <span class='ocrx_word' id='word_1_427' title='bbox 1044 2831 1143 2886; x_wconf 91' lang='lat' dir='ltr'>missus</span> <span class='ocrx_word' id='word_1_428' title='bbox 1158 2839 1251 2887; x_wconf 90' lang='lat' dir='ltr'>noster</span> <span class='ocrx_word' id='word_1_429' title='bbox 1272 2839 1326 2885; x_wconf 90' lang='lat' dir='ltr'>tam</span> <span class='ocrx_word' id='word_1_430' title='bbox 1339 2832 1385 2886; x_wconf 91' lang='lat' dir='ltr'>diu</span> <span class='ocrx_word' id='word_1_431' title='bbox 1403 2832 1504 2887; x_wconf 89' lang='lat' dir='ltr'>morari</span> <span class='ocrx_word' id='word_1_432' title='bbox 1518 2841 1672 2904; x_wconf 86' lang='lat' dir='ltr'>cogeretur,</span> <span class='ocrx_word' id='word_1_433' title='bbox 1698 2840 1726 2888; x_wconf 90' lang='lat' dir='ltr'>ut</span> <span class='ocrx_word' id='word_1_434' title='bbox 1746 2833 1772 2889; x_wconf 93' lang='lat' dir='ltr'>ci</span> <span class='ocrx_word' id='word_1_435' title='bbox 1789 2849 1841 2888; x_wconf 88' lang='lat' dir='ltr'>ne-</span> 
     </span>
     <span class='ocr_line' id='line_1_31' title="bbox 198 2913 1493 2993; baseline -0.002 -15"><span class='ocrx_word' id='word_1_436' title='bbox 198 2925 277 2980; x_wconf 89' lang='lat' dir='ltr'>datur</span> <span class='ocrx_word' id='word_1_437' title='bbox 298 2937 347 2993; x_wconf 90' lang='lat' dir='ltr'>per</span> <span class='ocrx_word' id='word_1_438' title='bbox 369 2919 493 2991; x_wconf 89' lang='lat' dir='ltr'>spiritum</span> <span class='ocrx_word' id='word_1_439' title='bbox 516 2917 703 2990; x_wconf 82' lang='lat' dir='ltr'>purificantur,</span> <span class='ocrx_word' id='word_1_440' title='bbox 730 2916 830 2988; x_wconf 88' lang='lat' dir='ltr'>quique</span> <span class='ocrx_word' id='word_1_441' title='bbox 855 2930 903 2985; x_wconf 90' lang='lat' dir='ltr'>spe</span> <span class='ocrx_word' id='word_1_442' title='bbox 927 2913 994 2968; x_wconf 91' lang='lat' dir='ltr'>salvi</span> <span class='ocrx_word' id='word_1_443' title='bbox 1044 2935 1122 2975; x_wconf 77' lang='lat' dir='ltr'>cesse</span> <span class='ocrx_word' id='word_1_444' title='bbox 1136 2919 1205 2975; x_wconf 84' lang='lat' dir='ltr'>[oret</span> <span class='ocrx_word' id='word_1_445' title='bbox 1219 2934 1268 2975; x_wconf 88' lang='lat' dir='ltr'>vos</span> <span class='ocrx_word' id='word_1_446' title='bbox 1282 2918 1391 2991; x_wconf 88' lang='lat' dir='ltr'>longius</span> <span class='ocrx_word' id='word_1_447' title='bbox 1407 2921 1493 2991; x_wconf 91' lang='lat' dir='ltr'>sequi.</span> 
     </span>
     <span class='ocr_line' id='line_1_32' title="bbox 199 3003 995 3082; baseline -0.01 -17"><span class='ocrx_word' id='word_1_448' title='bbox 199 3008 277 3076; x_wconf 84' lang='lat' dir='ltr'>liunt,</span> <span class='ocrx_word' id='word_1_449' title='bbox 294 3009 428 3082; x_wconf 82' lang='lat' dir='ltr'>quonium</span> <span class='ocrx_word' id='word_1_450' title='bbox 440 3008 567 3064; x_wconf 59' lang='lat' dir='ltr'>obedias</span> <span class='ocrx_word' id='word_1_451' title='bbox 581 3007 632 3062; x_wconf 87' lang='lat' dir='ltr'>Dei</span> <span class='ocrx_word' id='word_1_452' title='bbox 644 3006 748 3076; x_wconf 74' lang='lat' dir='ltr'>diffuso</span> <span class='ocrx_word' id='word_1_453' title='bbox 763 3007 806 3060; x_wconf 86' lang='lat' dir='ltr'>esi</span> <span class='ocrx_word' id='word_1_454' title='bbox 820 3004 852 3059; x_wconf 87' lang='lat' dir='ltr'>iu</span> <span class='ocrx_word' id='word_1_455' title='bbox 866 3003 995 3059; x_wconf 81' lang='lat' dir='ltr'>cordibus</span> 
     </span>
     <span class='ocr_line' id='line_1_33' title="bbox 198 3064 1562 3170; baseline -0.011 -13"><span class='ocrx_word' id='word_1_456' title='bbox 198 3101 305 3158; x_wconf 69' lang='lat' dir='ltr'>nesbit</span> <span class='ocrx_word' id='word_1_457' title='bbox 325 3113 376 3170; x_wconf 85' lang='lat' dir='ltr'>per</span> <span class='ocrx_word' id='word_1_458' title='bbox 393 3096 533 3169; x_wconf 79' lang='lat' dir='ltr'>Spiritum</span> <span class='ocrx_word' id='word_1_459' title='bbox 546 3099 680 3151; x_wconf 84' lang='lat' dir='ltr'>saucium</span> <span class='ocrx_word' id='word_1_460' title='bbox 694 3095 742 3166; x_wconf 89' lang='lat' dir='ltr'>qui</span> <span class='ocrx_word' id='word_1_461' title='bbox 756 3094 840 3149; x_wconf 84' lang='lat' dir='ltr'>dotus</span> <span class='ocrx_word' id='word_1_462' title='bbox 859 3095 902 3148; x_wconf 87' lang='lat' dir='ltr'>esi</span> <span class='ocrx_word' id='word_1_463' title='bbox 915 3064 1030 3147; x_wconf 78' lang='lat' dir='ltr'>uobisG</span> <span class='ocrx_word' id='word_1_464' title='bbox 1324 3072 1494 3129; x_wconf 66' lang='lat' dir='ltr'>EPlSTOLA</span> <span class='ocrx_word' id='word_1_465' title='bbox 1512 3073 1562 3128; x_wconf 66' lang='lat' dir='ltr'>xl·</span> 
     </span>
     <span class='ocr_line' id='line_1_34' title="bbox 197 3180 1602 3260; baseline -0.006 -16"><span class='ocrx_word' id='word_1_466' title='bbox 197 3187 289 3260; x_wconf 79' lang='lat' dir='ltr'>(Rom.</span> <span class='ocrx_word' id='word_1_467' title='bbox 304 3202 333 3256; x_wconf 81' lang='lat' dir='ltr'>tt,</span> <span class='ocrx_word' id='word_1_468' title='bbox 350 3186 389 3257; x_wconf 82' lang='lat' dir='ltr'>b),</span> <span class='ocrx_word' id='word_1_469' title='bbox 406 3185 435 3240; x_wconf 90' lang='lat' dir='ltr'>in</span> <span class='ocrx_word' id='word_1_470' title='bbox 449 3200 503 3257; x_wconf 89' lang='lat' dir='ltr'>quo</span> <span class='ocrx_word' id='word_1_471' title='bbox 517 3184 660 3240; x_wconf 89' lang='lat' dir='ltr'>credentes</span> <span class='ocrx_word' id='word_1_472' title='bbox 676 3182 775 3255; x_wconf 88' lang='lat' dir='ltr'>signati</span> <span class='ocrx_word' id='word_1_473' title='bbox 791 3197 886 3235; x_wconf 91' lang='lat' dir='ltr'>sumus</span> <span class='ocrx_word' id='word_1_474' title='bbox 900 3180 994 3251; x_wconf 89' lang='lat' dir='ltr'>spiritu</span> <span class='ocrx_word' id='word_1_475' title='bbox 1285 3192 1322 3232; x_wconf 84' lang='lat' dir='ltr'>tto</span> <span class='ocrx_word' id='word_1_476' title='bbox 1341 3194 1482 3234; x_wconf 80' lang='lat' dir='ltr'>nrcounuu</span> <span class='ocrx_word' id='word_1_477' title='bbox 1501 3194 1602 3235; x_wconf 70' lang='lat' dir='ltr'>earu.</span> 
     </span>
    </p>
   </div>
   <div class='ocr_carea' id='block_1_3' title="bbox 198 3265 1843 3391">
    <p class='ocr_par' dir='ltr' id='par_1_3' title="bbox 198 3265 1843 3391">
     <span class='ocr_line' id='line_1_35' title="bbox 198 3265 1843 3391; baseline -0.004 -60"><span class='ocrx_word' id='word_1_478' title='bbox 198 3274 388 3350; x_wconf 85' lang='lat' dir='ltr'>promissionis</span> <span class='ocrx_word' id='word_1_479' title='bbox 403 3281 513 3330; x_wconf 76' lang='lat' dir='ltr'>sanctae.</span> <span class='ocrx_word' id='word_1_480' title='bbox 531 3274 565 3327; x_wconf 94' lang='lat' dir='ltr'>Et</span> <span class='ocrx_word' id='word_1_481' title='bbox 578 3272 652 3339; x_wconf 90' lang='lat' dir='ltr'>item,</span> <span class='ocrx_word' id='word_1_482' title='bbox 668 3271 765 3325; x_wconf 88' lang='lat' dir='ltr'>eodem</span> <span class='ocrx_word' id='word_1_483' title='bbox 789 3269 896 3324; x_wconf 90' lang='lat' dir='ltr'>dicento</span> <span class='ocrx_word' id='word_1_484' title='bbox 919 3271 995 3338; x_wconf 77' lang='lat' dir='ltr'>Apo·</span> <span class='ocrx_word' id='word_1_485' title='bbox 1045 3265 1200 3336; x_wconf 81' lang='lat' dir='ltr'>Respondet</span> <span class='ocrx_word' id='word_1_486' title='bbox 1214 3265 1414 3391; x_wconf 70' lang='lat' dir='ltr'>increpatoriis</span> <span class='ocrx_word' id='word_1_487' title='bbox 1430 3270 1490 3340; x_wconf 87' lang='lat' dir='ltr'>ejus</span> <span class='ocrx_word' id='word_1_488' title='bbox 1501 3269 1616 3334; x_wconf 84' lang='lat' dir='ltr'>litteris,</span> <span class='ocrx_word' id='word_1_489' title='bbox 1624 3284 1751 3342; x_wconf 77' lang='lat' dir='ltr'>perquer</span> <span class='ocrx_word' id='word_1_490' title='bbox 1766 3285 1796 3326; x_wconf 87' lang='lat' dir='ltr'>se</span> <span class='ocrx_word' id='word_1_491' title='bbox 1811 3270 1843 3326; x_wconf 85' lang='lat' dir='ltr'>de</span> 
     </span>
    </p>
   </div>
   <div class='ocr_carea' id='block_1_4' title="bbox 199 3336 1845 3619">
    <p class='ocr_par' dir='ltr' id='par_1_4' title="bbox 199 3336 1845 3619">
     <span class='ocr_line' id='line_1_36' title="bbox 200 3336 1845 3462; baseline -0.015 -42"><span class='ocrx_word' id='word_1_492' title='bbox 200 3364 271 3421; x_wconf 81' lang='lat' dir='ltr'>stolo</span> <span class='ocrx_word' id='word_1_493' title='bbox 286 3379 293 3419; x_wconf 90' lang='lat'>:</span> <span class='ocrx_word' id='word_1_494' title='bbox 309 3364 342 3419; x_wconf 83' lang='lat' dir='ltr'>ln</span> <span class='ocrx_word' id='word_1_495' title='bbox 356 3378 408 3435; x_wconf 91' lang='lat' dir='ltr'>que</span> <span class='ocrx_word' id='word_1_496' title='bbox 423 3362 530 3434; x_wconf 60' lang='lat' dir='ltr'>abacti</span> <span class='ocrx_word' id='word_1_497' title='bbox 550 3377 647 3417; x_wconf 72' lang='lat' dir='ltr'>suenus</span> <span class='ocrx_word' id='word_1_498' title='bbox 671 3360 704 3413; x_wconf 83' lang='lat' dir='ltr'>in</span> <span class='ocrx_word' id='word_1_499' title='bbox 728 3359 773 3413; x_wconf 89' lang='lat' dir='ltr'>dic</span> <span class='ocrx_word' id='word_1_500' title='bbox 796 3357 996 3428; x_wconf 84' lang='lat' dir='ltr'>redemptionis</span> <span class='ocrx_word' id='word_1_501' title='bbox 1083 3339 1196 3462; x_wconf 45' lang='grc' dir='ltr'>9ιῖῑοΞέ</span> <span class='ocrx_word' id='word_1_502' title='bbox 1207 3352 1245 3460; x_wconf 58' lang='lat' dir='ltr'>mi·</span> <span class='ocrx_word' id='word_1_503' title='bbox 1256 3336 1289 3391; x_wconf 70' lang='lat' dir='ltr'>dt&gt;</span> <span class='ocrx_word' id='word_1_504' title='bbox 1302 3353 1333 3461; x_wconf 51' lang='lat'>03</span> <span class='ocrx_word' id='word_1_505' title='bbox 1344 3342 1371 3391; x_wconf 64' lang='lat' dir='ltr'>ei</span> <span class='ocrx_word' id='word_1_506' title='bbox 1386 3337 1420 3392; x_wconf 69' lang='lat' dir='ltr'>de</span> <span class='ocrx_word' id='word_1_507' title='bbox 1435 3339 1548 3422; x_wconf 63' lang='lat' dir='ltr'>objeciia</span> <span class='ocrx_word' id='word_1_508' title='bbox 1564 3341 1594 3394; x_wconf 79' lang='lat' dir='ltr'>in</span> <span class='ocrx_word' id='word_1_509' title='bbox 1610 3355 1696 3423; x_wconf 71' lang='lat' dir='ltr'>cause</span> <span class='ocrx_word' id='word_1_510' title='bbox 1704 3340 1845 3422; x_wconf 71' lang='lat' dir='ltr'>Ebopiset</span> 
     </span>
     <span class='ocr_line' id='line_1_37' title="bbox 213 3408 1844 3552; baseline -0.018 -41"><span class='ocrx_word' id='word_1_511' title='bbox 213 3453 313 3526; x_wconf 75' lang='lat' dir='ltr'>Epiros.</span> <span class='ocrx_word' id='word_1_512' title='bbox 330 3466 369 3517; x_wconf 91' lang='lat' dir='ltr'>rv,</span> <span class='ocrx_word' id='word_1_513' title='bbox 386 3450 442 3522; x_wconf 85' lang='lat'>30),</span> <span class='ocrx_word' id='word_1_514' title='bbox 458 3449 486 3505; x_wconf 93' lang='lat' dir='ltr'>id</span> <span class='ocrx_word' id='word_1_515' title='bbox 500 3457 541 3504; x_wconf 88' lang='lat' dir='ltr'>est</span> <span class='ocrx_word' id='word_1_516' title='bbox 555 3449 583 3502; x_wconf 93' lang='lat' dir='ltr'>in</span> <span class='ocrx_word' id='word_1_517' title='bbox 597 3448 694 3502; x_wconf 88' lang='lat' dir='ltr'>eodem</span> <span class='ocrx_word' id='word_1_518' title='bbox 713 3453 882 3501; x_wconf 87' lang='lat' dir='ltr'>sacramento</span> <span class='ocrx_word' id='word_1_519' title='bbox 905 3444 995 3514; x_wconf 89' lang='lat' dir='ltr'>bapti·</span> <span class='ocrx_word' id='word_1_520' title='bbox 1083 3408 1844 3552; x_wconf 37' lang='lat' dir='ltr'>aas?salomwfsgfflfflelfflmmfflgffl</span> 
     </span>
     <span class='ocr_line' id='line_1_38' title="bbox 199 3533 1179 3619; baseline -0.012 -23"><span class='ocrx_word' id='word_1_521' title='bbox 199 3541 303 3607; x_wconf 83' lang='lat' dir='ltr'>amatis,</span> <span class='ocrx_word' id='word_1_522' title='bbox 320 3538 348 3594; x_wconf 90' lang='lat' dir='ltr'>iu</span> <span class='ocrx_word' id='word_1_523' title='bbox 363 3554 417 3611; x_wconf 92' lang='lat' dir='ltr'>quo</span> <span class='ocrx_word' id='word_1_524' title='bbox 432 3538 506 3593; x_wconf 90' lang='lat' dir='ltr'>nulla</span> <span class='ocrx_word' id='word_1_525' title='bbox 521 3545 563 3592; x_wconf 88' lang='lat' dir='ltr'>est</span> <span class='ocrx_word' id='word_1_526' title='bbox 572 3536 700 3593; x_wconf 88' lang='lat' dir='ltr'>discretio</span> <span class='ocrx_word' id='word_1_527' title='bbox 711 3542 878 3600; x_wconf 90' lang='lat' dir='ltr'>renatorum,</span> <span class='ocrx_word' id='word_1_528' title='bbox 891 3533 997 3588; x_wconf 89' lang='lat' dir='ltr'>dicente</span> <span class='ocrx_word' id='word_1_529' title='bbox 1082 3548 1179 3619; x_wconf 60' lang='lat' dir='ltr'>papir,</span> 
     </span>
    </p>
   </div>
   <div class='ocr_carea' id='block_1_5' title="bbox 200 3619 1858 5471">
    <p class='ocr_par' dir='ltr' id='par_1_5' title="bbox 200 3619 1858 5471">
     <span class='ocr_line' id='line_1_39' title="bbox 200 3619 1560 3701; baseline -0.008 -16"><span class='ocrx_word' id='word_1_530' title='bbox 200 3628 332 3701; x_wconf 74' lang='lat' dir='ltr'>Apostolo</span> <span class='ocrx_word' id='word_1_531' title='bbox 342 3644 348 3683; x_wconf 95' lang='lat'>:</span> <span class='ocrx_word' id='word_1_532' title='bbox 360 3628 523 3699; x_wconf 81' lang='lat' dir='ltr'>Quicunque</span> <span class='ocrx_word' id='word_1_533' title='bbox 538 3625 676 3697; x_wconf 78' lang='lat' dir='ltr'>baptizoti</span> <span class='ocrx_word' id='word_1_534' title='bbox 691 3625 826 3679; x_wconf 84' lang='lat' dir='ltr'>semusirs</span> <span class='ocrx_word' id='word_1_535' title='bbox 839 3623 998 3688; x_wconf 72' lang='lat' dir='ltr'>curtatum</span> <span class='ocrx_word' id='word_1_536' title='bbox 1332 3621 1411 3685; x_wconf 82' lang='lat' dir='ltr'>(apud</span> <span class='ocrx_word' id='word_1_537' title='bbox 1426 3619 1560 3687; x_wconf 88' lang='lat' dir='ltr'>eumdem.)</span> 
     </span>
     <span class='ocr_line' id='line_1_40' title="bbox 200 3711 1845 3790; baseline -0.006 1"><span class='ocrx_word' id='word_1_538' title='bbox 200 3711 998 3790; x_wconf 48' lang='lat' dir='ltr'>mallimbaptimiiiumitilli⁰⁷i²N¹=3i301²Quievi·</span> <span class='ocrx_word' id='word_1_539' title='bbox 1085 3719 1201 3775; x_wconf 88' lang='lat' dir='ltr'>Domino</span> <span class='ocrx_word' id='word_1_540' title='bbox 1230 3721 1400 3778; x_wconf 90' lang='lat' dir='ltr'>sanctissimo</span> <span class='ocrx_word' id='word_1_541' title='bbox 1428 3732 1455 3778; x_wconf 88' lang='lat' dir='ltr'>et</span> <span class='ocrx_word' id='word_1_542' title='bbox 1484 3723 1706 3780; x_wconf 88' lang='lat' dir='ltr'>reverentissimo</span> <span class='ocrx_word' id='word_1_543' title='bbox 1736 3727 1845 3782; x_wconf 87' lang='lat' dir='ltr'>Petrum</span> 
     </span>
     <span class='ocr_line' id='line_1_41' title="bbox 202 3799 1847 3884; baseline -0.01 -22"><span class='ocrx_word' id='word_1_544' title='bbox 202 3822 254 3880; x_wconf 88' lang='lat' dir='ltr'>que</span> <span class='ocrx_word' id='word_1_545' title='bbox 260 3809 291 3860; x_wconf 84' lang='lat' dir='ltr'>iu</span> <span class='ocrx_word' id='word_1_546' title='bbox 299 3804 408 3861; x_wconf 79' lang='lat' dir='ltr'>Christo</span> <span class='ocrx_word' id='word_1_547' title='bbox 414 3803 552 3874; x_wconf 82' lang='lat' dir='ltr'>baptisati</span> <span class='ocrx_word' id='word_1_548' title='bbox 558 3803 634 3866; x_wconf 86' lang='lat' dir='ltr'>estis,</span> <span class='ocrx_word' id='word_1_549' title='bbox 640 3802 783 3856; x_wconf 75' lang='lat' dir='ltr'>Christum</span> <span class='ocrx_word' id='word_1_550' title='bbox 789 3799 998 3855; x_wconf 79' lang='lat' dir='ltr'>induistisllon</span> <span class='ocrx_word' id='word_1_551' title='bbox 1049 3806 1121 3862; x_wconf 69' lang='lat' dir='ltr'>patri</span> <span class='ocrx_word' id='word_1_552' title='bbox 1135 3808 1419 3879; x_wconf 55' lang='lat' dir='ltr'>N100L3Qprjmaeag</span> <span class='ocrx_word' id='word_1_553' title='bbox 1435 3827 1548 3868; x_wconf 70' lang='lat' dir='ltr'><strong>summae</strong></span> <span class='ocrx_word' id='word_1_554' title='bbox 1562 3813 1636 3868; x_wconf 65' lang='lat' dir='ltr'>sedis</span> <span class='ocrx_word' id='word_1_555' title='bbox 1650 3813 1807 3884; x_wconf 57' lang='lat' dir='ltr'>„posqopcae</span> <span class='ocrx_word' id='word_1_556' title='bbox 1820 3821 1847 3871; x_wconf 63' lang='lat' dir='ltr'>eq</span> 
     </span>
     <span class='ocr_line' id='line_1_42' title="bbox 202 3887 1846 3965; baseline 0.002 -15"><span class='ocrx_word' id='word_1_557' title='bbox 202 3893 369 3951; x_wconf 76' lang='lat' dir='ltr'>estiudoeus</span> <span class='ocrx_word' id='word_1_558' title='bbox 379 3907 468 3963; x_wconf 80' lang='lat' dir='ltr'>neque</span> <span class='ocrx_word' id='word_1_559' title='bbox 477 3891 597 3957; x_wconf 73' lang='lat' dir='ltr'>Graecus,</span> <span class='ocrx_word' id='word_1_560' title='bbox 605 3906 663 3945; x_wconf 84' lang='lat' dir='ltr'>nou</span> <span class='ocrx_word' id='word_1_561' title='bbox 671 3893 814 3945; x_wconf 82' lang='lat' dir='ltr'>estseruus</span> <span class='ocrx_word' id='word_1_562' title='bbox 824 3887 998 3960; x_wconf 74' lang='lat' dir='ltr'>aequaliter,</span> <span class='ocrx_word' id='word_1_563' title='bbox 1049 3890 1212 3945; x_wconf 87' lang='lat' dir='ltr'>universalis</span> <span class='ocrx_word' id='word_1_564' title='bbox 1227 3892 1359 3948; x_wconf 76' lang='lat' dir='ltr'>Ecclesia</span> <span class='ocrx_word' id='word_1_565' title='bbox 1372 3910 1459 3965; x_wconf 80' lang='lat' dir='ltr'>papae,</span> <span class='ocrx_word' id='word_1_566' title='bbox 1481 3896 1656 3963; x_wconf 78' lang='lat' dir='ltr'>Hracunaus,</span> <span class='ocrx_word' id='word_1_567' title='bbox 1679 3897 1846 3954; x_wconf 87' lang='lat' dir='ltr'>Rbemorum</span> 
     </span>
     <span class='ocr_line' id='line_1_43' title="bbox 201 3979 1846 4057; baseline 0.002 -18"><span class='ocrx_word' id='word_1_568' title='bbox 201 3979 1001 4051; x_wconf 71' lang='lat' dir='ltr'>nonestmasculusnequesemiueemneseuimunumes·</span> <span class='ocrx_word' id='word_1_569' title='bbox 1051 3979 1206 4051; x_wconf 89' lang='lat' dir='ltr'>episcopus,</span> <span class='ocrx_word' id='word_1_570' title='bbox 1223 3988 1248 4034; x_wconf 91' lang='lat' dir='ltr'>et</span> <span class='ocrx_word' id='word_1_571' title='bbox 1264 3989 1360 4037; x_wconf 77' lang='lat' dir='ltr'>vestrae</span> <span class='ocrx_word' id='word_1_572' title='bbox 1374 3982 1552 4041; x_wconf 76' lang='lat' dir='ltr'>sanctissimae</span> <span class='ocrx_word' id='word_1_573' title='bbox 1575 3985 1745 4057; x_wconf 85' lang='lat' dir='ltr'>paternitatis</span> <span class='ocrx_word' id='word_1_574' title='bbox 1759 3986 1846 4044; x_wconf 88' lang='lat' dir='ltr'>devo-</span> 
     </span>
     <span class='ocr_line' id='line_1_44' title="bbox 206 4064 1313 4138; baseline -0.004 -11"><span class='ocrx_word' id='word_1_575' title='bbox 206 4071 284 4127; x_wconf 73' lang='lat' dir='ltr'>lisia</span> <span class='ocrx_word' id='word_1_576' title='bbox 294 4071 403 4127; x_wconf 79' lang='lat' dir='ltr'>cbristo</span> <span class='ocrx_word' id='word_1_577' title='bbox 418 4068 484 4124; x_wconf 76' lang='lat' dir='ltr'>lesu</span> <span class='ocrx_word' id='word_1_578' title='bbox 503 4067 577 4138; x_wconf 86' lang='lat' dir='ltr'>(Gal.</span> <span class='ocrx_word' id='word_1_579' title='bbox 588 4081 628 4132; x_wconf 92' lang='grc' dir='ltr'><strong>ιιι,</strong></span> <span class='ocrx_word' id='word_1_580' title='bbox 639 4064 696 4136; x_wconf 71' lang='lat' dir='ltr'>ut).</span> <span class='ocrx_word' id='word_1_581' title='bbox 714 4064 848 4135; x_wconf 86' lang='lat' dir='ltr'>Quoniam</span> <span class='ocrx_word' id='word_1_582' title='bbox 867 4080 936 4136; x_wconf 90' lang='lat' dir='ltr'>quos</span> <span class='ocrx_word' id='word_1_583' title='bbox 954 4071 1001 4118; x_wconf 90' lang='lat' dir='ltr'>aut</span> <span class='ocrx_word' id='word_1_584' title='bbox 1050 4067 1172 4122; x_wconf 89' lang='lat' dir='ltr'>tissimus</span> <span class='ocrx_word' id='word_1_585' title='bbox 1186 4065 1313 4135; x_wconf 89' lang='lat' dir='ltr'>iamulus,</span> 
     </span>
     <span class='ocr_line' id='line_1_45' title="bbox 205 4152 1849 4231; baseline -0.003 -15"><span class='ocrx_word' id='word_1_586' title='bbox 205 4154 758 4229; x_wconf 83' lang='lat' dir='ltr'>sexusiucorporc,autaetasdiscernitin</span> <span class='ocrx_word' id='word_1_587' title='bbox 769 4152 1002 4224; x_wconf 88' lang='lat' dir='ltr'>tempore,abim-</span> <span class='ocrx_word' id='word_1_588' title='bbox 1087 4154 1199 4211; x_wconf 86' lang='lat' dir='ltr'>Decimo</span> <span class='ocrx_word' id='word_1_589' title='bbox 1214 4157 1292 4212; x_wconf 90' lang='lat' dir='ltr'>tertio</span> <span class='ocrx_word' id='word_1_590' title='bbox 1307 4157 1423 4213; x_wconf 77' lang='lat' dir='ltr'>Kalend,</span> <span class='ocrx_word' id='word_1_591' title='bbox 1440 4159 1511 4215; x_wconf 86' lang='lat' dir='ltr'>lunii</span> <span class='ocrx_word' id='word_1_592' title='bbox 1526 4161 1667 4231; x_wconf 74' lang='lat' dir='ltr'>praesentis</span> <span class='ocrx_word' id='word_1_593' title='bbox 1676 4176 1715 4215; x_wconf 81' lang='lat' dir='ltr'>xv</span> <span class='ocrx_word' id='word_1_594' title='bbox 1724 4160 1849 4219; x_wconf 75' lang='lat' dir='ltr'>indictio·</span> 
     </span>
     <span class='ocr_line' id='line_1_46' title="bbox 204 4240 1848 4314; baseline 0.001 -10"><span class='ocrx_word' id='word_1_595' title='bbox 204 4247 341 4304; x_wconf 91' lang='lat' dir='ltr'>maculato</span> <span class='ocrx_word' id='word_1_596' title='bbox 356 4245 439 4301; x_wconf 91' lang='lat' dir='ltr'>divini</span> <span class='ocrx_word' id='word_1_597' title='bbox 456 4243 536 4300; x_wconf 84' lang='lat' dir='ltr'>sontis</span> <span class='ocrx_word' id='word_1_598' title='bbox 560 4252 639 4300; x_wconf 87' lang='lat' dir='ltr'>utero</span> <span class='ocrx_word' id='word_1_599' title='bbox 661 4260 756 4299; x_wconf 91' lang='lat' dir='ltr'>omnes</span> <span class='ocrx_word' id='word_1_600' title='bbox 780 4243 807 4296; x_wconf 92' lang='lat' dir='ltr'>in</span> <span class='ocrx_word' id='word_1_601' title='bbox 830 4257 912 4297; x_wconf 86' lang='lat' dir='ltr'>unam</span> <span class='ocrx_word' id='word_1_602' title='bbox 932 4240 1003 4310; x_wconf 86' lang='lat' dir='ltr'>parit</span> <span class='ocrx_word' id='word_1_603' title='bbox 1051 4243 1112 4310; x_wconf 93' lang='lat' dir='ltr'>nis,</span> <span class='ocrx_word' id='word_1_604' title='bbox 1135 4244 1278 4300; x_wconf 87' lang='lat' dir='ltr'>mandatus</span> <span class='ocrx_word' id='word_1_605' title='bbox 1299 4261 1314 4300; x_wconf 88' lang='lat' dir='ltr'>a</span> <span class='ocrx_word' id='word_1_606' title='bbox 1338 4247 1438 4303; x_wconf 91' lang='lat' dir='ltr'>domno</span> <span class='ocrx_word' id='word_1_607' title='bbox 1459 4258 1572 4314; x_wconf 91' lang='lat' dir='ltr'>nostro,</span> <span class='ocrx_word' id='word_1_608' title='bbox 1596 4249 1772 4306; x_wconf 91' lang='lat' dir='ltr'>devotissimo</span> <span class='ocrx_word' id='word_1_609' title='bbox 1793 4248 1848 4305; x_wconf 86' lang='lat' dir='ltr'>lilio</span> 
     </span>
     <span class='ocr_line' id='line_1_47' title="bbox 205 4329 1848 4412; baseline 0.001 -19"><span class='ocrx_word' id='word_1_610' title='bbox 205 4336 296 4412; x_wconf 83' lang='lat' dir='ltr'>gretia</span> <span class='ocrx_word' id='word_1_611' title='bbox 310 4343 395 4390; x_wconf 88' lang='lat' dir='ltr'>mater</span> <span class='ocrx_word' id='word_1_612' title='bbox 409 4333 558 4401; x_wconf 79' lang='lat' dir='ltr'>infantiam,</span> <span class='ocrx_word' id='word_1_613' title='bbox 582 4341 608 4388; x_wconf 91' lang='lat' dir='ltr'>et</span> <span class='ocrx_word' id='word_1_614' title='bbox 622 4342 733 4388; x_wconf 89' lang='lat' dir='ltr'>renatus</span> <span class='ocrx_word' id='word_1_615' title='bbox 757 4348 789 4386; x_wconf 87' lang='lat' dir='ltr'>ex</span> <span class='ocrx_word' id='word_1_616' title='bbox 811 4346 880 4401; x_wconf 89' lang='lat' dir='ltr'>aqna</span> <span class='ocrx_word' id='word_1_617' title='bbox 895 4340 922 4384; x_wconf 91' lang='lat' dir='ltr'>et</span> <span class='ocrx_word' id='word_1_618' title='bbox 936 4329 1000 4399; x_wconf 92' lang='lat' dir='ltr'>Spi-</span> <span class='ocrx_word' id='word_1_619' title='bbox 1052 4340 1152 4401; x_wconf 85' lang='lat' dir='ltr'>vestro,</span> <span class='ocrx_word' id='word_1_620' title='bbox 1170 4333 1269 4388; x_wconf 90' lang='lat' dir='ltr'>Carolo</span> <span class='ocrx_word' id='word_1_621' title='bbox 1283 4350 1350 4408; x_wconf 89' lang='lat' dir='ltr'>rege</span> <span class='ocrx_word' id='word_1_622' title='bbox 1364 4336 1496 4406; x_wconf 90' lang='lat' dir='ltr'>glorioso,</span> <span class='ocrx_word' id='word_1_623' title='bbox 1522 4337 1629 4392; x_wconf 85' lang='lat' dir='ltr'>ebriam</span> <span class='ocrx_word' id='word_1_624' title='bbox 1654 4337 1694 4393; x_wconf 93' lang='lat' dir='ltr'>illi</span> <span class='ocrx_word' id='word_1_625' title='bbox 1716 4339 1790 4394; x_wconf 90' lang='lat' dir='ltr'>eunti</span> <span class='ocrx_word' id='word_1_626' title='bbox 1813 4337 1848 4394; x_wconf 83' lang='lat' dir='ltr'>ad</span> 
     </span>
     <span class='ocr_line' id='line_1_48' title="bbox 205 4415 1848 4499; baseline -0.001 -18"><span class='ocrx_word' id='word_1_627' title='bbox 205 4425 269 4496; x_wconf 86' lang='lat' dir='ltr'>ritu,</span> <span class='ocrx_word' id='word_1_628' title='bbox 293 4438 348 4480; x_wconf 88' lang='lat' dir='ltr'>non</span> <span class='ocrx_word' id='word_1_629' title='bbox 368 4423 456 4479; x_wconf 90' lang='lat' dir='ltr'>solum</span> <span class='ocrx_word' id='word_1_630' title='bbox 485 4422 624 4494; x_wconf 87' lang='lat' dir='ltr'>spiritalis,</span> <span class='ocrx_word' id='word_1_631' title='bbox 650 4422 698 4476; x_wconf 90' lang='lat' dir='ltr'>sed</span> <span class='ocrx_word' id='word_1_632' title='bbox 723 4421 803 4475; x_wconf 90' lang='lat' dir='ltr'>otiam</span> <span class='ocrx_word' id='word_1_633' title='bbox 832 4415 1037 4476; x_wconf 89' lang='lat' dir='ltr'>invisibiliterD</span> <span class='ocrx_word' id='word_1_634' title='bbox 1053 4420 1218 4491; x_wconf 89' lang='lat' dir='ltr'>colloquium</span> <span class='ocrx_word' id='word_1_635' title='bbox 1242 4421 1332 4478; x_wconf 77' lang='lat' dir='ltr'>fratris</span> <span class='ocrx_word' id='word_1_636' title='bbox 1356 4423 1398 4479; x_wconf 91' lang='lat' dir='ltr'>sui</span> <span class='ocrx_word' id='word_1_637' title='bbox 1421 4425 1549 4481; x_wconf 81' lang='lat' dir='ltr'>ludovici</span> <span class='ocrx_word' id='word_1_638' title='bbox 1574 4427 1649 4499; x_wconf 87' lang='lat' dir='ltr'>regis</span> <span class='ocrx_word' id='word_1_639' title='bbox 1675 4426 1789 4497; x_wconf 81' lang='lat' dir='ltr'>gloriosi</span> <span class='ocrx_word' id='word_1_640' title='bbox 1815 4425 1848 4481; x_wconf 94' lang='lat' dir='ltr'>ad</span> 
     </span>
     <span class='ocr_line' id='line_1_49' title="bbox 205 4507 1849 4584; baseline 0.001 -15"><span class='ocrx_word' id='word_1_641' title='bbox 205 4514 236 4570; x_wconf 91' lang='lat' dir='ltr'>lit</span> <span class='ocrx_word' id='word_1_642' title='bbox 255 4514 376 4584; x_wconf 89' lang='lat' dir='ltr'>spiritus,</span> <span class='ocrx_word' id='word_1_643' title='bbox 400 4520 427 4567; x_wconf 90' lang='lat' dir='ltr'>et</span> <span class='ocrx_word' id='word_1_644' title='bbox 449 4528 500 4582; x_wconf 88' lang='lat' dir='ltr'>per</span> <span class='ocrx_word' id='word_1_645' title='bbox 521 4510 674 4581; x_wconf 90' lang='lat' dir='ltr'>adoptionis</span> <span class='ocrx_word' id='word_1_646' title='bbox 695 4508 809 4579; x_wconf 88' lang='lat' dir='ltr'>gratiam</span> <span class='ocrx_word' id='word_1_647' title='bbox 832 4507 883 4561; x_wconf 90' lang='lat' dir='ltr'>Dei</span> <span class='ocrx_word' id='word_1_648' title='bbox 907 4507 999 4576; x_wconf 85' lang='lat' dir='ltr'>Filius,</span> <span class='ocrx_word' id='word_1_649' title='bbox 1051 4508 1130 4563; x_wconf 84' lang='lat' dir='ltr'>bletis</span> <span class='ocrx_word' id='word_1_650' title='bbox 1146 4509 1292 4576; x_wconf 83' lang='lat' dir='ltr'>civitatem,</span> <span class='ocrx_word' id='word_1_651' title='bbox 1308 4527 1362 4582; x_wconf 90' lang='lat' dir='ltr'>quo</span> <span class='ocrx_word' id='word_1_652' title='bbox 1377 4528 1470 4568; x_wconf 88' lang='lat' dir='ltr'>secum</span> <span class='ocrx_word' id='word_1_653' title='bbox 1490 4529 1535 4568; x_wconf 89' lang='lat' dir='ltr'>me</span> <span class='ocrx_word' id='word_1_654' title='bbox 1553 4515 1640 4583; x_wconf 83' lang='lat' dir='ltr'>duxit,</span> <span class='ocrx_word' id='word_1_655' title='bbox 1664 4514 1698 4568; x_wconf 88' lang='lat' dir='ltr'>ad</span> <span class='ocrx_word' id='word_1_656' title='bbox 1719 4515 1849 4584; x_wconf 87' lang='lat' dir='ltr'>palatium</span> 
     </span>
     <span class='ocr_line' id='line_1_50' title="bbox 206 4594 1850 4673; baseline -0.001 -14"><span class='ocrx_word' id='word_1_657' title='bbox 206 4617 268 4660; x_wconf 88' lang='lat' dir='ltr'>cum</span> <span class='ocrx_word' id='word_1_658' title='bbox 282 4601 424 4657; x_wconf 81' lang='lat' dir='ltr'>visibiliter</span> <span class='ocrx_word' id='word_1_659' title='bbox 438 4599 591 4656; x_wconf 88' lang='lat' dir='ltr'>videntibus</span> <span class='ocrx_word' id='word_1_660' title='bbox 610 4605 741 4668; x_wconf 87' lang='lat' dir='ltr'>appareat</span> <span class='ocrx_word' id='word_1_661' title='bbox 766 4611 829 4651; x_wconf 89' lang='lat' dir='ltr'>cero</span> <span class='ocrx_word' id='word_1_662' title='bbox 845 4604 871 4651; x_wconf 87' lang='lat' dir='ltr'>et</span> <span class='ocrx_word' id='word_1_663' title='bbox 886 4594 1003 4650; x_wconf 85' lang='lat' dir='ltr'>bominis</span> <span class='ocrx_word' id='word_1_664' title='bbox 1053 4597 1111 4667; x_wconf 89' lang='lat' dir='ltr'>ejus</span> <span class='ocrx_word' id='word_1_665' title='bbox 1126 4596 1198 4669; x_wconf 91' lang='lat' dir='ltr'>quod</span> <span class='ocrx_word' id='word_1_666' title='bbox 1212 4598 1410 4655; x_wconf 86' lang='lat' dir='ltr'>Salmontiacus</span> <span class='ocrx_word' id='word_1_667' title='bbox 1425 4600 1523 4669; x_wconf 78' lang='lat' dir='ltr'>dicitur</span> <span class='ocrx_word' id='word_1_668' title='bbox 1537 4602 1565 4655; x_wconf 91' lang='lat' dir='ltr'>in</span> <span class='ocrx_word' id='word_1_669' title='bbox 1580 4602 1752 4658; x_wconf 83' lang='lat' dir='ltr'>landunensi</span> <span class='ocrx_word' id='word_1_670' title='bbox 1765 4618 1850 4673; x_wconf 89' lang='lat' dir='ltr'>paro·</span> 
     </span>
     <span class='ocr_line' id='line_1_51' title="bbox 207 4683 1851 4760; baseline 0.001 -15"><span class='ocrx_word' id='word_1_671' title='bbox 207 4689 290 4745; x_wconf 83' lang='lat' dir='ltr'>tilius.</span> <span class='ocrx_word' id='word_1_672' title='bbox 309 4690 410 4745; x_wconf 89' lang='lat' dir='ltr'>Contra</span> <span class='ocrx_word' id='word_1_673' title='bbox 434 4705 495 4760; x_wconf 83' lang='lat' dir='ltr'>quae</span> <span class='ocrx_word' id='word_1_674' title='bbox 515 4687 605 4744; x_wconf 92' lang='lat' dir='ltr'>omnia</span> <span class='ocrx_word' id='word_1_675' title='bbox 627 4685 711 4755; x_wconf 89' lang='lat' dir='ltr'>ipsius</span> <span class='ocrx_word' id='word_1_676' title='bbox 735 4684 815 4738; x_wconf 91' lang='lat' dir='ltr'>unius</span> <span class='ocrx_word' id='word_1_677' title='bbox 829 4683 1004 4755; x_wconf 86' lang='lat' dir='ltr'>ejusdemque</span> <span class='ocrx_word' id='word_1_678' title='bbox 1053 4686 1115 4741; x_wconf 89' lang='lat' dir='ltr'>chia</span> <span class='ocrx_word' id='word_1_679' title='bbox 1130 4686 1252 4753; x_wconf 90' lang='lat' dir='ltr'>veniens,</span> <span class='ocrx_word' id='word_1_680' title='bbox 1273 4696 1299 4742; x_wconf 92' lang='lat' dir='ltr'>et</span> <span class='ocrx_word' id='word_1_681' title='bbox 1314 4689 1462 4743; x_wconf 90' lang='lat' dir='ltr'>secundum</span> <span class='ocrx_word' id='word_1_682' title='bbox 1482 4690 1633 4758; x_wconf 85' lang='lat' dir='ltr'>jussionem</span> <span class='ocrx_word' id='word_1_683' title='bbox 1657 4690 1729 4746; x_wconf 90' lang='lat' dir='ltr'>illius</span> <span class='ocrx_word' id='word_1_684' title='bbox 1751 4690 1851 4748; x_wconf 84' lang='lat' dir='ltr'>iratres</span> 
     </span>
     <span class='ocr_line' id='line_1_52' title="bbox 208 4771 1853 4851; baseline 0.001 -18"><span class='ocrx_word' id='word_1_685' title='bbox 208 4778 378 4850; x_wconf 89' lang='lat' dir='ltr'>baptismatis</span> <span class='ocrx_word' id='word_1_686' title='bbox 409 4777 508 4832; x_wconf 86' lang='lat' dir='ltr'>veritas</span> <span class='ocrx_word' id='word_1_687' title='bbox 534 4777 585 4830; x_wconf 90' lang='lat' dir='ltr'>isto</span> <span class='ocrx_word' id='word_1_688' title='bbox 617 4771 841 4843; x_wconf 86' lang='lat' dir='ltr'>pestilentissimo</span> <span class='ocrx_word' id='word_1_689' title='bbox 875 4773 1004 4844; x_wconf 88' lang='lat' dir='ltr'>dogmate</span> <span class='ocrx_word' id='word_1_690' title='bbox 1054 4783 1163 4830; x_wconf 89' lang='lat' dir='ltr'>nostros</span> <span class='ocrx_word' id='word_1_691' title='bbox 1178 4775 1211 4829; x_wconf 91' lang='lat' dir='ltr'>do</span> <span class='ocrx_word' id='word_1_692' title='bbox 1228 4775 1334 4830; x_wconf 80' lang='lat' dir='ltr'>l&#39;ulfadi</span> <span class='ocrx_word' id='word_1_693' title='bbox 1352 4776 1469 4847; x_wconf 88' lang='lat' dir='ltr'>collegio</span> <span class='ocrx_word' id='word_1_694' title='bbox 1492 4794 1600 4833; x_wconf 90' lang='lat' dir='ltr'>mecum</span> <span class='ocrx_word' id='word_1_695' title='bbox 1624 4778 1802 4851; x_wconf 85' lang='lat' dir='ltr'>ducensque</span> <span class='ocrx_word' id='word_1_696' title='bbox 1827 4787 1853 4836; x_wconf 89' lang='lat' dir='ltr'>et</span> 
     </span>
     <span class='ocr_line' id='line_1_53' title="bbox 209 4860 1853 4938; baseline 0 -15"><span class='ocrx_word' id='word_1_697' title='bbox 209 4874 366 4935; x_wconf 86' lang='lat' dir='ltr'>evacuatur,</span> <span class='ocrx_word' id='word_1_698' title='bbox 386 4866 459 4938; x_wconf 89' lang='lat' dir='ltr'>quod</span> <span class='ocrx_word' id='word_1_699' title='bbox 482 4864 583 4920; x_wconf 89' lang='lat' dir='ltr'>nullam</span> <span class='ocrx_word' id='word_1_700' title='bbox 609 4860 784 4917; x_wconf 89' lang='lat' dir='ltr'>credentibus</span> <span class='ocrx_word' id='word_1_701' title='bbox 807 4877 883 4930; x_wconf 90' lang='lat' dir='ltr'>spem</span> <span class='ocrx_word' id='word_1_702' title='bbox 909 4860 1005 4915; x_wconf 92' lang='lat' dir='ltr'>salutis</span> <span class='ocrx_word' id='word_1_703' title='bbox 1054 4861 1151 4918; x_wconf 88' lang='lat' dir='ltr'>iratres</span> <span class='ocrx_word' id='word_1_704' title='bbox 1166 4879 1198 4918; x_wconf 89' lang='lat' dir='ltr'>ac</span> <span class='ocrx_word' id='word_1_705' title='bbox 1207 4864 1417 4919; x_wconf 83' lang='lat' dir='ltr'>consacerdotes</span> <span class='ocrx_word' id='word_1_706' title='bbox 1427 4866 1524 4933; x_wconf 87' lang='lat' dir='ltr'>nostri,</span> <span class='ocrx_word' id='word_1_707' title='bbox 1536 4867 1677 4922; x_wconf 79' lang='lat' dir='ltr'>liothadus</span> <span class='ocrx_word' id='word_1_708' title='bbox 1688 4868 1853 4923; x_wconf 89' lang='lat' dir='ltr'>Suessorum</span> 
     </span>
     <span class='ocr_line' id='line_1_54' title="bbox 210 4950 1854 5028; baseline -0.001 -16"><span class='ocrx_word' id='word_1_709' title='bbox 210 4955 346 5028; x_wconf 87' lang='lat' dir='ltr'>relinquit,</span> <span class='ocrx_word' id='word_1_710' title='bbox 363 4970 414 5011; x_wconf 91' lang='lat' dir='ltr'>nec</span> <span class='ocrx_word' id='word_1_711' title='bbox 429 4969 447 5009; x_wconf 86' lang='lat' dir='ltr'>a</span> <span class='ocrx_word' id='word_1_712' title='bbox 460 4967 514 5025; x_wconf 94' lang='lat' dir='ltr'>quo</span> <span class='ocrx_word' id='word_1_713' title='bbox 529 4951 672 5007; x_wconf 87' lang='lat' dir='ltr'>credentes</span> <span class='ocrx_word' id='word_1_714' title='bbox 687 4950 801 5004; x_wconf 90' lang='lat' dir='ltr'>salutem</span> <span class='ocrx_word' id='word_1_715' title='bbox 812 4964 924 5020; x_wconf 88' lang='lat' dir='ltr'>sperare</span> <span class='ocrx_word' id='word_1_716' title='bbox 938 4965 1005 5020; x_wconf 89' lang='lat' dir='ltr'>pos-</span> <span class='ocrx_word' id='word_1_717' title='bbox 1056 4951 1218 5022; x_wconf 87' lang='lat' dir='ltr'>episcopus,</span> <span class='ocrx_word' id='word_1_718' title='bbox 1249 4961 1276 5007; x_wconf 91' lang='lat' dir='ltr'>et</span> <span class='ocrx_word' id='word_1_719' title='bbox 1304 4952 1466 5008; x_wconf 85' lang='lat' dir='ltr'>llincmarus</span> <span class='ocrx_word' id='word_1_720' title='bbox 1491 4955 1679 5011; x_wconf 80' lang='lat' dir='ltr'>laudunensis</span> <span class='ocrx_word' id='word_1_721' title='bbox 1707 4956 1854 5027; x_wconf 90' lang='lat' dir='ltr'>episcopus</span> 
     </span>
     <span class='ocr_line' id='line_1_55' title="bbox 212 5038 1855 5114; baseline 0.001 -14"><span class='ocrx_word' id='word_1_722' title='bbox 212 5044 306 5112; x_wconf 89' lang='lat' dir='ltr'>aimus,</span> <span class='ocrx_word' id='word_1_723' title='bbox 322 5044 426 5100; x_wconf 86' lang='lat' dir='ltr'>faciens</span> <span class='ocrx_word' id='word_1_724' title='bbox 441 5042 528 5096; x_wconf 86' lang='lat' dir='ltr'>Deum</span> <span class='ocrx_word' id='word_1_725' title='bbox 542 5038 662 5110; x_wconf 91' lang='lat' dir='ltr'>iniquum</span> <span class='ocrx_word' id='word_1_726' title='bbox 679 5046 760 5109; x_wconf 90' lang='lat' dir='ltr'>atque</span> <span class='ocrx_word' id='word_1_727' title='bbox 783 5039 954 5103; x_wconf 89' lang='lat' dir='ltr'>mendacem,</span> <span class='ocrx_word' id='word_1_728' title='bbox 980 5046 1007 5093; x_wconf 90' lang='lat' dir='ltr'>et</span> <span class='ocrx_word' id='word_1_729' title='bbox 1056 5048 1258 5106; x_wconf 86' lang='lat' dir='ltr'>convenerunt,</span> <span class='ocrx_word' id='word_1_730' title='bbox 1294 5041 1472 5097; x_wconf 90' lang='lat' dir='ltr'>conveniente</span> <span class='ocrx_word' id='word_1_731' title='bbox 1503 5043 1585 5099; x_wconf 89' lang='lat' dir='ltr'>etiam</span> <span class='ocrx_word' id='word_1_732' title='bbox 1613 5041 1726 5114; x_wconf 88' lang='lat' dir='ltr'>praeiato</span> <span class='ocrx_word' id='word_1_733' title='bbox 1754 5044 1855 5101; x_wconf 89' lang='lat' dir='ltr'>dilecto</span> 
     </span>
     <span class='ocr_line' id='line_1_56' title="bbox 213 5126 1856 5207; baseline -0.002 -17"><span class='ocrx_word' id='word_1_734' title='bbox 213 5148 393 5207; x_wconf 90' lang='lat' dir='ltr'>personarum</span> <span class='ocrx_word' id='word_1_735' title='bbox 407 5136 589 5199; x_wconf 83' lang='lat' dir='ltr'>acceptorem,</span> <span class='ocrx_word' id='word_1_736' title='bbox 605 5127 726 5183; x_wconf 87' lang='lat' dir='ltr'>dimittit.</span> <span class='ocrx_word' id='word_1_737' title='bbox 750 5126 826 5197; x_wconf 85' lang='lat' dir='ltr'>Quae,</span> <span class='ocrx_word' id='word_1_738' title='bbox 843 5127 892 5181; x_wconf 92' lang='lat' dir='ltr'>sed</span> <span class='ocrx_word' id='word_1_739' title='bbox 906 5135 933 5182; x_wconf 90' lang='lat' dir='ltr'>et</span> <span class='ocrx_word' id='word_1_740' title='bbox 947 5126 1007 5182; x_wconf 85' lang='lat' dir='ltr'>aliae</span> <span class='ocrx_word' id='word_1_741' title='bbox 1058 5126 1139 5182; x_wconf 90' lang='lat' dir='ltr'>lratre</span> <span class='ocrx_word' id='word_1_742' title='bbox 1154 5135 1247 5182; x_wconf 89' lang='lat' dir='ltr'>nostro</span> <span class='ocrx_word' id='word_1_743' title='bbox 1262 5128 1388 5195; x_wconf 82' lang='lat' dir='ltr'>Vuliado,</span> <span class='ocrx_word' id='word_1_744' title='bbox 1405 5130 1508 5186; x_wconf 88' lang='lat' dir='ltr'>litteras</span> <span class='ocrx_word' id='word_1_745' title='bbox 1529 5132 1709 5187; x_wconf 72' lang='lat' dir='ltr'>sanctissimae</span> <span class='ocrx_word' id='word_1_746' title='bbox 1729 5133 1856 5203; x_wconf 86' lang='lat' dir='ltr'>paterni-</span> 
     </span>
     <span class='ocr_line' id='line_1_57' title="bbox 212 5215 1856 5296; baseline -0.002 -17"><span class='ocrx_word' id='word_1_747' title='bbox 212 5222 299 5296; x_wconf 92' lang='lat' dir='ltr'>ipsius</span> <span class='ocrx_word' id='word_1_748' title='bbox 313 5218 500 5290; x_wconf 74' lang='lat' dir='ltr'>blasphemia,</span> <span class='ocrx_word' id='word_1_749' title='bbox 517 5217 716 5288; x_wconf 87' lang='lat' dir='ltr'>Scripturarum</span> <span class='ocrx_word' id='word_1_750' title='bbox 732 5216 900 5284; x_wconf 89' lang='lat' dir='ltr'>auctoritate,</span> <span class='ocrx_word' id='word_1_751' title='bbox 918 5224 943 5271; x_wconf 91' lang='lat' dir='ltr'>et</span> <span class='ocrx_word' id='word_1_752' title='bbox 959 5230 1007 5272; x_wconf 90' lang='lat' dir='ltr'>ca·</span> <span class='ocrx_word' id='word_1_753' title='bbox 1057 5215 1148 5269; x_wconf 89' lang='lat' dir='ltr'>nitatis</span> <span class='ocrx_word' id='word_1_754' title='bbox 1164 5223 1188 5270; x_wconf 92' lang='lat' dir='ltr'>et</span> <span class='ocrx_word' id='word_1_755' title='bbox 1203 5217 1462 5286; x_wconf 63' lang='lat' dir='ltr'>praecellentissimae</span> <span class='ocrx_word' id='word_1_756' title='bbox 1473 5221 1639 5275; x_wconf 84' lang='lat' dir='ltr'>auctoritatis</span> <span class='ocrx_word' id='word_1_757' title='bbox 1650 5229 1747 5276; x_wconf 80' lang='lat' dir='ltr'>vestrm</span> <span class='ocrx_word' id='word_1_758' title='bbox 1762 5237 1856 5277; x_wconf 90' lang='lat' dir='ltr'>coram</span> 
     </span>
     <span class='ocr_line' id='line_1_58' title="bbox 212 5303 1857 5380; baseline -0.002 -12"><span class='ocrx_word' id='word_1_759' title='bbox 212 5311 376 5367; x_wconf 88' lang='lat' dir='ltr'>tholicomm</span> <span class='ocrx_word' id='word_1_760' title='bbox 391 5305 543 5373; x_wconf 89' lang='lat' dir='ltr'>traditione,</span> <span class='ocrx_word' id='word_1_761' title='bbox 560 5305 606 5376; x_wconf 91' lang='lat' dir='ltr'>qui</span> <span class='ocrx_word' id='word_1_762' title='bbox 628 5321 658 5360; x_wconf 89' lang='lat' dir='ltr'>se</span> <span class='ocrx_word' id='word_1_763' title='bbox 683 5305 710 5359; x_wconf 93' lang='lat' dir='ltr'>in</span> <span class='ocrx_word' id='word_1_764' title='bbox 732 5305 859 5376; x_wconf 89' lang='lat' dir='ltr'>loquente</span> <span class='ocrx_word' id='word_1_765' title='bbox 881 5304 1007 5372; x_wconf 87' lang='lat' dir='ltr'>Domine,</span> <span class='ocrx_word' id='word_1_766' title='bbox 1058 5303 1156 5359; x_wconf 90' lang='lat' dir='ltr'>eodem</span> <span class='ocrx_word' id='word_1_767' title='bbox 1170 5303 1271 5360; x_wconf 93' lang='lat' dir='ltr'>domno</span> <span class='ocrx_word' id='word_1_768' title='bbox 1285 5322 1351 5380; x_wconf 91' lang='lat' dir='ltr'>rege</span> <span class='ocrx_word' id='word_1_769' title='bbox 1364 5316 1391 5362; x_wconf 90' lang='lat' dir='ltr'>et</span> <span class='ocrx_word' id='word_1_770' title='bbox 1406 5308 1541 5378; x_wconf 77' lang='lat' dir='ltr'>praedictis</span> <span class='ocrx_word' id='word_1_771' title='bbox 1555 5308 1685 5363; x_wconf 86' lang='lat' dir='ltr'>iratribus</span> <span class='ocrx_word' id='word_1_772' title='bbox 1695 5310 1804 5378; x_wconf 89' lang='lat' dir='ltr'>nostris,</span> <span class='ocrx_word' id='word_1_773' title='bbox 1821 5310 1857 5365; x_wconf 88' lang='lat' dir='ltr'>ab</span> 
     </span>
     <span class='ocr_line' id='line_1_59' title="bbox 213 5391 1858 5471; baseline -0.002 -13"><span class='ocrx_word' id='word_1_774' title='bbox 213 5400 320 5471; x_wconf 70' lang='lat' dir='ltr'>scmus</span> <span class='ocrx_word' id='word_1_775' title='bbox 336 5396 403 5453; x_wconf 86' lang='lat' dir='ltr'>iaris</span> <span class='ocrx_word' id='word_1_776' title='bbox 417 5403 457 5452; x_wconf 88' lang='lat' dir='ltr'>est</span> <span class='ocrx_word' id='word_1_777' title='bbox 473 5393 603 5465; x_wconf 82' lang='lat' dir='ltr'>sapientia</span> <span class='ocrx_word' id='word_1_778' title='bbox 617 5400 645 5448; x_wconf 92' lang='lat' dir='ltr'>ct</span> <span class='ocrx_word' id='word_1_779' title='bbox 657 5393 819 5459; x_wconf 89' lang='lat' dir='ltr'>intellectus,</span> <span class='ocrx_word' id='word_1_780' title='bbox 842 5400 870 5449; x_wconf 88' lang='lat' dir='ltr'>et</span> <span class='ocrx_word' id='word_1_781' title='bbox 892 5393 938 5464; x_wconf 90' lang='lat' dir='ltr'>qui</span> <span class='ocrx_word' id='word_1_782' title='bbox 961 5392 1010 5448; x_wconf 91' lang='lat' dir='ltr'>do·</span> <span class='ocrx_word' id='word_1_783' title='bbox 1058 5391 1174 5465; x_wconf 86' lang='lat' dir='ltr'>Egilone</span> <span class='ocrx_word' id='word_1_784' title='bbox 1188 5395 1336 5450; x_wconf 88' lang='lat' dir='ltr'>venerabili</span> <span class='ocrx_word' id='word_1_785' title='bbox 1348 5396 1555 5468; x_wconf 84' lang='lat' dir='ltr'>archiepiscopo</span> <span class='ocrx_word' id='word_1_786' title='bbox 1566 5396 1700 5453; x_wconf 88' lang='lat' dir='ltr'>Sennensi</span> <span class='ocrx_word' id='word_1_787' title='bbox 1709 5399 1814 5470; x_wconf 88' lang='lat' dir='ltr'>accepi.</span> <span class='ocrx_word' id='word_1_788' title='bbox 1826 5399 1858 5455; x_wconf 85' lang='lat' dir='ltr'>lu</span> 
     </span>
    </p>
   </div>
   <div class='ocr_carea' id='block_1_6' title="bbox 213 5481 1859 5561">
    <p class='ocr_par' dir='ltr' id='par_1_6' title="bbox 213 5481 1859 5561">
     <span class='ocr_line' id='line_1_60' title="bbox 213 5481 1859 5561; baseline -0.008 -6"><span class='ocrx_word' id='word_1_789' title='bbox 213 5504 259 5556; x_wconf 87' lang='lat' dir='ltr'>eet</span> <span class='ocrx_word' id='word_1_790' title='bbox 282 5493 421 5553; x_wconf 82' lang='lat' dir='ltr'>bominem</span> <span class='ocrx_word' id='word_1_791' title='bbox 443 5491 599 5560; x_wconf 85' lang='lat' dir='ltr'>seientiam,</span> <span class='ocrx_word' id='word_1_792' title='bbox 622 5490 682 5549; x_wconf 73' lang='lat' dir='ltr'>iseo</span> <span class='ocrx_word' id='word_1_793' title='bbox 703 5506 787 5561; x_wconf 85' lang='lat' dir='ltr'>prava</span> <span class='ocrx_word' id='word_1_794' title='bbox 808 5490 836 5546; x_wconf 88' lang='lat' dir='ltr'>in</span> <span class='ocrx_word' id='word_1_795' title='bbox 858 5489 963 5547; x_wconf 78' lang='lat' dir='ltr'>directa</span> <span class='ocrx_word' id='word_1_796' title='bbox 984 5496 1011 5546; x_wconf 90' lang='lat' dir='ltr'>et</span> <span class='ocrx_word' id='word_1_797' title='bbox 1059 5481 1168 5553; x_wconf 84' lang='lat' dir='ltr'>quibus,</span> <span class='ocrx_word' id='word_1_798' title='bbox 1181 5483 1231 5539; x_wconf 88' lang='lat' dir='ltr'>sed</span> <span class='ocrx_word' id='word_1_799' title='bbox 1244 5483 1312 5542; x_wconf 88' lang='lat' dir='ltr'>etin</span> <span class='ocrx_word' id='word_1_800' title='bbox 1325 5484 1641 5558; x_wconf 83' lang='lat' dir='ltr'>litterisgeneralitered</span> <span class='ocrx_word' id='word_1_801' title='bbox 1656 5486 1859 5561; x_wconf 81' lang='lat' dir='ltr'>episcoposqni</span> 
     </span>
    </p>
   </div>
   <div class='ocr_carea' id='block_1_7' title="bbox 0 0 1953 6098">
    <p class='ocr_par' dir='ltr' id='par_1_7' title="bbox 0 0 1953 6098">
     <span class='ocr_line' id='line_1_61' title="bbox 0 0 1953 6098; baseline 0 0"><span class='ocrx_word' id='word_1_802' title='bbox 0 0 1953 6098; x_wconf 95' lang='lat' dir='ltr'> </span> 
     </span>
    </p>
   </div>
  </div>
 </body>
</html>
