3794 6104
844 259 992 317 toahrtts
1019 258 1116 315 PAPAE
1134 261 1207 317 vttl.

330 459 365 498 an
380 459 541 499 nicaeensis
556 461 649 500 andan
664 460 856 501 nuncanonvn.

231 533 359 587 Joxsvxns
373 533 432 587 Vlll
448 534 584 587 hfrcvrentv
600 534 659 604 regi
674 535 862 607 bulgarorum.

233 619 261 675 Si
276 621 310 675 ab
324 621 366 675 his
382 636 450 691 quos
464 623 713 677 excommunicatos
728 623 896 678 habebamus
907 639 992 677 sacra·

197 717 288 764 menta
304 725 471 780 quascunque
487 710 634 779 suscipitis,
656 719 762 767 constat
788 713 850 782 quia
876 712 991 766 idolola-

198 797 287 860 triam,
304 812 358 851 non
379 805 406 851 ut
428 798 552 854 catholici
577 799 683 867 essetis,
710 800 759 854 sed
780 807 808 854 ut
827 799 992 855 schismatici

196 882 387 951 efficeremini,
412 885 559 958 deliquisse
582 886 641 960 [pro
663 877 858 959 dereliquisse,
885 888 992 960 flaua]

195 972 333 1028 videmini.

519 1090 670 1146 CCCLXX.

249 1190 285 1229 an
301 1189 475 1232 nurraaarurr
490 1192 728 1233 aucurnvvscoeux
743 1192 938 1233 excommun.

436 1266 543 1338 Fragm.
558 1295 593 1306 -
609 1266 671 1335 (flu.
688 1266 754 1336 inc.)

231 1365 425 1438 Engeltrudam
442 1381 553 1421 uxorem
570 1366 683 1422 Bosonis
697 1367 807 1422 noveris
830 1382 884 1422 non
906 1367 992 1422 solum

197 1454 476 1510 excommunicatione
492 1471 553 1526 quae
568 1471 583 1508 a
597 1454 715 1510 fraterna
730 1456 857 1510 societate
875 1464 992 1526 separat,

197 1542 246 1595 sed
262 1549 288 1596 et
303 1544 483 1610 anathemate,
509 1544 581 1614 quod
604 1544 639 1598 ab
662 1544 722 1613 ipso
745 1559 859 1615 corpore
884 1544 991 1610 Christi,

197 1630 269 1700 quod
284 1639 326 1684 est
340 1632 471 1698 Ecclesia,
488 1632 594 1697 recidit,
611 1633 709 1687 crebro
724 1648 894 1703 percussam.

511 1790 673 1846 cccaxxt
702 1799 704 1803 ·

374 1892 411 1931 ιι)
427 1892 586 1934 tuoovrcmv
608 1893 814 1934 rarauaronaa.

438 1967 545 2038 Fragm.
562 1965 595 2006 -’
610 1970 673 2037 (An.
689 1966 758 2037 inc.)

233 2066 325 2132 Vides,
355 2065 391 2122 fili
420 2068 589 2133 charissime,
615 2068 678 2140 quia
706 2068 777 2140 quod
801 2074 895 2123 eontra
918 2067 995 2138 leges

197 2154 337 2226 accipitur,
353 2172 403 2226 per
417 2157 493 2228 leges
508 2156 621 2211 dissolvi
636 2165 765 2211 meretur.
793 2157 869 2222 Item,
891 2155 994 2211 facien-

197 2241 232 2296 tis
247 2243 340 2313 procul
355 2244 437 2300 dubio
451 2244 559 2315 culpam
572 2244 661 2308 hahet,
678 2243 724 2316 qui
739 2245 812 2315 qnod
827 2252 916 2315 potest
931 2259 995 2300 cor-

198 2330 299 2401 rigere,
328 2332 444 2405 negligit
469 2333 625 2388 emeudare.
652 2333 785 2403 Scriptum
809 2333 908 2403 quippe
931 2340 993 2386 est:

188 2419 260 2493 ¹Nou
275 2419 362 2474 solum
378 2420 424 2490 qui
438 2419 548 2485 faciunt,
564 2420 612 2475 sed
640 2421 721 2475 etiam
745 2420 791 2493 qui
812 2420 994 2485 consentiunt,

197 2507 346 2578 participes
356 2508 520 2577 judicantur.
536 2510 571 2563 Et
584 2508 649 2563 libat
664 2509 780 2564 Domino
794 2524 933 2580 prospera,
950 2509 996 2579 qni

198 2594 233 2649 ab
247 2593 351 2652 afflictis
367 2596 443 2668 pellit
457 2597 582 2652 adversa.
607 2599 641 2652 Et
661 2597 813 2669 negligere,
830 2613 891 2653 cum
907 2595 996 2667 possis

198 2683 342 2740 deturbare
356 2701 510 2756 perversos,
528 2684 594 2740 nihil
615 2685 688 2739 aliud
713 2694 755 2740 est
779 2701 858 2757 quam
882 2684 994 2752 fovere;

199 2787 250 2828 nec
264 2781 339 2829 caret
353 2774 482 2844 scrupulo
496 2775 682 2829 consentionis
696 2775 818 2841 occultae,
844 2773 889 2844 qui
910 2773 997 2827 mani-

199 2858 269 2916 festo
284 2859 396 2917 facinori
411 2861 509 2916 desinit
531 2861 651 2917 obviare.
676 2863 709 2917 Et
732 2862 828 2932 prohat
851 2861 942 2916 odisse
966 2877 996 2916 se

197 2946 270 3010 vitia,
297 2949 342 3019 qui
357 2950 519 3003 condemnat
543 2957 687 3015 errantes;
718 2965 769 3004 nec
793 2949 923 3021 relinquit
944 2948 996 3003 sibi

201 3035 292 3091 locum
307 3035 444 3103 deviandi,
461 3037 508 3108 qui
534 3053 588 3092 non
613 3036 767 3108 pepercerit
790 3037 940 3091 excedenti.
963 3037 996 3091 Et

199 3123 303 3194 primm
325 3123 485 3181 innocentia
509 3125 611 3196 gradus
636 3132 677 3180 est
700 3125 792 3180 odisse
813 3125 940 3180 nefanda.
964 3126 997 3179 Et

199 3211 283 3266 latum
297 3213 390 3283 pandit
405 3213 625 3286 delinquentibus
640 3213 752 3282 aditum,
774 3213 820 3285 qui
830 3214 921 3286 jungit
935 3229 997 3269 cum

199 3300 333 3370 pravitate
357 3316 543 3367 consensum;
569 3309 595 3356 et
619 3301 685 3357 nihil
707 3301 817 3372 prodest
839 3300 918 3357 alicui
942 3317 997 3356 non

197 3387 286 3458 puniri
300 3389 420 3460 proprio,
437 3389 483 3462 qui
498 3389 653 3461 puniendus
668 3396 709 3444 est
722 3390 812 3444 alieno
829 3396 950 3459 peccato.

507 3521 684 3577 ccctxxh.

405 3624 442 3664 an
456 3624 605 3664 ariscoros
620 3623 789 3663 narraturus.

482 3699 573 3767 (Anno
587 3697 716 3766 incerto.)

202 3779 272 3848 Quid
282 3782 421 3852 agendum
432 3781 464 3837 de
475 3781 622 3838 monacbis
633 3782 666 3836 ab
676 3782 773 3836 abbate
785 3781 995 3837 subordinatis.

1796 262 1844 313 960

1006 357 1033 416 Α
1043 356 1182 430 deinceps,
1199 360 1233 414 de
1247 359 1373 414 omnibus
1389 374 1448 431 quae
1463 357 1609 429 praerhctus
1622 356 1843 427 archiepiscopus

1042 445 1183 500 confirmat
1211 447 1457 518 archiepiscopatui
1488 446 1530 501 sui
1561 446 1701 517 pertinere
1736 444 1841 508 debere,

1043 550 1183 606 quousque
1198 535 1244 591 ille
1257 544 1348 591 vester
1362 534 1594 605 archiepiscopus,
1622 540 1668 587 aut
1690 532 1791 603 aliquis
1813 549 1842 586 ex

1044 621 1121 676 vobis
1135 640 1195 677 cum
1211 623 1331 678 Arduino
1347 623 1564 712 arehiqpiscopo,
1577 622 1637 676 sive
1647 637 1712 676 cum
1728 635 1778 675 sno
1793 619 1842 674 suf·

1043 708 1184 783 fraganeo,
1201 711 1243 766 vel
1258 711 1311 767 aiio
1326 711 1399 766 fideli
1413 711 1497 766 misso
1521 711 1554 764 ad
1575 718 1702 764 nostram
1725 716 1840 765 sanctam

1042 807 1154 854 matrem
1170 800 1320 855 Ecclesiam
1336 800 1436 867 veniat,
1453 807 1480 853 ut
1496 799 1532 853 ibi
1552 797 1735 870 praecognitis
1760 797 1841 851 causis

1043 887 1113 942 inter
1136 904 1185 943 vos
1209 897 1235 943 et
1258 889 1344 952 illum,
1371 888 1443 960 quod
1469 904 1576 958 aequum
1602 885 1841 956 comprobabimus

1041 973 1189 1031 diffiniatur
1214 977 1249 1032 ad
1272 977 1377 1032 larvalem
1401 976 1450 1030 Dei
1475 983 1501 1030 et
1524 974 1636 1030 Domini
1665 974 1755 1028 nostri
1782 974 1840 1028 Jesn

1043 1063 1151 1118 Christi.
1168 1063 1247 1133 Quod
1262 1064 1284 1118 si
1300 1065 1379 1119 aliter
1394 1079 1472 1135 quam
1485 1063 1615 1133 jubemus
1631 1070 1733 1117 contra
1749 1061 1840 1115 volun-

1043 1160 1123 1206 tatem
1132 1153 1191 1221 ejus
1201 1152 1329 1218 feceritis,
1339 1151 1513 1224 cognoscatis
1523 1150 1711 1221 vosmetipsos
1724 1149 1773 1203 Dei
1784 1150 1839 1203 etB.

1042 1239 1114 1294 Petri
1128 1239 1259 1312 principis
1273 1241 1468 1311 apostolorum,
1494 1255 1545 1309 per
1564 1246 1670 1293 nostrae
1685 1236 1841 1291 humilitatis

1043 1329 1208 1398 mandatum,
1237 1329 1397 1384 auctoritate
1429 1327 1683 1383 excommunicatos
1714 1326 1748 1380 ab
1773 1325 1841 1379 omni

1044 1417 1230 1472 ecclesiastico
1245 1416 1344 1472 officio.

1079 1504 1158 1574 Quod
1173 1506 1195 1559 si
1211 1521 1274 1559 vere
1295 1505 1417 1560 debitam
1441 1503 1624 1559 reverentiam
1647 1501 1724 1558 circa
1746 1500 1840 1572 pradi-

1044 1602 1116 1648 ctum
1144 1593 1254 1648 fratrem
1281 1602 1402 1648 nostrum
1426 1592 1572 1647 observare
1602 1591 1682 1646 vobis
1705 1588 1840 1661 placuerit,

1009 1682 1193 1765 Bsecundum
1227 1681 1337 1750 justitiae
1375 1681 1513 1736 decretum
1544 1695 1560 1734 a
1590 1687 1688 1734 sancta
1726 1679 1842 1735 Romana

1044 1770 1167 1826 Ecclesia
1190 1777 1326 1835 statutum,
1354 1768 1538 1840 permaneatis
1566 1783 1630 1823 cum
1654 1766 1706 1821 Dei
1732 1764 1840 1821 benedi·

1044 1858 1133 1914 ctione
1160 1858 1187 1911 in
1216 1858 1318 1912 unitate
1341 1865 1442 1912 nostra}
1469 1855 1612 1911 catholicas
1633 1853 1839 1910 communionis.

1044 1947 1148 2001 Interea
1162 1946 1247 2002 sciaut
1262 1944 1337 2017 regni
1353 1945 1438 2001 vestri
1461 1945 1597 2013 homines,
1621 1943 1742 1997 maxime
1766 1942 1840 1997 nobi-

1044 2034 1138 2101 liores,
1154 2033 1312 2089 nominatim
1328 2032 1519 2105 Berengarius,
1537 2039 1563 2087 et
1581 2030 1655 2085 silius
1672 2047 1740 2085 suus
1757 2031 1840 2085 Cona-

1044 2139 1104 2187 uus,
1122 2131 1146 2178 et
1162 2123 1230 2177 Hoel
1246 2139 1306 2178 cum
1322 2120 1402 2177 fratre
1416 2137 1466 2175 suo
1490 2121 1627 2186 Goerech‚
1655 2135 1719 2174 eum
1743 2117 1840 2174 caeteris

1045 2211 1203 2280 majoribus,
1220 2219 1248 2264 ut
1263 2211 1285 2264 si
1300 2218 1395 2266 eontra
1412 2208 1543 2278 justitiam
1567 2207 1764 2263 inobedientes
1786 2205 1840 2260 fue·

1045 2299 1098 2354 rint
1113 2299 1175 2354 huic
1190 2307 1291 2353 nostrae
1302 2296 1428 2367 jussioni,
1451 2305 1477 2351 el
1499 2295 1628 2353 contrarii
1656 2312 1707 2350 seu
1731 2294 1840 2349 rebelles

1045 2388 1196 2443 exstiterint
1210 2387 1341 2457 predicto
1353 2385 1430 2440 fratri
1438 2392 1529 2440 nostro
1539 2383 1697 2439 Turonensi
1708 2383 1839 2454 episcopo,

1046 2476 1098 2529 sint
1113 2483 1138 2530 et
1162 2475 1214 2545 ipsi
1238 2473 1464 2530 excommunicati
1487 2481 1512 2528 et
1536 2481 1631 2528 nostra
1656 2471 1839 2528 benedictione

1045 2563 1194 2635 apostolica
1209 2563 1315 2633 privati.

1347 2704 1535 2760 ccctxxtu.

1311 2807 1355 2847 an
1378 2807 1574 2857 ohannau.

1081 2898 1322 2954 administratores
1350 2897 1510 2954 secularium
1538 2897 1715 2970 dignitatum,
1739 2897 1783 2969 qui
1821 2898 1834 2951 d

1046 2987 1234 3052 ecclesiarum,
1262 3002 1292 3042 ac
1318 2986 1460 3041 viduarum
1483 2985 1627 3041 tuitionem
1654 2987 1835 3056 rapaciumque

1010 3051 1265 3130 Crefraenationem
1291 3082 1350 3129 sunt
1374 3073 1521 3138 constituti,
1538 3072 1669 3144 quotiens
1698 3073 1734 3128 ab
1761 3073 1835 3129 ecele-

1046 3163 1160 3217 siasticis
1175 3162 1241 3218 viris
1260 3162 1386 3218 conventi
1408 3161 1516 3231 fuerint,
1541 3176 1639 3216 eorum
1665 3161 1837 3234 querimonias

1046 3251 1174 3306 attentius
1188 3251 1318 3316 audiant;
1338 3259 1364 3304 et
1378 3250 1451 3322 quod
1473 3264 1587 3305 necesse
1606 3248 1664 3304 illis
1686 3249 1766 3305 fuerit
1787 3247 1836 3303 dili·

1046 3348 1142 3412 genter
1156 3346 1182 3393 et
1196 3339 1249 3393 cito
1271 3336 1427 3409 perficiant,
1449 3337 1521 3409 quod
1544 3337 1569 3391 si
1590 3337 1766 3409 neglexerint
1785 3335 1836 3392 vin·

1045 3427 1139 3482 diame
1166 3427 1208 3481 vel
1237 3427 1376 3499 corrigere
1403 3434 1465 3496 post
1488 3425 1595 3480 tertiam
1631 3425 1834 3481 admonitionem

1046 3514 1187 3585 priventur
1201 3530 1217 3569 a
1232 3513 1432 3570 communione.

1349 3686 1536 3742 CCCLXXIV.

1289 3789 1325 3829 an
1345 3788 1430 3830 ιιιιιιι
1445 3789 1598 3830 manarum.

234 3881 362 3936 Joauuns
377 3897 473 3936 servus
488 3896 629 3936 servorum
642 3881 701 3948 Dei,
713 3881 997 3951 episcopusRomanae
1082 3881 1227 3950 Praesides,
1252 3881 1362 3937 eumad
1383 3880 1568 3952 presidiatum
1592 3881 1716 3951 promoti
1740 3880 1835 3942 fuerint,

118 3963 122 3973 “
199 3966 285 4033 urbis,
302 3968 330 4022 in
344 3968 450 4023 Christo
465 3967 594 4022 fratribus
608 3968 745 4022 universis
772 3968 907 4039 episcopis
928 3969 996 4023 cite·
1046 3972 1150 4026 litteras
1178 3969 1310 4040 accipiant
1331 3969 1540 4035 ecclesiasticas,
1565 3968 1836 4030 communicatorum

200 4055 280 4110 rioris
295 4055 438 4111 Britannias
454 4055 567 4109 salntem
582 4054 608 4108 in
624 4055 732 4110 Christo
756 4063 781 4109 et
806 4055 994 4110 visitationem.
1047 4060 1082 4115 ita
1104 4068 1194 4114 tamen
1222 4067 1250 4113 ut
1278 4058 1304 4111 in
1335 4058 1541 4130 quibuscunque
1569 4056 1639 4113 locis
1662 4057 1836 4128 praesideam

238 4142 309 4211 Quia
324 4142 384 4198 vice
398 4144 427 4197 Β.
444 4143 515 4198 Petri
527 4143 712 4214 apostolorum
725 4143 865 4213 principis,
881 4144 997 4199 Domino
1046 4147 1192 4221 gesserint,
1209 4146 1244 4201 ab
1266 4145 1401 4217 episcopis
1425 4145 1548 4214 ejusdem
1570 4145 1626 4200 loci
1650 4160 1720 4201 cure
1740 4145 1774 4200 de
1795 4142 1836 4198 illis

201 4231 260 4287 Deo
274 4230 413 4302 dignante,
429 4231 550 4286 omnium
565 4230 753 4286 Ecclesiarum
767 4247 861 4287 coram
876 4232 997 4302 suscepi·
1046 4243 1153 4309 agatur,
1177 4242 1205 4288 ut
1229 4234 1252 4288 si
1276 4233 1408 4304 coeperint
1427 4240 1520 4288 contra
1536 4232 1678 4303 publicam
1694 4249 1776 4306 agere
1788 4231 1835 4286 dis·

200 4334 271 4386 mua,
284 4318 503 4384 sollicitudinem,
516 4335 577 4390 qnae
588 4319 799 4390 uniuscujusque
810 4317 878 4374 tides
889 4319 997 4392 integra
1047 4324 1185 4396 eiplinam,
1202 4337 1218 4376 a
1232 4321 1422 4378 commuuione
1438 4320 1580 4377 secludant
1594 4320 1701 4377 divina.

198 4425 228 4464 ιιι
243 4409 339 4463 eodem
355 4408 471 4463 Domino
485 4415 649 4473 reservetur,
663 4408 785 4480 sineque
799 4407 888 4462 nullus
898 4407 924 4463 ei
938 4407 996 4478 pla·
1011 4399 1040 4462 D

202 4511 265 4553 cere
291 4495 406 4564 valebit,
432 4495 532 4567 ubique
556 4511 652 4552 severe
675 4497 823 4551 observare
847 4496 996 4562 dehemus;
1356 4499 1530 4554 ccctxxv.

201 4585 319 4656 ideoque
333 4592 426 4639 notum
442 4585 476 4638 sit
491 4585 568 4639 vvobis
584 4585 711 4655 qnoniam
726 4583 902 4640 charissimus
917 4583 999 4639 frater
1048 4590 1186 4646 Attocntio
1200 4589 1342 4660 pontificis
1357 4588 1392 4642 ad
1412 4589 1552 4659 episcopos
1571 4588 1623 4643 aab
1644 4587 1734 4657 finem
1751 4587 1834 4661 synodi

204 4681 296 4729 noster
311 4673 457 4739 arduinus,
473 4681 572 4728 sanctae
579 4672 745 4727 Turonensis
756 4673 889 4728 Ecclesiae
909 4672 998 4728 archi·
1358 4660 1532 4713 Trifaffi'lst'·

113 4825 115 4829 ,
203 4760 358 4831 episcopus,
372 4760 483 4816 veniens
506 4761 540 4815 ad
564 4761 746 4831 apostolorum
768 4760 861 4814 limina
884 4761 998 4816 Romam
1084 4766 1138 4821 Vos
1154 4763 1306 4820 confratres
1321 4772 1348 4819 et
1363 4763 1539 4834 coepiscopos
1552 4764 1706 4820 meosvolo
1720 4763 1836 4818 unanimi·

203 4857 317 4912 oratum,
334 4848 513 4920 interpellavit
528 4864 578 4903 nos
593 4849 665 4920 quod
676 4848 737 4918 jura
752 4848 793 4903 sni
811 4848 997 4919 archiepisco·
1048 4860 1089 4908 ter
1103 4868 1210 4908 mecum
1223 4853 1250 4906 iu
1266 4851 1426 4907 defensione
1440 4859 1540 4906 sanctae
1558 4852 1690 4908 Romanae
1705 4851 1832 4917 Ecclesia,

203 4945 290 5009 patus,
308 4953 368 5008 quae
381 4938 416 4992 ab
431 4937 545 5008 antiquis
560 4937 728 5008 temporibus
743 4953 792 5009 per
805 4937 914 4992 decreta
931 4953 997 4992 san·
1048 4957 1130 5013 quam
1144 4949 1249 4996 constat
1264 4956 1325 4996 esse
1340 4948 1421 5011 eaput
1435 4939 1557 4994 omnium
1572 4940 1771 5006 Ecclesiamm,
1781 4955 1834 4994 con·

203 5033 306 5083 storum
322 5023 478 5096 pontificum
492 5034 591 5081 sancta
606 5026 733 5081 Romanae
752 5025 846 5079 matris
866 5025 998 5083 Ecclesia
1048 5031 1150 5094 venire,
1167 5030 1263 5092 donec,
1282 5030 1340 5083 Deo
1354 5028 1508 5093 auxiliante,
1523 5027 1554 5081 in
1567 5028 1664 5083 sedern
1689 5029 1759 5083 beati
1776 5023 1833 5081 Petri

203 5115 259 5170 suis
273 5114 524 5185 praedecessoribus
534 5128 664 5170 concessa
673 5122 698 5169 et
709 5112 867 5169 confirmata
878 5114 996 5180 fuerunt,
1047 5117 1232 5188 apostolorum
1261 5116 1392 5187 principis
1424 5122 1603 5182 revertamur,
1637 5131 1701 5172 cum
1728 5114 1832 5171 omniun

203 5213 322 5261 avestro
337 5204 545 5275 archiepiscopo
559 5210 585 5256 et
600 5203 657 5256 suis
671 5202 860 5258 decessoribus
875 5219 924 5273 per
937 5203 997 5258 vio·
1048 5205 1185 5260 hominum
1203 5214 1353 5260 vestrorum
1367 5211 1467 5258 armata
1483 5203 1581 5259 bellico
1596 5213 1729 5274 apparatu
1741 5217 1831 5257 manu:

203 5292 313 5347 lentiam
324 5299 351 5347 et
360 5307 527 5365 paganorum
538 5292 770 5346 Nortmannorum
778 5291 997 5346 contrarietatem
1048 5303 1073 5349 et
1088 5294 1123 5349 de
1138 5295 1199 5362 hoc,
1215 5308 1268 5348 non
1282 5291 1442 5356 differendo,
1459 5291 1508 5346 sed
1523 5292 1574 5346 sub
1584 5292 1660 5346 anmi
1672 5292 1832 5348 celeritateel

206 5378 310 5434 sublata
324 5379 468 5446 videntum
492 5380 563 5435 unde
587 5378 735 5450 apostolica
748 5379 905 5434 auctoritate
920 5380 998 5435 vobis
1048 5382 1208 5438 certitudine
1225 5380 1389 5452 sponsionis,
1405 5379 1448 5435 hic
1462 5379 1537 5444 mihi,
1554 5395 1659 5451 quaeso,
1677 5381 1779 5453 absque
1788 5376 1833 5432 ulla

206 5465 299 5524 sciatis
312 5466 484 5527 interdictum
498 5484 532 5523 ne
547 5468 618 5524 illius
634 5467 690 5524 ullo
705 5467 785 5523 modo
802 5468 854 5538 juri
867 5467 998 5524 resistatis
1048 5470 1175 5527 dilatione
1190 5469 1318 5526 continuo
1333 5469 1394 5524 date
1409 5482 1582 5541 responsum.
