3794 6104
118 215 170 269 oto
620 210 792 268 nunonem
804 207 1005 268 RHEMENSIS
1019 210 1297 268 ancflffletscoat.
1713 212 1764 263 otc

117 332 264 400 referatur,
280 332 363 406 etqui
377 333 502 407 legaliter
521 342 658 401 evocatus,
684 333 788 402 judicio
817 332 1031 395 adesseAmihi
1046 334 1119 406 quod
1134 334 1206 390 male
1220 333 1259 388 illi
1269 334 1303 389 de
1317 333 1369 389 hac
1384 331 1666 390 excommunicatione
1683 347 1763 402 quam

118 421 278 495 neglexerit,
290 420 447 478 dilationem
471 422 611 476 sententiae
637 419 816 493 proferendae,
846 421 916 477 sicut
966 422 1142 493 perpetravit,
1158 421 1358 489 insinuaverim,
1388 436 1465 476 reum
1480 437 1519 476 se
1546 419 1692 476 confessus
1711 425 1762 501 est,

120 509 149 564 in
163 516 364 576 contumacem,
376 509 410 565 de
424 508 547 564 absentia
561 524 616 564 non
627 507 758 575 lucretur,
775 525 805 564 se
832 507 915 563 intel·
966 508 1028 580 quia
1042 509 1160 566 scienter
1169 509 1241 565 male
1256 509 1329 566 iecit.
1347 511 1386 565 Ac
1399 509 1521 580 perhoc,
1534 508 1690 564 secundum
1718 506 1767 562 de·

118 596 218 652 lenisse
234 597 412 666 demonstrat,
433 596 528 652 dicens
545 613 552 650 :
569 618 581 644 ι
597 597 664 651 Cum
679 604 772 652 sancta
795 595 916 666 synodus
966 604 1040 652 creta
1054 597 1138 653 Hilari
1153 612 1242 669 papae,
1258 614 1337 652 suum
1348 605 1442 652 contra
1456 595 1567 669 regulas
1596 594 1697 652 lactum
1716 595 1766 650 de-

119 683 282 756 cognitionis
308 685 353 753 jus
387 683 557 740 unanimitati
590 691 653 751 tuae,
688 683 849 754 caterisque
883 699 916 737 ex
966 685 1042 740 beret
1055 685 1114 755 ipse
1129 685 1292 740 dissolvere.
1311 684 1390 753 Quod
1404 685 1428 739 si
1442 684 1536 752 nollet,
1551 700 1604 755 per
1618 682 1767 739 sententias

118 774 233 846 AEgypto
248 771 489 829 consacerdotibus
505 771 605 827 nostris
623 772 800 838 commiserit,
817 772 916 826 iterum
966 788 1110 841 canonum,
1133 781 1160 827 et
1183 772 1430 844 apostolicaesedis
1458 772 1578 838 decreta,
1605 788 1668 844 quae
1695 770 1767 826 nufla

118 869 224 931 oportet
239 859 352 916 fratrem
366 868 490 916 nostrum
500 859 658 916 Flavianum
671 860 829 924 convenias,
850 866 878 914 ut
893 857 916 914 si
965 869 1080 931 possunt
1102 861 1207 915 ratione
1231 860 1357 930 convelli,
1383 859 1532 916 auctoritas
1555 859 1765 930 metropolitana

116 947 146 1003 in
160 963 194 1004 eo
207 947 498 1020 perseveraveritque
513 947 678 1003 veniendum
687 963 743 1003 non
757 953 842 1018 putet,
861 946 918 1002 sal-

117 1036 159 1092 vis
172 1036 282 1092 concilii
295 1035 409 1104 Nicaeni,
426 1036 508 1091 etiam
520 1035 617 1106 synodi
633 1035 785 1106 Capuensis
796 1034 912 1105 statutis,

117 1124 220 1180 illibata
234 1140 301 1195 pace
315 1123 551 1180 universorumita
561 1122 698 1189 consulas,
711 1131 740 1177 ut
751 1139 806 1178 non
818 1123 914 1178 videa-

117 1227 178 1266 mur
193 1213 332 1268 destruere
349 1211 422 1282 quod
436 1210 598 1265 aedilicatnm
613 1217 664 1265 est.
694 1208 723 1265 Si
750 1210 823 1265 enim
842 1208 916 1281 quod

120 1298 626 1369 aedificavidestruo,praevaricatorem
636 1313 680 1358 me
695 1297 753 1369 ipse
763 1297 914 1364 constituo;

118 1402 151 1443 ac
166 1387 189 1442 si
214 1403 274 1459 quae
285 1386 417 1452 destruxi,
429 1385 526 1441 itemm
548 1383 689 1441 aediftcem.
712 1383 840 1441 Servetur
850 1401 916 1456 ergo

118 1472 261 1546 impertitae
275 1473 351 1544 pacis
366 1473 451 1546 gratia
469 1473 539 1529 inter
560 1473 712 1539 universos,
736 1481 762 1528 et
776 1472 916 1530 nihilomi-

117 1578 170 1616 nus
184 1560 329 1617 declinatio
343 1560 547 1632 partisalterius
555 1560 705 1615 frustrandi
720 1559 847 1616 effectum
870 1562 916 1615 ha·

119 1649 183 1704 bere
198 1665 254 1705 non
274 1649 370 1720 possit.
397 1649 468 1704 Sane
493 1648 668 1704 referendum
694 1648 857 1704 arbitramur
881 1649 955 1735 adB

119 1743 242 1793 sanctum
255 1735 369 1792 fratrem
383 1744 505 1793 nostrum
521 1737 651 1792 llontanae
665 1736 838 1793 sacerdotem
865 1739 918 1793 Eo·

119 1824 211 1881 clesiae
227 1844 234 1892 ;
249 1825 378 1896 quoniam
390 1824 582 1896 praesumimus
610 1841 642 1879 ea
669 1832 696 1879 te
721 1824 916 1894 judicaturum,

120 1929 181 1984 quae
195 1912 276 1968 etiam
290 1912 329 1967 illi
343 1912 490 1983 displicere
504 1928 560 1968 non
583 1919 693 1983 queant.
706 1912 746 1967 lta
766 1912 838 1967 enim
852 1912 919 1969 utile

120 1996 172 2050 erit
186 1996 342 2052 consultum
357 1996 509 2062 sententiaa,
525 1995 563 2051 ita
581 1995 657 2066 pacis
673 2003 699 2050 et
713 1995 811 2067 quietis
840 2011 919 2052 secu-

119 2083 192 2151 ritas,
209 2084 232 2139 si
247 2083 275 2139 id
290 2092 382 2140 vestro
398 2091 532 2139 statuatur
548 2083 672 2150 consilio,
697 2084 771 2154 quod
797 2099 918 2139 commu·

118 2171 193 2228 nioni
208 2180 308 2228 nostrae
323 2173 522 2227 dissensionem
535 2187 590 2227 non
605 2170 698 2227 afferat
715 2190 722 2236 ;
739 2178 768 2227 ut
781 2186 831 2226 nos
847 2187 917 2243 quo-

120 2275 173 2331 que
187 2267 299 2331 accepta
313 2268 467 2316 vestrorum
483 2260 555 2315 serie
570 2266 743 2325 statutorum,
759 2275 821 2314 cum
833 2259 860 2314 id
869 2275 917 2332 ge·

28 2404 36 2424 .
120 2354 191 2402 stum
200 2363 261 2403 esse
271 2347 493 2420 cognoverimus,
503 2348 577 2420 quod
585 2346 836 2403 Ecclesiallomana
846 2346 917 2401 lraud

119 2434 200 2490 dubie
213 2434 441 2506 comprobaverit,
456 2434 511 2491 laeti
526 2433 644 2491 fructum
664 2434 823 2503 hujusmodi
851 2451 917 2490 exa·

118 2522 200 2579 minis
211 2521 404 2595 adipiscamur.
421 2547 431 2570 o

399 2638 513 2694 CAPUT
527 2637 631 2693 XXIX.

119 2726 195 2794 Quod
221 2728 346 2783 similem
365 2727 692 2783 excommunicationem
712 2727 824 2797 abipso
846 2727 918 2783 lllrc·

226 2800 320 2853 mensi
335 2799 445 2867 sociam
459 2813 518 2853 esce
533 2798 606 2868 saiso
622 2797 806 2853 criminetur.

966 946 1033 1001 illud
1048 947 1159 1003 deberet
1183 948 1344 1003 annihilare.
1374 948 1502 1017 Tertium,
1534 946 1598 1020 quia
1619 955 1650 1002 nt
1675 963 1766 1003 secum

967 1052 1010 1090 me
1023 1043 1119 1106 posset
1132 1035 1291 1106 illaqueare,
1308 1036 1331 1090 si
1350 1034 1428 1104 sorte,
1446 1034 1587 1091 utassolet
1610 1034 1766 1106 improvise

966 1122 1051 1177 menti
1061 1122 1197 1191 accidere,
1215 1124 1253 1177 illi
1274 1123 1365 1178 statim
1384 1123 1442 1179 haec
1471 1122 1539 1179 falsa
1567 1123 1602 1178 de
1625 1139 1672 1178 me
1699 1122 1765 1192 reji-

967 1208 1064 1266 ciendo
1078 1210 1227 1281 imparatus
1238 1218 1264 1265 et
1278 1210 1476 1266 iracommotus
1486 1226 1541 1266 non
1556 1210 1764 1283 responderem,

967 1305 993 1352 et
1009 1314 1039 1353 se
1050 1299 1155 1367 jactare
1164 1298 1277 1368 valeret,
1293 1298 1379 1353 mein
1404 1298 1497 1370 aliquo
1526 1298 1591 1354 inde
1620 1297 1766 1355 concredi-

966 1385 1040 1441 disse
1058 1406 1065 1453 ;
1080 1386 1232 1442 voluntarie
1247 1386 1298 1440 sibi
1313 1386 1348 1441 de
1363 1386 1409 1440 tali
1431 1385 1605 1442 consessione
1637 1385 1766 1459 laqueum

967 1474 1069 1529 studuit
1083 1473 1205 1542 injicere.
1215 1476 1249 1529 Et
1260 1489 1310 1544 pro
1324 1473 1403 1529 bonis
1418 1473 1493 1529 mala
1516 1474 1681 1541 retribuens,
1713 1489 1766 1528 non

966 1571 996 1615 ut
1011 1562 1149 1633 quondam
1164 1562 1334 1633 proditorum
1350 1561 1523 1633 primicerius
1537 1561 1693 1617 simulando
1717 1577 1765 1632 pa·

970 1649 1148 1717 cemosculo,
1176 1665 1259 1721 quam
1287 1665 1343 1705 non
1370 1649 1487 1705 habebat
1508 1650 1537 1704 iu
1564 1656 1689 1721 pectore,
1718 1647 1765 1705 sed

970 1744 1062 1792 exerto
1076 1736 1275 1808 linguaegladio
1290 1753 1335 1791 me
1346 1744 1448 1807 aperte,
1469 1753 1502 1794 ac
1524 1737 1700 1808 impudenter
1719 1736 1765 1792 de-

968 1825 1053 1880 crevit
1065 1825 1196 1895 impetere
1212 1841 1218 1880 :
1235 1833 1261 1879 et
1276 1823 1353 1896 quasi
1367 1841 1412 1880 me
1435 1824 1616 1897 qualicunque
1641 1833 1762 1896 patrono,

969 1928 1001 1968 ac
1016 1912 1198 1982 benefactore,
1215 1922 1296 1985 atque
1311 1913 1468 1969 ordinatore
1495 1929 1544 1968 suo
1569 1912 1680 1978 tradito,
1703 1912 1759 1966 talis

968 2000 1149 2057 confessionis
1164 2001 1198 2056 de
1213 2001 1294 2056 tantis
1309 2001 1489 2072 impietatibus
1498 2001 1598 2073 laqueo
1613 2015 1767 2072 sesnspen·

968 2089 1045 2144 dere.
1060 2090 1114 2144 Sed
1128 2089 1288 2145 benedictus
1299 2089 1441 2156 Dominus,
1463 2089 1510 2160 qui
1525 2088 1679 2145 secundum
1700 2101 1763 2160 pro-

967 2176 1126 2232 missionem
1142 2192 1229 2244 suam,
1246 2193 1301 2249 qua
1314 2177 1378 2232 dixit
1398 2195 1404 2230 :
1420 2178 1441 2232 A
1457 2177 1570 2248 llopcllo
1582 2178 1690 2249 liopooe
1703 2177 1763 2232 obs-

967 2265 1097 2321 conderit
1112 2265 1170 2336 (lob
1187 2266 1227 2335 v),
1237 2264 1379 2319 liberando
1394 2264 1510 2319 animam
1525 2280 1618 2319 meam
1642 2280 1659 2318 a
1685 2263 1756 2318 labiis

966 2351 1077 2423 iniquis,
1089 2360 1115 2407 et
1130 2368 1146 2408 a
1159 2352 1250 2426 lingua
1266 2353 1372 2421 dolosa,
1388 2352 1492 2421 adjuvit
1501 2369 1555 2421 me,
1574 2351 1756 2408 etconsolatos

967 2449 1008 2496 est
1023 2457 1083 2496 me:
1100 2456 1162 2497 mox
1176 2440 1260 2497 telum
1269 2440 1402 2510 salsitatis,
1419 2450 1496 2497 scuto
1509 2440 1643 2509 veritatis,
1654 2455 1756 2512 respon·

967 2528 1057 2584 dendo
1067 2529 1160 2596 rejeci.

1002 2624 1070 2693 Qum
1082 2624 1165 2680 ammi
1180 2624 1274 2681 dolore
1285 2633 1477 2697 compunctus,
1489 2639 1544 2708 non
1572 2624 1656 2681 animi
1679 2624 1754 2681 livore

967 2713 1129 2782 stimulatos,
1145 2713 1210 2783 dixi,
1235 2713 1324 2770 sciens
1351 2714 1432 2785 capiti
1456 2729 1488 2770 ac
1517 2713 1653 2770 Salvatori
1674 2721 1754 2770 nostro

966 2801 1134 2857 mendaciter
1147 2802 1233 2856 multa
1247 2801 1332 2857 luisse
1347 2802 1454 2871 objecta
1474 2820 1480 2855 :
1501 2802 1592 2858 sedet
1616 2801 1753 2873 productos

154 2903 195 2957 De
209 2903 261 2957 hac
275 2901 643 2957 eliamexcommunioetione
657 2901 745 2956 mihi'
739 2917 766 2955 111
785 2899 916 2956 Gundulfi
966 2889 1098 2945 adversus
1113 2905 1175 2944 eulii
1190 2889 1273 2945 030808
1289 2897 1372 2944 leSleS
1387 2889 1482 2945 fuisse
1497 2891 1568 2945 Nam
1585 2897 1614 2945 el
1634 2890 1752 2945 Romuli)

118 2988 183 3043 ville
197 3004 246 3059 per
261 2988 446 3044 venerabilem
457 2988 838 3070 quondgmarshjepiscopum
848 2990 917 3044 We.
966 2977 1039 3031 sedis
1052 2976 1226 3046 pontificibus
1241 2977 1369 3043 Damaso,
1379 2977 1454 3033 Sixto
1469 2985 1496 3031 et
1511 2977 1596 3032 Leoni
1605 2978 1653 3044 lll,
1670 2989 1753 3033 rerunt

119 3075 239 3132 „ponem
248 3075 314 3130 mihi
325 3076 540 3132 mandavjtsicur
552 3052 672 3132 'domnus
698 3077 856 3142 Advenvjus
888 3085 915 3131 02
966 3072 992 3119 et
1007 3064 1119 3119 aliarum
1135 3063 1672 3137 insigniumEcclesiarumpontificibus
1685 3065 1753 3118 Atha·

119 3163 211 3220 caeterr
221 3180 268 3235 qm
282 3163 426 3218 adfuerunt
439 3163 571 3234 episcopi,
588 3165 684 3231 sciunt,
702 3164 766 3236 quia
780 3165 853 3236 quod
880 3163 915 3219 de
966 3152 1157 3207 nasioscilicet
1171 3152 1367 3221 Alexandrino,
1393 3152 1491 3207 ioanni
1514 3149 1752 3222 Constantinopoli·

118 3251 165 3306 illa
180 3251 460 3308 excommunicatione
474 3251 547 3319 lecit,
564 3268 617 3325 ego
642 3252 681 3306 illi
704 3252 850 3319 insinuavi,
874 3251 916 3307 di·
966 3248 1040 3308 000οι
1057 3239 1202 3295 (0000000000
1229 3239 1447 3311 (3000000000οι
1478 3239 1621 3296 0000000000
1648 3237 1752 3294 00000000

117 3355 183 3397 cens
197 3355 228 3395 se
243 3340 344 3397 habere
359 3340 507 3411 quamdam
515 3339 609 3396 villam
615 3340 644 3394 in
658 3356 720 3395 mea
734 3340 874 3411 parochia,
890 3347 917 3395 et
966 3326 1128 3399 0000000000οὃ
1142 3335 1222 3398 0000000
1237 3327 1356 3382 0000000000
1371 3327 1502 3384 0000000000
1524 3327 1664 3398 0000000000
1680 3343 1687 3380 ²
1702 3339 1751 3380 000·

118 3428 181 3500 quia
195 3428 319 3484 homines
333 3428 535 3498 ejusdemvillae
549 3429 666 3500 rogavit,
678 3429 714 3483 ad
728 3428 804 3483 illam
828 3429 917 3485 eccle-
966 3431 1022 3470 0000
1036 3422 1063 3469 00
1077 3415 1281 3486 (0000000000οῧ
1296 3415 1356 3470 00000
1376 3414 1541 3471 0000000005
1557 3415 1703 3487 0000000000οι
1724 3411 1750 3466 00

118 3516 189 3571 siam
201 3516 265 3572 dare
279 3515 389 3572 illorum
404 3516 548 3583 decimam,
561 3517 689 3589 adquam
703 3533 762 3571 eam
777 3517 843 3572 dare
868 3517 916 3571 de·
966 3502 1121 3560 hominihus
1136 3503 1244 3572 00000000οι
1253 3512 1279 3559 00
1293 3519 1389 3559 eorum
1401 3502 1502 3570 00000000,
1518 3519 1551 3561 00
1565 3503 1645 3559 00000
1660 3500 1749 3574 0000000

118 3603 229 3672 bebant,
245 3604 538 3661 excommunicaverim
553 3604 615 3660 illos
631 3622 638 3659 :
655 3605 916 3661 ethebebatimbre·
967 3591 1009 3645 0000
1022 3590 1129 3647 00000000
1157 3591 1281 3646 0000000000
1308 3591 1462 3647 0000000000
1478 3610 1486 3658 3
1503 3591 1553 3647 0000
1579 3607 1636 3648 00000
1662 3589 1749 3645 00000000

119 3691 215 3758 viatos,
232 3700 298 3763 quot
312 3692 464 3748 infantes
442 3710 503 3749 sine
517 3693 689 3764 baptismate,
710 3701 814 3764 etquot
829 3692 917 3748 homi·
966 3679 1093 3735 0000000οῐ00
1114 3680 1222 3736 ill0rum
1244 3679 1426 3745 Sludesslibuss
1449 3678 1578 3734 0000000000
1605 3687 1633 3734 00
1661 3674 1748 3733 0000000

119 3780 238 3836 nessine
254 3781 446 3837 communione
469 3781 533 3836 inde
557 3781 695 3836 obierint:
719 3797 780 3852 quaa
808 3781 917 3835 mihim
967 3766 1299 3838 00000000000000000000000
1316 3774 1343 3823 00
1357 3783 1444 3838 000000
1458 3767 1493 3821 000
1507 3764 1722 3822 0000000050000
1712 3780 1747 3832 00·

118 3867 386 3938 publicumobjicere
401 3867 495 3934 nollet,
511 3874 538 3922 et
562 3875 657 3937 postea
678 3855 1085 3939 1010οιιιριορειιι-00000οι00
1100 3855 1283 3953 0001000000οΜ
1296 3852 1434 3953 0000000000
1444 3853 1529 3909 000000
1543 3854 1677 3925 0000000000
1691 3848 1748 3921 000·

118 3970 186 4022 rem.
202 3954 316 4022 Quod'
295 3972 318 4009 si
333 3955 387 4009 alia
397 3955 508 4011 malade
523 3971 567 4010 me
577 3954 669 4025 sciret,
686 3955 732 4009 illa
747 3956 829 4011 etiam
843 3956 917 4012 dice·
967 3959 1037 3998 00000
1054 3944 1121 3998 50000
1136 3942 1207 3997 000000
1223 3942 1377 4011 0000500000
1392 3941 1512 4013 0000000000
1525 3941 1655 4013 00000000000
1675 3935 1747 3996 h⁰¹¹¹¹‘

119 4049 171 4096 ret
181 4041 259 4097 Unde
273 4041 312 4096 illi
326 4041 417 4097 statim
440 4058 490 4113 per
514 4043 641 4097 eumdem
671 4041 845 4098 Wenssonem
873 4059 917 4099 ΓΘ.
967 4031 1362 4103 neS,qttilicctpr1use0rum
1376 4036 1482 4085 mentes
1496 4029 1613 4100 propri&
1627 4025 1718 4085 001000
1712 4040 1744 4079 lll

120 4128 257 4195 mandavi,
274 4128 338 4200 quia
352 4138 379 4184 et
392 4129 467 4196 inde,
482 4138 508 4184 et
531 4130 566 4186 de
590 4129 795 4202 quibuscunque
824 4130 915 4199 vellet,
967 4118 1069 4187 00000οι
1062 4135 1090 4173 000
1104 4118 1156 4174 0000
1171 4126 1260 4173 00000000
1276 4125 1533 4190 5000000000000000
1543 4117 1698 4188 iniquitates
1708 4126 1746 4184 00

120 4232 181 4288 quae
194 4215 233 4271 illi
249 4216 417 4285 viderentur,
428 4217 569 4286 objiceret.
587 4218 641 4273 Sed
656 4218 690 4274 de
706 4220 755 4274 hac
771 4234 853 4274 causa
866 4234 917 4274 ve·
968 4213 1035 4273 0000,
1052 4206 1076 4261 00
1090 4206 1158 4261 00000
1174 4204 1284 4261 00000000
1296 4206 1378 4261 000000
1395 4205 1517 4277 0000000000
1531 4204 1668 4261 0000000000
1687 4214 1744 4260 lm·

119 4320 244 4360 rutnnon
257 4304 371 4372 diceret,
388 4314 414 4361 et
431 4313 525 4361 contra
541 4320 660 4362 canones
683 4323 713 4362 se
737 4306 918 4364 confitebatur
968 4294 1058 4350 00000000
1073 4311 1079 4349 ²
1097 4310 1212 4366 0000000000
1227 4293 1430 4350 0000000000οθ0
1445 4293 1528 4349 0000000
1542 4293 1594 4349 0000
1608 4291 1691 4349 000000
1713 4299 1745 4359 pt·

118 4393 219 4465 egisse,
231 4394 278 4465 qui
293 4410 337 4450 me
352 4394 504 4465 postposito
518 4395 717 4451 ordinationem
745 4395 859 4452 decimas,
888 4396 917 4451 in
931 4377 1130 4438 Dtientissime
1154 4382 1350 4447 toleraverunt,
1374 4388 1400 4435 et
1425 4381 1657 4446 constantissime,
1683 4375 1742 4443 adjo-

118 4497 181 4537 mea
189 4482 322 4553 parochia
330 4482 479 4553 usurpavit.
967 4477 1046 4527 vante
1057 4469 1183 4538 Domino,
1200 4468 1363 4526 revicerunt.
1380 4469 1414 4524 Et
1428 4469 1534 4537 horum,
1552 4468 1622 4524 sicut
1637 4466 1743 4536 scriptun

166 4571 201 4626 Et
216 4578 312 4642 postea
326 4570 390 4625 inde
404 4570 443 4625 illi
457 4569 560 4640 scripto
574 4571 713 4641 respondi,
737 4571 814 4639 cujus
827 4587 919 4627 exem-

117 4658 177 4729 plar
190 4659 235 4716 hio
251 4659 339 4714 habeo
352 4676 359 4711 ε
371 4658 400 4713 in
415 4674 469 4729 quo
484 4657 646 4724 continetur,
662 4659 713 4712 tria
727 4674 772 4715 me
791 4660 917 4716 conside·

118 4763 196 4802 rasse
206 4747 295 4804 inhoc
311 4747 383 4819 quod
398 4746 473 4810 dixit,
490 4762 534 4802 me
550 4745 588 4801 illi
608 4746 760 4801 insinuasse
786 4748 859 4819 quod
882 4747 917 4804 de

118 4834 163 4888 illa
177 4835 454 4892 excommunicatione
468 4834 542 4891 lecit.
555 4834 676 4889 Primum
707 4834 828 4907 quidem,
846 4851 916 4906 quo-

118 4923 193 4977 niam
207 4922 230 4976 si
246 4923 314 4978 ratio
336 4923 407 4979 inter
434 4923 511 4978 illum
539 4931 566 4978 et
594 4923 712 4979 clericos
728 4923 917 4980 Laudunensis

118 5009 251 5068 Ecclesia
265 5011 394 5082 agitanda
405 5010 486 5081 loret,
499 5011 534 5068 de
551 5011 682 5083 petitione
697 5028 729 5066 ex
738 5010 829 5068 causis
840 5011 868 5066 in
883 5025 916 5067 eo

118 5098 319 5155 continentibus
333 5099 368 5154 ab
383 5099 487 5155 eisdem
502 5100 568 5155 mihi
578 5107 713 5171 porrecta,
729 5107 820 5155 utrum
841 5099 917 5155 'esset

118 5202 154 5242 an
168 5201 224 5243 non
237 5186 350 5243 veritate
366 5185 490 5257 subnixa,
507 5187 609 5242 nnllam
617 5187 794 5259 quaestionem
804 5187 917 5243 deberet

119 5274 252 5346 recipere,
279 5282 426 5346 postquam
452 5290 509 5331 suae
536 5275 716 5331 consessionis
745 5276 917 5331 attestatione

120 5358 251 5427 firmatur.
268 5363 349 5420 Aliud
363 5379 440 5433 vero,
457 5363 522 5434 qnia
536 5363 644 5420 silentio
659 5363 814 5435 suppressis
837 5363 916 5419 bonis

120 5462 181 5519 quaa
194 5448 234 5504 illi
248 5449 393 5518 insinuavi,
408 5458 489 5522 atque
510 5450 641 5507 insinuari
663 5449 726 5520 leci,
756 5451 915 5523 imputando

967 4566 1017 4625 est,
1037 4558 1145 4614 intuens
1167 4557 1277 4623 exitum,
1302 4556 1519 4613 conversationis
1534 4554 1618 4612 ladem
1638 4552 1741 4610 mihine*

968 4661 1045 4703 cesse
1060 4654 1101 4701 est
1115 4645 1214 4710 imitari
1230 4652 1276 4701 :et
1290 4644 1328 4699 ita
1342 4652 1509 4715 compertus,
1527 4652 1554 4699 et
1569 4645 1604 4699 de
1619 4643 1665 4699 illo
1678 4641 1741 4696 inne

967 4750 1080 4808 prorsus
1097 4731 1497 4805 expertus,qu1aphrenet1cus
1514 4747 1589 4803 saepe
1604 4730 1669 4786 nulli
1681 4722 1741 4790 1ιο00

967 4839 1027 4878 rem
1040 4823 1148 4893 alapam
1163 4822 1227 4877 dare
1251 4821 1329 4887 solet,
1347 4835 1428 4893 quam
1443 4819 1495 4890 ipsi
1509 4819 1628 4886 medico,
1644 4816 1685 4890 qui
1696 4821 1740 4868 em

968 4926 1064 4968 curare
1085 4910 1168 4965 volet
1185 4910 1240 4965 Sed
1268 4916 1295 4964 et
1317 4908 1431 4963 multum
1445 4923 1489 4962 me
1514 4907 1642 4963 miratum
1667 4890 1739 4968 810100

967 5000 1016 5068 illi,
1024 4999 1070 5053 nbi
1085 5014 1196 5054 sensum
1212 5014 1290 5053 suum
1310 4996 1415 5063 habuit,
1432 4996 1540 5068 quando
1555 4997 1591 5052 de
1614 5011 1665 5062 me,
1680 4991 1738 5045 aab

968 5087 1147 5156 auctoritatis,
1164 5094 1190 5142 et
1205 5086 1355 5157 sapientiae,
1371 5093 1452 5157 atque
1460 5084 1604 5156 religionis
1617 5082 1679 5150 viro,
1689 5074 1737 5167 000000

968 5176 1085 5232 domnus
1101 5183 1159 5231 erat
1171 5174 1292 5240 Wenilo,
1308 5173 1384 5240 dixit,
1396 5180 1423 5228 et
1446 5173 1481 5227 ad
1509 5171 1681 5243 plurimomnt
1698 5173 1737 5230 000·

969 5261 1476 5336 scoporumnotitiempervenirelecit,
1493 5261 1567 5332 quod
1583 5260 1647 5315 siin
1661 5249 1737 5326 judictt

969 5352 1089 5425 regulari
1105 5352 1227 5419 dixisset,
1243 5351 1524 5423 probarenonposset
1542 5366 1549 5403 ε
1565 5342 1737 5420 praesertintt

969 5466 1047 5507 reum
1062 5450 1096 5506 de
1110 5451 1164 5508 hoc
1176 5449 1237 5522 ipso
1250 5446 1402 5516 consessus,
1420 5454 1446 5502 et
1465 5442 1621 5502 confitendo
1643 5456 1670 5498 se
1691 5426 1737 5489 alit
