3794 6104
198 235 249 287 379
645 233 815 288 umanum
833 230 1034 288 RHEMENSIS
1058 232 1333 290 aacflrnclscoev.
1388 229 1390 233 ’
1801 240 1853 292 380

193 373 240 412 vos
254 357 352 426 fictile,
361 360 402 413 sic
415 359 487 414 labio
496 360 638 413 tumentia
647 375 712 414 cum
720 360 840 427 pessimo
854 357 935 414 corde
945 373 990 413 so·
1006 357 1140 418 Avinitas
1156 357 1281 431 cruciligi
1296 375 1349 414 non
1365 360 1461 430 potuit.
1478 360 1560 416 homo
1573 368 1614 416 est
1633 361 1679 432 qni
1704 359 1853 418 crnnfflxus

1042 445 1100 500 tuit.
1117 447 1156 501 Tu
1172 464 1216 503 me
1231 449 1407 518 reprehendis
1422 449 1483 520 quia
1508 450 1579 511 dico.
1606 450 1738 522 quoniam
1770 459 1852 506 ante-

1042 551 1124 604 quam
1139 544 1168 590 tu
1184 537 1283 591 fuisses
1300 545 1387 606 natus,
1406 554 1459 611 ego
1474 554 1595 594 canones
1608 537 1687 605 scivi,
1706 540 1815 607 jactans
1826 548 1852 595 te

195 446 271 499 cio-tu
282 445 374 515 (Pron.
388 448 477 512 xxvi).
487 447 523 500 Et
536 447 603 501 Cato
616 464 622 500 :

247 531 323 578 Audit
332 533 400 589 quod
412 543 462 578 non
475 534 535 584 vult,
550 535 593 590 qni
607 534 690 589 pererit
699 534 785 579 dicere
795 534 862 588 nuod
879 533 939 579 vult.

250 586 845 642 Ulcusproserpit,quodstulrnsilentiacelant.
1190 626 1194 634 .
1218 625 1223 636 .
1252 625 1256 635 .
1362 627 1367 636 .
1465 627 1470 638 .
1642 628 1647 637 .
1672 627 1705 638 ..
1735 628 1741 638 .

248 639 316 684 Tolle
326 640 385 684 mali
402 643 488 695 testea,
499 641 580 687 levius
591 642 656 686 nrala
668 644 752 686 nostra
763 641 879 686 feremus.
1042 638 1092 678 cul·
1107 640 1162 678 non
1177 626 1224 678 ltbt
1239 625 1318 681 licent
1330 642 1409 691 solve,
1427 645 1471 697 qur
1486 636 1547 697 post
1561 644 1604 681 me
1621 628 1753 692 didicisti,
1779 629 1852 700 quod

193 720 348 775 Undeitem
365 720 492 776 Salomon
511 722 993 794 :bjiccderiaori’mctceibitcum
1043 728 1095 782 eg0
1111 714 1169 768 seio
1184 714 1230 785 qui
1244 723 1304 768 ante
1320 723 1345 770 te
1359 715 1450 769 didici.
1468 716 1521 771 Sed
1544 717 1644 770 Paulus
1674 732 1729 771 non
1760 724 1802 771 est
1819 718 1852 771 de

194 810 991 883 cojurpium,cessabuntpuccauseetcontumelio(Pron.
1043 809 1089 856 1¹10
1103 804 1187 858 corde
1201 803 1316 871 locutus,
1334 804 1379 874 qui
1403 804 1497 875 legens
1510 804 1609 859 dictum
1624 821 1639 859 a
1654 806 1753 876 Moyse
1770 823 1778 859 τ
1803 806 1853 860 ln-

192 899 276 959 xxnl.
291 897 319 952 Si
334 914 399 954 vero
411 899 473 954 ideo
487 899 550 953 talia
566 917 625 971 qne
640 900 687 953 ribi
703 901 761 954 visa
777 907 848 961 sunt,
866 899 900 952 do
920 914 992 968 pra·
1024 926 1026 930 -
1045 895 1154 960 terr-opu
1175 894 1288 963 patrem
1305 896 1385 946 tuum
1406 894 1630 948 etonoontiobit
1651 894 1712 959 tili,
1731 896 1853 965 majores

193 984 420 1053 faiissenienijis‚
446 1004 478 1042 ac
505 1005 578 1059 πρε
606 988 764 1043 memoratis
794 986 924 1057 epistolis,
941 986 992 1040 de.
1045 980 1405 1048 interdicentttliweat.
1423 981 1853 1051 xxxiv),gloriatnrsedidiersse

193 1075 354 1142 truncando,
372 1084 398 1130 et
421 1078 655 1147 praeposterando,
688 1084 768 1147 atque
796 1075 992 1130 disordinando
1042 1065 1133 1136 legem
1144 1068 1177 1121 ad
1187 1068 1273 1138 pedes
1286 1068 1445 1123 Gamaliclis
1460 1070 1531 1138 (Act.
1544 1070 1778 1138 xxrr):etsciens
1794 1071 1854 1141 quia

192 1161 337 1235 collegisti,
355 1164 418 1236 quia
433 1163 501 1218 torte.
516 1164 614 1234 putasti
630 1164 765 1218 neminem
781 1164 865 1218 alium
882 1163 992 1216 easdem
1042 1156 1151 1224 quando
1181 1157 1315 1225 superbus
1341 1165 1408 1220 etat,
1425 1157 1459 1211 de
1492 1157 1562 1212 coeiO
1593 1166 1634 1213 est
1664 1166 1854 1228 proslffltusa

192 1252 349 1317 sententias,
375 1252 418 1306 vel
443 1252 516 1322 ipsas
539 1252 677 1321 epistolas,
703 1262 801 1322 preter
827 1261 852 1306 te
877 1252 991 1315 unbem,
1042 1242 1168 1309 Domino,
1185 1252 1211 1297 et
1222 1245 1267 1315 qni
1277 1245 1441 1315 predicator
1460 1245 1565 1300 loturus
1580 1255 1649 1313 erar,
1672 1262 1729 1300 non
1760 1257 1851 1301 umen

191 1338 293 1394 ideirco
318 1339 382 1394 talin
404 1340 489 1394 libere
511 1347 537 1394 te
563 1341 721 1414 existimasti
744 1356 825 1411 posse
848 1339 989 1411 colligere,
1041 1340 1148 1385 11101111
1170 1333 1329 1403 ptaeditttttl
1352 1334 1424 1403 qu0d
1439 1334 1543 1388 Viderat
1566 1334 1680 1400 audivit,
1711 1335 1853 1404 sedeiit·

191 1441 236 1480 res
251 1427 320 1480 mira
336 1436 387 1495 est,
403 1443 464 1482 cum
479 1428 513 1481 de
529 1428 595 1498 ipsis
613 1429 754 1483 sententiis
777 1429 857 1498 plena
881 1429 916 1481 sit
940 1428 991 1481 isca
1042 1420 1113 1474 canti
1129 1421 1247 1475 dicitur:
1264 1422 1611 1492 lrtpredereinciritatem,
1630 1427 1659 1477 et
1677 1423 1852 1478 diceturtibi

191 1523 273 1578 terra,
291 1514 360 1569 sieut
374 1523 400 1569 et
419 1515 453 1570 de
476 1517 545 1571 libro
571 1517 745 1571 collectarum
769 1516 944 1588 epistolarum
958 1515 991 1569 ab
1042 1509 1144 1579 prtidtc
1159 1513 1285 1580 oporteat
1300 1512 1395 1580 [acere
1419 1511 1491 1578 (Aet.
1510 1514 1562 1577 rx).
1587 1511 1621 1564 Et
1640 1511 1693 1566 boc
1715 1511 1850 1566 Dominus

192 1601 304 1668 lsidorQ
322 1619 402 1674 quem
418 1604 452 1659 de
463 1604 590 1674 Hispania
605 1606 715 1660 ananum
730 1604 849 1662 Riculfns
874 1605 990 1676 mogun.
1042 1611 1104 1650 eum
1117 1597 1152 1650 ab
1165 1598 1267 1651 Anania
1284 1598 1391 1654 discere
1402 1598 1494 1664 voluit,
1511 1599 1583 1653 unde
1598 1599 1657 1670 ipse
1672 1615 1738 1654 eum
1759 1601 1850 1656 statim

192 1690 262 1745 tinus
277 1691 422 1762 episeopus
438 1693 464 1746 in
489 1694 655 1763 hujusmodi,
681 1695 750 1750 sient
769 1703 795 1748 et
814 1695 841 1747 in
865 1694 991 1764 capitulis
1007 1694 1068 1772 Bet
1097 1686 1124 1739 in
1147 1694 1284 1741 momento
1308 1703 1358 1756 per
1384 1687 1580 1742 revelationem
1609 1688 1697 1758 potuit
1728 1689 1844 1744 docere.

189 1778 283 1852 regiis,
305 1781 443 1836 studiosus
468 1782 591 1848 obtinuit,
614 1791 637 1836 et
663 1783 730 1838 istas
741 1783 869 1854 regiones
891 1798 924 1837 ex
947 1782 994 1837 illo
1044 1774 1230 1829 Deindel'ettil
1239 1775 1456 1845 Hierosolymam
1471 1776 1683 1831 viderePetrum
1699 1777 1809 1843 (θαίᾱί
1819 1778 1848 1842 li·

191 1864 292 1934 repleri
307 1863 379 1920 tecit.
397 1867 427 1919 In
443 1867 520 1935 cujus
536 1865 692 1937 prelatione
708 1867 779 1921 idem
795 1867 916 1920 isidorus
930 1866 995 1921 dicit
1044 1862 1148 1917 Deinde
1159 1871 1220 1933 post
1230 1879 1316 1918 annos
1332 1863 1538 1934 quatuordeeim
1560 1864 1684 1920 ascendit
1715 1865 1849 1922 Hieroso-

189 1952 224 2007 de
234 1953 418 2023 apostolorum
430 1955 590 2020 canonibus,
611 1956 684 2026 quod
701 1972 717 2009 a
737 1955 994 2026 quibusdamdiean-
1047 1950 1146 2020 limam
1161 1952 1266 2010 (Galat.
1277 1952 1308 2020 11)
1324 1953 1473 2006 secundum
1489 1952 1694 2022 revelationem,
1707 1963 1736 2008 et
1751 1963 1848 2009 contu-

190 2048 233 2094 tur
257 2042 418 2113 apocryphi,
448 2052 474 2097 et
496 2043 590 2113 plures
615 2060 662 2097 eos
685 2044 827 2113 recipiant,
853 2051 880 2097 et
908 2049 992 2104 sancti
1044 2038 1073 2092 lit
1097 2054 1159 2094 curn
1174 2040 1393 2094 antecessoribus
1421 2040 1477 2094 suis
1504 2040 1635 2110 apostolis
1663 2041 1848 2114 Evangelium

189 2129 282 2184 Patres
297 2146 389 2185 eorum
412 2132 560 2186 sententias
582 2131 705 2203 synodali
728 2131 886 2187 anctoritate
910 2132 991 2186 robo-
1043 2128 1115 2197 quod
1130 2129 1295 2197 predicabat
1310 2128 1337 2183 in
1353 2129 1479 2200 gentibus
1502 2128 1593 2200 (ibid.)
1619 2145 1773 2185 :seorsum
1797 2147 1847 2185 an-

189 2227 328 2284 raverunt‚
347 2227 373 2272 et
396 2220 467 2273 inter
488 2220 634 2274 canonicas
657 2221 864 2274 constitutiones
888 2236 991 2289 posue·
1042 2223 1096 2270 tem
1111 2232 1172 2270 cum
1187 2217 1229 2270 his
1244 2218 1288 2287 qui
1305 2217 1466 2271 videbantur
1478 2217 1693 2288 praestantiores,
1720 2234 1756 2274 ne
1779 2218 1847 2274 sorte

189 2314 249 2359 runt
277 2307 371 2376 :quod
395 2309 429 2360 de
454 2308 617 2377 quibusdam
646 2309 788 2361 sententiis
815 2324 908 2362 verum
938 2317 988 2373 est,
1041 2304 1067 2357 in
1083 2320 1197 2358 vacuum
1223 2313 1341 2360 curreret
1370 2313 1415 2359 aut
1440 2306 1614 2360 cucurrisset.
1642 2307 1676 2361 Et
1706 2308 1768 2363 baec
1787 2308 1846 2364 dico

187 2393 257 2448 sicut
272 2393 336 2447 alibi
350 2394 378 2447 in
393 2396 444 2449 boc
455 2396 587 2465 opusculo
598 2404 675 2466 potes
687 2397 788 2468 legere.
801 2395 989 2451 Differentiam
1040 2409 1095 2447 non
1110 2393 1238 2464 ignorans
1254 2393 1288 2448 de
1304 2394 1466 2464 quibusdam
1480 2394 1582 2450 dictum
1596 2394 1681 2450 luisse
1700 2397 1752 2451 :ln
1767 2399 1845 2452 nnti-

187 2497 296 2551 quoque
312 2482 382 2536 inter
396 2484 526 2553 epistolas
541 2500 607 2554 quas
622 2484 734 2556 collegit
750 2493 775 2539 et
791 2500 886 2539 sacros
903 2500 985 2538 cano·
1040 2483 1149 2552 quiscat
1166 2482 1386 2554 snpientinilolr.
1399 2485 1461 2549 1111),
1479 2483 1554 2539 etde
1577 2484 1754 2555 quibusdam,
1777 2487 1845 2541 Cani

186 2586 244 2637 nes,
257 2587 289 2624 ex
305 2571 396 2625 verbis
412 2572 481 2626 beati
497 2572 610 2636 Gelasii,
628 2573 726 2643 quibus
740 2582 765 2626 ct
781 2589 829 2627 sua
844 2573 930 2627 verba
944 2573 987 2626 in·
1040 2569 1171 2634 buccinis,
1189 2572 1331 2641 sapientie
1351 2574 1420 2642 cJ'ua.
1445 2571 1576 2625 Similiter
1598 2571 1633 2626 de
1652 2572 1842 2644 quibusdam:

186 2659 325 2729 terposuit,
347 2658 418 2715 fecit.
436 2661 476 2714 De
493 2660 604 2716 Nicceno
619 2669 709 2716 autem
734 2662 850 2717 concilio
879 2669 988 2716 nonest
1041 2658 1293 2725 Qnuirtoiuniorca,
1312 2663 1392 2714 tento
1406 2661 1633 2732 perspicaciores,
1646 2660 1718 2716 etde
1733 2663 1844 2732 quibua

185 2747 222 2802 ita
237 2756 264 2801 ut
279 2749 398 2818 scripsit,
415 2749 494 2803 sicuti
510 2749 600 2802 multis
616 2751 804 2804 auctoritatum
826 2751 987 2803 testimoniis
1037 2746 1101 2799 dnm
1115 2746 1330 2817 intelligendum,
1346 2749 1455 2815 Qriento
1456 2750 1596 2819 juniores,
1622 2753 1704 2805 tanto
1714 2752 1842 2823 pernice-

185 2836 354 2906 approbatur
371 2855 377 2889 :
394 2838 670 2907 etquoddepascba
694 2855 726 2892 ex
754 2839 866 2908 epistola
895 2839 986 2892 Theo·
1036 2835 1134 2900 ciorer,
1147 2834 1182 2889 de
1197 2835 1322 2905 qualibus
1343 2835 1441 2890 Paulus
1462 2836 1630 2892 ‹ricimer-tt
1648 2842 1763 2910 tempus
1778 2855 1843 2895 cum

185 2923 251 2992 phili
270 2924 388 2993 protulit,
419 2925 464 2995 qui
491 2924 691 2980 ecclesiasticas
718 2926 848 2980 historias
864 2926 940 2997 legit,
958 2926 985 2979 in
1036 2924 1373 2978 annomdoctrinomnou
1391 2926 1845 2991 substinebunt‚acdodsuadeti-

184 3012 280 3065 eodem
297 3011 413 3066 concilio
424 3013 458 3065 de
473 3014 576 3082 pascha
591 3029 653 3068 eum
665 3013 790 3083 capitulis
805 3014 903 3067 ibidem
920 3030 984 3069 con·
1037 3011 1117 3065 derio
1130 3013 1335 3066 conservabunt
1346 3014 1397 3068 sibi
1412 3016 1561 3085 inopistros
1576 3015 1614 3085 (lt
1621 3016 1690 3070 Tim.
1702 3017 1754 3084 rv),
1767 3025 1794 3071 et
1804 3034 1845 3072 re-

184 3098 282 3152 stitutis
297 3100 440 3169 epistolam
456 3101 592 3154 conditam
608 3102 717 3171 reperit.
735 3103 774 3155 De
790 3102 864 3170 cujus
880 3102 984 3157 scilicet
1037 3100 1120 3170 liqna.
1138 3101 1308 3171 thuoniam
1325 3101 1425 3156 scimus
1437 3102 1493 3166 ubi,
1509 3111 1535 3157 et
1552 3111 1654 3174 quanto
1665 3114 1801 3176 tempore,
1817 3116 1843 3162 et

183 3187 382 3253 lsidoridictis,
401 3189 803 3260 sedetdeepistolnDamnsi.
821 3206 902 3260 quam
927 3207 983 3245 suae
1034 3189 1168 3259 aquibus,
1185 3198 1210 3243 et
1233 3206 1293 3260 quae
1314 3205 1345 3244 ac
1369 3200 1468 3260 quanta
1496 3191 1625 3256 didicisti,
1655 3194 1702 3264 qui
1728 3209 1785 3249 non
1813 3211 1843 3249 es

182 3275 335 3347 praefationi
350 3279 500 3348 supposuit,
518 3287 544 3332 et
559 3278 711 3334 collectioni
727 3279 884 3349 preposuit,
905 3296 982 3350 qure-
1033 3277 1129 3331 doetus
1142 3277 1169 3330 in
1186 3277 1280 3331 schola
1295 3278 1426 3344 Danielis,
1443 3280 1478 3333 de
1494 3296 1547 3350 quo
1571 3280 1681 3346 dicitur,
1708 3282 1842 3355 uunquid

182 3364 243 3418 dam
260 3382 370 3435 possem
385 3366 520 3437 prolixius
544 3368 699 3424 ostendere.
727 3368 781 3422 Sed
805 3384 866 3423 cum
890 3369 925 3422 ad
949 3383 982 3423 ea
1033 3368 1065 3421 iu
1079 3366 1196 3420 Daniele
1211 3368 1509 3438 sapientioriilizecb.
1520 3370 1771 3441 xxviii.)quandiu
1780 3372 1841 3426 talia

181 3469 243 3524 quar
260 3454 322 3510 binc
342 3444 408 3509 ¹sunt
435 3472 513 3526 opus,
543 3456 701 3526 apostolicae
728 3455 801 3511 sedis
831 3457 938 3522 beonia,
956 3465 982 3510 et
1031 3452 1079 3507 tibi
1104 3454 1139 3508 ad
1167 3454 1344 3509 intentionem
1373 3463 1516 3511 tuamnon
1544 3456 1700 3527 profutura,
1730 3477 1794 3530 quae
1813 3460 1838 3514 in

181 3540 292 3605 Galesi,
309 3559 340 3599 ae
355 3553 515 3599 ceterorum
531 3545 688 3615 pontificum
711 3547 895 3601 Romanorum
919 3554 981 3617 post
1032 3542 1194 3597 commentis
1209 3544 1261 3597 tuis
1276 3544 1455 3609 continentur,
1472 3545 1550 3600 vadis
1566 3545 1708 3615 fodiendo,
1732 3548 1835 3615 utilius,

180 3631 338 3696 Damasum,
370 3631 596 3688 sufficientissime
625 3635 772 3690 auctoritas
801 3643 827 3688 et
849 3634 980 3704 explana-

180 3718 216 3773 tio
246 3729 380 3791 suppetat,
406 3722 571 3791 superlluum
605 3723 669 3776 duxi
697 3739 750 3776 non
777 3723 930 3777 necessaria
953 3723 978 3775 in

180 3809 300 3863 medium
314 3810 456 3873 devocare,
474 3826 507 3863 ne
523 3810 588 3862 illud
605 3810 739 3879 poeticum
755 3811 819 3863 mibi
834 3810 978 3878 objiceres,

233 3906 268 3948 Tu
278 3913 311 3947 ne
321 3904 384 3949 torte
395 3905 461 3950 torar
479 3905 504 3949 in
518 3906 614 3959 sylvam
629 3904 705 3959 ligna,
717 3905 807 3950 viator.

179 3983 219 4036 Tu
234 3982 311 4047 dicis,
327 3992 355 4036 ut
370 3984 470 4049 audivi,
489 3986 549 4056 quia
566 4000 620 4039 non
636 4001 688 4056 ego
703 3986 777 4039 solus
792 3985 869 4055 sapio
894 3999 978 4040 cano·

181 4086 230 4125 nes
244 4080 270 4125 et
285 4087 381 4126 rernm
397 4072 475 4126 dicis.
487 4076 606 4143 Accepto
612 4089 726 4142 prorsus
735 4075 788 4128 hoc
799 4073 912 4130 dictum.
924 4089 977 4128 non

179 4158 241 4230 quia
257 4167 330 4214 tuum
345 4168 396 4221 est,
415 4161 463 4214 sed
478 4162 539 4232 quia
554 4171 703 4216 verumcst.
715 4163 808 4234 Etego
823 4162 895 4227 dico,
916 4162 977 4232 quia

178 4262 231 4301 non
248 4256 275 4302 tu
290 4249 363 4303 solus
379 4249 448 4303 bene
464 4249 591 4322 intelligis
607 4266 736 4308 canones,
753 4259 779 4304 et
795 4267 889 4304 verum
904 4251 974 4305 ilico.

178 4336 279 4407 Recipe
293 4337 375 4407 igitur
395 4338 573 4406 hecdicium,
590 4340 719 4410 nonqnia
742 4355 832 4393 meum
850 4348 900 4406 est,
928 4339 975 4393 sed

1029 3632 1084 3685 imo
1100 3632 1163 3702 quia
1178 3632 1237 3686 brec
1252 3631 1357 3686 inutilia
1372 3641 1434 3686 sunt
1449 3633 1513 3688 utile
1540 3634 1588 3687 tibi
1603 3632 1674 3691 soret
1688 3635 1737 3690 illa
1759 3653 1837 3708 quae-

1031 3735 1104 3787 rere,
1120 3736 1180 3790 quae
1194 3721 1227 3774 ad
1242 3728 1315 3774 tuam
1330 3729 1356 3775 ct
1369 3721 1577 3777 commissorum
1593 3723 1641 3777 tibi
1656 3723 1837 3782 salvationem

1030 3808 1166 3862 debueras
1181 3808 1312 3878 bajulare.
1331 3810 1441 3865 Scilicet
1470 3811 1605 3881 quomodo
1624 3811 1651 3866 in
1665 3813 1775 3885 regulis
1791 3830 1838 3870 sa·

1030 3883 1083 3951 cris
1098 3897 1200 3950 debeas
1214 3897 1375 3970 intelligere,
1392 3898 1455 3969 quia
1468 3899 1578 3970 quidam
1589 3899 1721 3967 jubentur
1749 3918 1838 3975 usque

1029 3984 1064 4037 ad
1093 3984 1206 4039 missam
1234 3987 1487 4041 catechumenorum
1515 4003 1627 4043 manere
1649 3988 1678 4043 in
1708 3990 1837 4056 ecclesia,

1029 4073 1139 4143 quidam
1155 4082 1245 4128 autem
1259 4074 1317 4128 sola
1332 4076 1402 4128 intra
1416 4076 1560 4131 ecclesiam
1570 4075 1694 4131 fidelium
1713 4079 1838 4135 oratione

1025 4160 1103 4230 jungi
1128 4177 1214 4217 sacrae
1239 4163 1429 4232 mysteriorum
1457 4164 1617 4233 celebritati,
1642 4180 1659 4219 a
1683 4166 1838 4224 Dominicis

1027 4257 1117 4305 autem
1132 4266 1234 4305 mensur
1245 4252 1368 4306 convivio
1380 4253 1530 4324 segregari.
1544 4253 1577 4306 Et
1595 4254 1648 4309 Leo
1658 4253 1728 4310 dicit
1738 4256 1836 4329 (epist.

1027 4340 1188 4403 9l‚t·il÷
1222 4360 1232 4387 1
1264 4340 1310 4394 llis
1335 4341 1430 4410 quiin
1454 4349 1577 4412 tempora
1606 4344 1796 4411 necessitatis,
1812 4355 1839 4401 et

177 4425 347 4496 quieveram
362 4435 413 4480 est.
430 4427 463 4480 lit
477 4428 500 4480 si
516 4436 543 4482 tu
560 4437 585 4481 te
600 4437 679 4497 pules
691 4428 760 4482 scire
773 4420 834 4499 quae
857 4444 912 4482 non
936 4428 977 4481 di·
991 4418 1138 4497 Dpericnli
1155 4428 1275 4497 urgentis
1291 4428 1428 4493 instantia,
1445 4430 1602 4500 presidium
1617 4430 1790 4501 poenitentiae
1811 4443 1838 4488 et

177 4513 274 4576 dicisti,
292 4530 344 4585 ego
368 4515 443 4569 illum
464 4516 601 4569 hominem
628 4517 715 4570 solum
739 4516 800 4570 dico
828 4533 899 4581 esse,
930 4516 975 4587 qui

177 4602 253 4657 scivit
267 4620 328 4674 quae
343 4620 397 4658 non
414 4605 448 4656 ab
463 4605 572 4659 bomine
587 4605 689 4668 didicit,
707 4605 741 4658 de
757 4621 810 4674 quo
835 4606 974 4660 admiran-

176 4698 217 4744 tes
232 4691 356 4746 diecbant
371 4693 458 4747 iudei
475 4712 481 4746 :
499 4694 636 4759 Quomodo
654 4694 889 4756 liictiticrusscit,
910 4711 974 4748 cum

177 4795 234 4832 non·
249 4781 380 4835 didicerit
391 4787 402 4836 ἱ)
412 4782 503 4850 (loon.
522 4784 628 4851 1111111
643 4782 705 4835 ideo
719 4781 859 4850 potuitper
878 4782 974 4835 idiotas

177 4872 203 4919 et
218 4865 368 4934 piscatores
379 4869 476 4924 docere
492 4879 624 4934 oratores,
638 4879 663 4923 et
687 4870 834 4940 subjugare
858 4870 909 4922 sibi
920 4887 973 4923 rm-

176 4962 328 5025 peratores.
345 4957 380 5009 ln
395 4959 458 5026 quia
473 4976 525 5031 ego
539 4960 600 5014 dico
616 4959 691 5012 illurn
719 4959 807 5013 solum
837 4958 973 5014 bominem

177 5058 248 5108 esse,
266 5044 311 5114 qui
327 5045 404 5098 scirit
421 5064 480 5117 qnae
500 5049 533 5101 ab
549 5048 658 5103 homine
674 5064 728 5102 non
744 5047 846 5107 didicit,
864 5058 890 5101 tu
902 5048 971 5103 vide-

177 5132 218 5186 bis
233 5132 266 5186 de
283 5132 373 5197 Paule,
391 5135 437 5204 qui
450 5135 514 5189 dicit
530 5154 558 5191 se
573 5153 627 5191 non
644 5136 770 5191 didicisse
791 5138 823 5189 ab
852 5137 970 5198 bomine,

176 5222 224 5275 sed
239 5238 289 5291 per
304 5221 498 5277 revelationem
513 5226 577 5277 lesu
593 5226 702 5291 Clu-isti,
720 5242 799 5296 quem
816 5226 887 5280 idem
904 5227 972 5278 l'au-

175 5307 218 5362 lus
232 5311 367 5366 hominem
395 5327 524 5366 essenon
553 5314 708 5383 denegavit,
733 5315 843 5384 quando
863 5313 972 5368 dixitne

1025 4530 1088 4568 mox
1103 4516 1333 4570 reconciliationis
1348 4517 1502 4587 implorant,
1520 4534 1570 4573 nec
1585 4517 1739 4575 satisfactio
1752 4521 1837 4577 inter-

1025 4603 1140 4657 dicenda
1156 4611 1207 4671 est,
1223 4621 1272 4659 nec
1288 4605 1473 4660 reconciliatio
1487 4606 1658 4679 deneganda.
1681 4629 1692 4657 r
1705 4608 1740 4662 Et
1752 4611 1836 4666 Inno-

1025 4692 1130 4746 centius
1140 4693 1206 4747 dicit
1222 4693 1315 4764 (epist.
1329 4698 1353 4758 l,
1370 4710 1394 4747 e.
1414 4697 1456 4753 tal
1474 4712 1480 4747 ε
1498 4697 1530 4750 Ut
1546 4711 1606 4765 quae
1617 4696 1728 4752 Christo
1746 4698 1832 4769 spiri·

1024 4781 1247 4835 tunliternubunt
1263 4791 1288 4835 et
1312 4797 1327 4835 n
1352 4783 1494 4837 sacerdote
1519 4784 1650 4850 velantur,
1681 4786 1705 4839 si
1735 4797 1835 4858 postea

1024 4868 1066 4923 vel
1082 4869 1189 4938 publice
1204 4870 1354 4939 nupserint,
1371 4871 1413 4925 rel
1432 4888 1461 4924 se
1489 4870 1614 4928 clanculo
1637 4877 1827 4946 corruperint,

1023 4973 1078 5012 non
1092 4972 1139 5011 eas
1154 4958 1335 5012 admittendas
1351 4975 1411 5014 esse
1426 4960 1461 5013 ad
1480 4961 1613 5032 agendam
1628 4963 1834 5031 paenitentiam,

1022 5045 1074 5099 nisi
1090 5045 1112 5097 is
1127 5045 1170 5099 cui
1185 5063 1214 5100 se
1227 5047 1373 5115 junxerant
1401 5049 1435 5103 de
1463 5049 1564 5104 mundo
1592 5051 1751 5106 recesserit.
1774 5055 1836 5108 »Et

1023 5134 1185 5188 Ccrlestiuus
1199 5135 1264 5190 dicit
1274 5136 1366 5208 (epici.
1386 5140 1409 5201 1,
1428 5154 1452 5192 c.
1469 5140 1498 5207 2)
1516 5139 1569 5192 :Ut
1583 5138 1648 5192 nulli
1663 5139 1700 5193 sit
1728 5141 1828 5196 ultima

1022 5223 1180 5293 poenitentia
1195 5223 1363 5296 deneganda.
1385 5225 1480 5279 »Cum
1496 5226 1568 5281 enirn
1593 5226 1685 5282 nullus
1714 5228 1826 5293 dieitur.

1022 5327 1102 5365 nemo
1117 5313 1254 5382 excipitur.
1273 5314 1306 5366 Et
1321 5314 1375 5367 Leo
1391 5315 1459 5368 sicut
1474 5315 1655 5385 praemisimus
1670 5317 1825 5391 (ι’-1111191,

176 5396 336 5462 nibilscirc,
348 5401 671 5465 nisiJesumeristuni,
682 5403 971 5470 etliuuccrucifinunr
1020 5414 1048 5454 e.
1069 5403 1095 5453 11
1113 5418 1119 5452 :
1141 5422 1149 5450 r
1168 5401 1378 5471 implorantibus
1394 5419 1443 5458 nec
1454 5403 1613 5471 satisfactio,
1631 5405 1729 5477 inquit,
1744 5406 1824 5463 inter·

177 5483 339 5555 (lCor.vr):
365 5488 613 5558 quietesusDeus
633 5491 765 5553 ethome,
783 5491 910 5561 quoniam
927 5490 971 5544 di·
1019 5488 1136 5543 dicenda
1151 5499 1202 5559 est,
1218 5505 1268 5545 nec
1283 5492 1468 5547 reconciliatio
1483 5493 1688 5565 deneganda.»
1721 5496 1823 5551 littra·
