3794 6104
68 308 71 313 θ
128 239 177 291 toa
573 285 579 298 ,
609 233 780 288 amentum
793 229 992 287 mancusas
1006 230 1280 288 tucnfflrlscoet
1732 235 1783 291 itt

124 359 193 413 sicut
206 357 339 412 Dominus
354 356 422 411 dixit
435 358 469 410 dc
485 356 618 426 baptismo
632 356 705 426 quod
716 353 806 410 nulius
830 362 921 425 potest
934 355 1034 416 Auem
1049 354 1083 409 ab
1099 354 1140 409 his
1155 354 1233 410 malis
1249 369 1303 410 non
1317 355 1477 411 cessavitad
1490 356 1716 413 communionem
1728 373 1783 413 non

126 443 356 510 herisalvus,nisi
364 446 425 518 quis
432 448 548 500 renatus
558 444 689 515 sueritea
697 460 771 514 aqua
780 447 808 499 et
816 444 928 515 Spiritu
977 442 1099 509 accedat,
1118 443 1209 499 sciens
1224 443 1271 515 qui
1285 442 1540 500 condemnationem
1555 444 1682 516 accipiet.
1700 445 1738 500 Et
1749 461 1783 502 ex

127 535 325 602 sancto(}oan.
343 549 384 602 111,
401 534 438 598 hl,
454 532 491 586 ita
507 533 541 587 dc
555 533 606 587 bac
623 540 713 587 sancta
733 531 926 586 communione
975 531 1061 586 verbo
1076 531 1127 586 Dei
1141 531 1288 600 mandabo,
1304 540 1333 586 ut
1347 531 1437 587 nullus
1451 532 1599 604 presbyter
1613 533 1642 587 in
1657 548 1722 589 mea
1735 549 1780 604 pa-

127 623 195 678 dixit
211 640 218 676 ε
236 624 296 679 Nisi
310 622 550 677 manducaveritis
561 637 676 676 earnem
690 621 887 689 fitiihorninis,
898 623 926 675 et
976 619 1069 674 rochia
1083 619 1118 674 de
1133 619 1184 674 alia
1200 619 1330 690 parochia
1344 620 1458 675 veniens
1479 620 1534 675 illis
1549 620 1663 676 missam
1688 629 1781 678 mutet

127 711 252 767 biberitis
260 713 321 782 ejus
329 712 506 781 sanquinem,
517 709 715 765 nonhabebitis
722 709 846 764 nitamin
853 708 926 763 vobis
976 706 1022 779 qui
1037 722 1067 762 se
1080 707 1113 761 ab
1128 707 1187 762 istis
1202 707 1279 762 malis
1294 724 1349 764 non
1365 708 1545 775 correxerint,
1560 709 1634 764 sicut
1654 708 1684 764 in
1698 710 1779 765 Chri·

125 799 217 870 (Joan.
230 815 268 866 vr,
285 800 340 869 ot).
350 799 384 852 Et
396 798 465 853 sicut
475 797 541 852 dixit
553 814 559 851 ι
572 797 784 863 Qaicrediderit
794 797 925 868 ethapti-
976 795 1010 849 sti
1025 810 1119 850 amore
1134 811 1183 851 vos
1193 797 1338 867 deprecor.
1354 796 1390 851 Et
1403 811 1484 851 nemo
1499 796 1634 867 despiciat
1658 797 1755 854 dicens
1770 817 1777 854 :

124 892 206 943 zatus
217 890 308 959 suerit
322 889 416 943 salvus
426 887 480 941 erit
491 887 577 956 (blare
594 901 654 948 xvi,
668 884 809 951 td);idest
820 883 926 956 siquod
977 882 1049 950 Quid
1064 884 1087 938 si
1101 883 1153 938 iste
1169 884 1313 955 episcopus
1341 884 1404 939 talia
1428 885 1686 941 commendaverit?
1708 886 1781 942 Sciat

125 976 249 1047 promisit
263 976 290 1030 in
305 975 477 1045 baptismate,
493 973 603 1029 diabolo
618 980 645 1027 et
661 972 720 1042 ejus
734 971 865 1043 operibus
877 973 926 1027 ab·
975 986 1024 1041 pro
1039 979 1113 1026 certo
1128 972 1192 1043 quia
1207 972 1403 1044 qualiscunque
1417 988 1470 1044 ego
1485 973 1547 1039 sim,
1564 974 1640 1029 Deus
1653 988 1741 1029 verax
1754 982 1781 1030 et

125 1063 311 1127 renuntiando,
324 1071 351 1118 ει
364 1063 391 1116 in
407 1064 493 1118 Deum
515 1061 568 1116 fide
596 1076 657 1132 quae
679 1077 729 1131 ρει
751 1061 926 1115 dilectionem
976 1060 1148 1130 omnipotens
1161 1060 1262 1132 estqui
1276 1060 1437 1117 dixitnobis
1452 1078 1459 1114 :
1477 1062 1655 1134 Quaecunque
1673 1063 1782 1135 tipum·

122 1161 163 1207 est
177 1152 323 1217 credendo,
340 1151 414 1223 quod
429 1158 472 1206 est
486 1158 513 1204 ut
532 1149 558 1203 in
576 1148 628 1203 lide
643 1156 670 1203 ct
693 1148 772 1203 honis
796 1148 926 1218 operibus
948 1190 951 1196 ,
976 1147 1042 1202 ritis
1052 1165 1137 1220 super
1152 1152 1269 1216 terram,
1286 1153 1373 1204 erunt
1384 1150 1558 1221 liqataetjin
1580 1151 1649 1206 coeto
1666 1150 1778 1220 (batn.

122 1249 293 1311 permaneat,
318 1246 343 1295 ει
364 1240 387 1294 si
403 1246 464 1309 post
493 1237 659 1307 baptismum
683 1237 852 1307 peccaverit,
877 1253 927 1308 per
976 1250 1059 1304 xviii,
1075 1240 1129 1304 ia).
1145 1237 1180 1291 tn
1195 1236 1218 1290 si
1232 1235 1330 1307 aliquis
1344 1236 1460 1292 dixerit:
1478 1237 1520 1293 ld
1535 1236 1599 1293 illos
1613 1237 1674 1294 dies
1697 1239 1726 1293 in
1742 1238 1781 1294 nl·

122 1329 323 1385 consessionem
341 1333 368 1381 et
389 1326 502 1399 dignam
529 1325 717 1396 paenitentiam
742 1325 796 1379 iilis
822 1325 866 1396 qui
897 1325 926 1380 in
976 1331 1062 1378 teram
1078 1325 1124 1379 ihc
1138 1324 1306 1394 parochiam,
1323 1324 1391 1380 sciat
1405 1325 1576 1398 quiscunque
1602 1324 1649 1381 ille
1664 1341 1722 1382 uon
1736 1328 1780 1384 ho

124 1433 187 1472 curn
198 1422 382 1486 peccaverunt
410 1414 582 1480 dimittendo,
599 1412 720 1469 ethonis
735 1413 865 1484 operibus
885 1414 927 1468 in-
976 1412 1056 1467 minis
1072 1412 1121 1467 scd
1137 1413 1186 1467 Dei
1200 1413 1296 1468 illusor
1311 1422 1338 1468 et
1354 1430 1420 1468 suus
1435 1414 1495 1484 ipse
1508 1414 1651 1486 deceptor,
1672 1416 1737 1486 quia
1757 1415 1780 1472 si

126 1504 258 1570 sistendo,
274 1504 327 1558 hoc
340 1504 413 1574 quod
428 1502 499 1557 male
519 1501 583 1557 iecit
611 1503 746 1557 emendet.
778 1503 817 1556 lta
845 1501 926 1557 ctiam
976 1500 1004 1554 in
1018 1501 1131 1555 alteram
1146 1501 1303 1571 parochiam
1321 1502 1524 1558 communicare
1553 1503 1594 1559 sic
1623 1518 1778 1560 excommu-

124 1593 158 1646 de
182 1593 234 1647 hac
261 1599 355 1647 sancta
382 1591 573 1647 communione
594 1590 684 1644 dixit:
702 1590 753 1656 Qui
770 1591 926 1645 manducat
976 1589 1081 1644 nicetus
1089 1589 1252 1660 perrexerit,
1283 1590 1412 1661 quoniam
1440 1590 1526 1660 majus
1545 1590 1629 1646 etiam
1646 1591 1778 1660 judicium

125 1696 241 1736 earnem
255 1696 348 1736 nicam
358 1684 386 1735 et
399 1679 467 1734 bibit
476 1695 571 1735 meum
580 1680 798 1750 sanquinemin
808 1695 852 1733 ine
861 1696 962 1767 nro-B
977 1692 1071 1732 coram
1096 1678 1154 1733 Deo
1169 1677 1322 1744 sustinebit,
1341 1679 1405 1752 quia
1417 1685 1494 1750 putat
1514 1678 1634 1734 seillam
1657 1677 1780 1753 effugere

125 1773 175 1824 net
190 1768 318 1841 eteqnin
333 1769 517 1839 anticanus,
533 1769 599 1837 57);
617 1774 643 1821 ει
659 1783 666 1820 :
682 1767 787 1840 Siquis
802 1768 926 1822 monda-
977 1780 1059 1836 posse
1074 1765 1119 1837 qui
1134 1765 1236 1838 ubique
1254 1773 1306 1833 est,
1330 1775 1357 1821 et
1371 1767 1449 1836 cujus
1463 1766 1556 1833 verbo,
1586 1783 1779 1840 nonmeapc

125 1859 234 1912 canerit
249 1873 288 1912 ea·
299 1858 350 1913 hoc
366 1872 449 1928 pane,
465 1857 537 1911 vivet
552 1856 583 1910 ia
593 1860 744 1920 eternum,
761 1859 790 1910 et
809 1871 857 1927 epo
879 1871 927 1911 re·
976 1860 1074 1908 testate
1089 1854 1237 1909 secundum
1252 1854 1408 1922 hominem,
1425 1855 1474 1910 sed
1488 1854 1639 1911 secundum
1657 1856 1779 1913 divinum

124 1947 265 2001 suscitato
284 1961 348 2000 enm
377 1946 408 2000 in
430 1946 581 2001 nouissima
610 1944 655 1999 die
681 1944 771 2012 (ibid,
804 1946 848 2010 52,
869 1943 925 2014 55).
976 1942 1168 2008 ministerium,
1185 1942 1260 1998 illum
1281 1942 1531 2000 excommunicabo.
1548 1945 1582 1998 Et
1599 1959 1657 2000 non
1687 1943 1779 2001 irasci·

124 2034 271 2105 Propterea
298 2033 438 2101 attendite,
467 2049 563 2089 omnes
591 2032 747 2101 Christiani,
777 2031 841 2103 quia
868 2031 926 2087 sine
976 2029 1051 2099 mini,
1068 2029 1160 2086 dilecti
1175 2030 1273 2087 fratres
1288 2039 1315 2087 et
1328 2030 1385 2096 filii,
1417 2031 1480 2103 quia
1503 2039 1620 2102 paterna
1633 2031 1779 2089 dilectione

122 2122 173 2177 ista
191 2122 381 2177 communione
396 2138 448 2177 nec
462 2121 653 2177 remissionem
678 2128 853 2192 peccatorum
877 2135 927 2191 po-
976 2135 1025 2174 vos
1040 2134 1148 2174 moneo.
1173 2120 1227 2174 Sed
1242 2119 1373 2192 corrigite
1395 2135 1455 2187 vos,
1476 2120 1645 2176 attendentes
1666 2121 1779 2176 commi·

122 2210 200 2265 testis
208 2211 404 2281 acciperc,nec
413 2210 447 2264 de
458 2208 566 2265 interno
573 2209 695 2277 libcrari,
705 2224 756 2263 neo
766 2209 799 2262 ad
809 2224 926 2281 regnum
975 2208 1111 2262 nationem
1127 2208 1178 2263 Dei
1192 2217 1218 2263 ει
1232 2210 1267 2263 ad
1282 2225 1326 2264 mc
1341 2217 1368 2264 et
1391 2209 1427 2265 ad
1441 2225 1491 2265 vos
1508 2208 1616 2265 iactam
1633 2209 1679 2264 Ait
1707 2210 1778 2266 enirn

123 2299 174 2353 Dei
187 2298 301 2368 potestis
315 2298 467 2368 pervenire.
484 2299 517 2351 Et
533 2297 579 2368 qui
603 2297 685 2352 istam
704 2297 925 2352 communionem
975 2297 1108 2350 Dominus
1121 2296 1265 2368 unicuique
1280 2297 1326 2368 qui
1340 2296 1457 2352 officium
1486 2297 1656 2353 sacerdotale
1685 2312 1778 2354 susce·

123 2401 185 2441 cum
199 2385 262 2440 odio
277 2393 303 2439 ct
317 2385 402 2441 corde
415 2384 497 2455 pleno
513 2385 547 2439 de
563 2384 717 2456 iniquitate,
734 2384 803 2439 sicut
813 2384 879 2449 dixi,
898 2390 925 2440 et
974 2384 1012 2454 pit
1025 2401 1031 2438 τ
1043 2385 1073 2440 st
1083 2386 1327 2441 annuntiaveritis
1337 2386 1434 2458 iniquo
1442 2387 1627 2458 iniquitatem
1636 2403 1730 2453 suam,
1750 2390 1779 2442 et

124 2489 187 2529 cum
197 2473 335 2528 voluntate
350 2473 482 2544 peccandi
495 2472 660 2543 acceperint,
674 2471 805 2541 judicium
816 2480 842 2526 ct
855 2488 924 2527 uon·
974 2475 1219 2544 conversussuerit
1228 2474 1778 2547 illeinipuuscbirnpietatesuc,ilieaitc

125 2561 327 2618 damnationem
342 2560 394 2615 sibi
408 2560 551 2631 accipient.
576 2562 610 2615 Et
631 2559 692 2615 ideo
711 2560 814 2614 nullum
834 2560 924 2616 consi·
974 2563 1055 2626 viaet,
1068 2565 1095 2616 et
1104 2565 1136 2616 tu
1144 2563 1272 2616 animuin
1281 2566 1362 2618 tuam
1372 2562 1509 2617 liberasti.
1520 2563 1555 2618 Et
1563 2564 1589 2617 si
1596 2579 1656 2618 non
1664 2579 1777 2619 annun·

122 2650 188 2705 lium
203 2650 276 2705 aliud
291 2649 413 2721 restatei
427 2650 581 2721 quicunque
596 2648 654 2704 vult
668 2649 760 2703 salvus
786 2647 855 2714 fieri,
871 2649 925 2704 nisi
974 2651 1090 2706 tinuerit
1099 2651 1196 2722 iniqua
1210 2651 1393 2722 iniquitatem
1402 2667 1494 2717 suam,
1504 2654 1600 2706 etnon
1609 2653 1702 2722 fuant
1712 2656 1778 2707 certi

120 2739 194 2793 utab
209 2738 398 2810 iniquitatibus
413 2746 511 2802 cesset,
528 2745 554 2792 et
568 2737 770 2808 indepoenitcat
786 2746 812 2793 ct
827 2737 924 2793 offerat
973 2755 1068 2795 rrersns
1079 2739 1129 2794 illa
1139 2740 1244 2811 impias
1255 2739 1289 2794 ab
1303 2740 1520 2812 impietatasan,
1542 2740 1728 2814 ipseiniquas
1745 2743 1777 2797 in

124 2826 392 2882 Deoconfessionem
407 2827 442 2880 de
464 2825 608 2896 praeteritis
623 2825 742 2897 peccatis
764 2833 789 2881 et
812 2824 922 2896 profes·
972 2828 1346 2899 iniquitatesuantorietur,
1364 2828 1533 2898 sanquinem
1551 2831 1650 2884 autem
1663 2831 1726 2900 ejus
1742 2829 1776 2885 de

123 2915 237 2982 sionem,
255 2923 283 2968 ut
296 2914 325 2967 in
341 2913 475 2985 reliquum
499 2922 588 2969 cesset
601 2929 616 2967 a
631 2913 760 2984 peccatis,
790 2921 922 2985 quantum
971 2932 1060 2970 manu
1085 2920 1134 2970 tac
1158 2917 1301 2987 requiram
1324 2916 1435 2986 (Erech.
1459 2931 1499 2984 ιιι,
1516 2915 1572 2986 39).
1590 2914 1773 2989 Quapropter,

122 3002 147 3058 ei
162 3003 235 3058 Deus
248 2996 413 3071 adjutorium
429 3001 545 3070 dederit,
564 3011 590 3056 ει
603 3001 683 3056 bonis
694 3001 801 3056 insistat
829 3003 920 3072 operi-
970 3002 1071 3058 fratres
1085 3012 1111 3058 et
1124 3002 1181 3071 filii,
1199 3003 1340 3070 attendite,
1357 3003 1419 3075 qnia
1445 3006 1517 3059 Deus
1536 3004 1712 3076 omnipotens
1733 3014 1777 3062 est

122 3091 183 3160 hus,
195 3099 222 3146 et
237 3088 357 3146 confisus
371 3090 404 3144 dc
419 3089 606 3144 misericordia
621 3090 680 3158 Dei,
689 3090 791 3144 mundo
807 3061 957 3160 corporeG
972 3090 1018 3162 qui
1030 3096 1080 3146 ista
1090 3092 1167 3157 dixit,
1178 3092 1273 3162 etipse
1287 3091 1587 3164 uoslecit,etipsenos
1603 3093 1732 3160 redemit,
1747 3101 1775 3150 et

123 3187 149 3234 ει
161 3193 232 3250 pura
248 3178 415 3234 conscientia
426 3186 452 3234 et
469 3178 585 3233 contrito
600 3179 683 3234 corde
706 3177 820 3248 accipiat
843 3193 921 3233 com·
971 3187 1033 3234 ante
1047 3179 1123 3234 illius
1134 3179 1267 3247 judicium
1282 3195 1377 3235 omues
1390 3181 1551 3249 astabimus,
1567 3189 1595 3236 et
1608 3180 1647 3235 ibi
1659 3180 1773 3251 judicati

120 3267 278 3322 munionem
292 3266 417 3338 corporis
436 3274 462 3320 et
478 3265 619 3338 sanguinis
648 3265 766 3321 Domini.
796 3266 831 3319 Et
856 3273 922 3321 tunc
972 3268 1074 3323 crimus
1089 3283 1139 3322 nos
1154 3269 1320 3337 sacerdotes,
1351 3278 1378 3325 et
1408 3268 1545 3340 principes
1574 3285 1607 3324 ac
1635 3270 1771 3338 seniores,

120 3371 174 3411 non
189 3355 242 3411 erit
264 3355 289 3410 ci
299 3355 327 3408 in
342 3354 609 3419 condemnationem,
625 3355 675 3409 sed
691 3353 921 3410 inremissionem
972 3356 1017 3427 qui
1031 3371 1080 3412 vos
1095 3357 1244 3413 admonere
1259 3366 1285 3413 ει
1293 3358 1429 3431 castigare
1443 3358 1586 3423 debemus,
1602 3365 1629 3413 et
1643 3374 1695 3429 pro
1708 3374 1772 3415 nos-

119 3439 240 3501 omnium
255 3451 441 3523 peccatorum,
460 3450 486 3498 et
514 3443 542 3497 in
557 3442 753 3508 fortitudinem,
780 3451 806 3497 ut
834 3443 923 3514 possit
971 3444 1020 3499 tris
1034 3461 1067 3501 aa
1082 3445 1181 3501 vestris
1196 3445 1335 3516 peccatis;
1361 3455 1389 3501 et
1403 3461 1452 3503 vos
1468 3446 1549 3501 etiam
1560 3445 1673 3516 judicati
1683 3445 1769 3512 eritis,

119 3533 249 3589 resistere
259 3533 381 3598 diabolo,
396 3541 422 3588 ει
438 3534 473 3588 ad
489 3548 605 3606 regnum
620 3532 671 3587 Dei
685 3531 840 3603 pervenire.
851 3530 921 3600 Quo
970 3549 1026 3588 non
1040 3533 1128 3590 solum
1141 3534 1176 3589 de
1203 3534 1400 3606 peccatisque
1425 3533 1539 3600 iecistis,
1556 3541 1583 3589 et
1604 3549 1660 3590 non
1686 3534 1771 3606 poeni·

118 3622 191 3677 niam
207 3623 276 3678 sicut
293 3623 341 3694 qai
351 3621 476 3678 adheret
485 3623 630 3677 meretrici
638 3638 729 3677 anum
744 3637 845 3693 corpas
859 3621 920 3690 effi·
971 3622 1069 3690 tuistis,
1086 3622 1135 3677 sed
1150 3622 1274 3677 etiamde
1296 3622 1524 3678 admonitionibus
1539 3631 1566 3678 et
1582 3621 1770 3694 castigationi·

119 3712 205 3775 citur,
221 3709 257 3763 ita
271 3709 318 3780 qui
331 3709 413 3780 digne
424 3709 606 3763 communicat
620 3708 655 3762 de
669 3708 720 3762 ista
729 3707 920 3763 communione
970 3710 1022 3764 bus
1036 3726 1104 3781 quas
1118 3711 1331 3781 contempsistis.
1355 3711 1429 3766 Deus
1444 3710 1628 3782 omnipotens,
1659 3710 1706 3782 qui
1720 3726 1770 3782 ρει

120 3813 190 3851 unns
206 3796 317 3866 spiritus
336 3804 377 3850 est
392 3812 453 3851 curn
469 3796 619 3864 nominati
628 3796 688 3851 Cor.
705 3810 743 3861 vr,
770 3796 824 3865 ld),
841 3802 868 3849 et
892 3795 921 3849 in
970 3797 1078 3853 meista
1092 3797 1212 3868 loquitur
1233 3798 1262 3853 in
1289 3798 1399 3854 auribus
1414 3799 1522 3865 vestris,
1538 3814 1589 3870 per
1603 3813 1634 3854 ae
1648 3798 1710 3856 haec
1730 3799 1769 3854 lo·

56 3891 59 3896 ’
120 3899 174 3953 quo
189 3884 262 3937 Deus
276 3881 380 3936 habitat
394 3882 489 3953 etipse
503 3881 532 3936 in
547 3884 614 3947 Deo,
631 3890 656 3936 ct
671 3881 700 3935 in
714 3881 760 3936 tali
770 3880 879 3937 homine
891 3882 919 3937 in
970 3892 1068 3956 quatur
1080 3883 1110 3939 iu
1124 3885 1252 3941 cordibus
1266 3887 1374 3943 vestris.

119 3984 173 4040 quo
188 3970 260 4024 Deus
274 3969 384 4034 habitat,
402 3969 488 4041 etqui
502 3969 530 4023 iu
545 3971 603 4025 Deo
612 3969 724 4038 habitat,
740 3985 795 4024 non
808 3969 920 4025 habebit

118 4066 261 4130 peccatum
276 4065 302 4113 et
316 4057 421 4127 peccati
435 4065 531 4113 auctor
545 4066 627 4129 atque
641 4059 760 4113 hortator
781 4058 917 4129 diabolus,
1223 4036 1394 4094 EPISTOLA
1413 4037 1514 4093 xvffl·

119 4145 313 4202 damnabiliter
325 4145 435 4211 locum;
451 4153 477 4200 et
493 4146 516 4200 si
541 4147 579 4201 ita
600 4147 826 4217 perseveraverit,
856 4155 918 4219 post
1057 4168 1099 4208 xo
1113 4167 1305 4209 ermerannus
1325 4168 1483 4208 aunnnsis
1501 4167 1660 4210 raxocuun.

119 4243 234 4290 mortem
248 4234 275 4289 in
289 4233 434 4306 refrigerio
462 4235 523 4300 erit,
554 4243 581 4290 et
607 4243 670 4306 post
692 4235 919 4292 resurrectionem
1264 4270 1304 4324 De
1322 4269 1467 4336 baptismo·

116 4323 148 4379 in
164 4332 320 4379 sanctorum
335 4322 495 4394 angelorum
510 4324 646 4379 consortio
662 4340 724 4380 curn
738 4324 845 4379 Christo
859 4323 918 4380 sine

118 4411 173 4472 fine
186 4412 322 4486 regnabit.
339 4412 374 4465 Et
386 4411 470 4467 nolite
481 4428 593 4482 sperare
607 4413 668 4485 quia
691 4421 795 4468 tantum
809 4413 844 4467 ad
865 4411 952 4474 ter'D

118 4517 210 4557 rorem
237 4510 365 4567 vestrum,
400 4508 426 4554 ct
453 4515 508 4555 non
537 4516 570 4555 ex
593 4501 707 4557 veritate
735 4503 786 4557 hoc
813 4501 913 4557 dicam.
1001 4501 1164 4555 qucuxans
1179 4498 1324 4570 episcopus
1337 4514 1371 4556 ac
1384 4498 1474 4569 plebis
1486 4498 1537 4553 Dei
1552 4496 1669 4554 famulus
1683 4498 1768 4555 dilec-

117 4591 204 4646 Testis
215 4597 257 4646 est
268 4592 342 4646 Deus
357 4588 419 4660 quia
433 4588 502 4644 sicut
517 4605 550 4643 ex
565 4604 613 4643 ore
628 4589 677 4645 Dei
692 4605 743 4659 per
759 4590 915 4660 Scripturas
965 4588 1000 4642 tis
1016 4587 1144 4644 iratribus
1158 4588 1238 4656 hujus
1251 4587 1414 4642 Rhemensis
1427 4585 1567 4657 parochiae
1590 4586 1769 4658 compresby-

119 4679 223 4748 acccpi,
239 4680 312 4735 itaet
326 4679 371 4735 hic
385 4679 420 4735 ad
450 4678 564 4733 salutem
588 4684 614 4732 et
642 4679 841 4733 correctionem
868 4692 915 4733 ve·
966 4677 1030 4731 teris
1046 4677 1158 4733 nostris.

119 4773 202 4819 stram
218 4766 323 4837 scripsi.
340 4768 374 4822 Et
397 4766 489 4823 sciatis
504 4766 569 4837 quin
584 4765 637 4820 nisi
664 4780 712 4821 ros
741 4765 914 4821 correxeritis
1001 4765 1117 4837 Cupiens
1132 4780 1181 4822 vos
1199 4765 1226 4819 in
1240 4763 1315 4819 omni
1329 4779 1411 4819 sensu
1426 4771 1452 4818 et
1466 4762 1590 4819 doctrina
1604 4771 1685 4835 atque
1700 4779 1768 4835 cpe·

118 4860 148 4907 ut
163 4853 213 4906 ista
231 4853 301 4907 mala
316 4855 463 4925 dimittatis,
493 4871 590 4911 omnes
605 4853 692 4926 quiin
710 4852 763 4908 iste
788 4869 849 4909 mea
863 4869 914 4925 pa·
964 4854 1002 4909 ris
1016 4852 1184 4924 perfectione
1198 4853 1285 4927 gratia
1300 4851 1350 4908 Dei
1366 4866 1427 4908 esse
1441 4850 1551 4919 ditatos,
1573 4867 1623 4924 pro
1637 4851 1767 4922 imposito

118 4939 211 4996 rochia
220 4939 272 4993 ista
285 4941 358 4996 maia
372 4942 460 4999 tacitis
479 4941 730 5006 excommunicabo,
753 4949 781 4996 et
799 4942 915 5012 presby·
965 4940 1104 5013 exiguitati
1117 4959 1186 4998 meae
1203 4940 1357 4997 ministerio
1384 4939 1499 5013 singulis
1522 4948 1549 4995 et
1576 4940 1767 4996 incommune

117 5027 324 5084 terismandabo
334 5037 363 5082 ut
373 5031 439 5084 nulli
447 5033 665 5089 communionem
677 5030 795 5086 scienter
801 5031 912 5096 donent,
964 5030 1043 5087 vobis
1057 5031 1183 5101 quaedam
1198 5030 1232 5085 de
1246 5030 1352 5085 actione
1375 5029 1446 5085 sacri
1459 5028 1629 5098 baptismatis
1642 5028 1767 5084 breviter

119 5116 166 5188 qui
180 5116 232 5171 ista
246 5115 317 5171 mala
330 5124 392 5186 post
405 5117 484 5173 istam
505 5120 718 5176 admonitionem
742 5118 872 5174 relectam
886 5119 915 5172 in
965 5136 998 5174 ex
1018 5118 1194 5189 plenitudinis
1222 5118 1364 5173 latitudine
1380 5125 1535 5173 sanctarum
1546 5117 1762 5188 scripturarum,

118 5220 179 5261 mea
194 5204 324 5276 parochia
338 5203 442 5274 iecerit,
458 5223 546 5279 neque
568 5210 606 5263 illi
621 5209 667 5280 qui
689 5206 800 5265 facienti
818 5207 914 5262 volun·
964 5214 991 5262 et
1006 5207 1129 5262 doctriua
1151 5207 1345 5264 catholicorum
1364 5215 1471 5277 patrum
1493 5206 1586 5262 curavi
1615 5219 1765 5276 excerpere

118 5293 186 5347 taric
200 5292 421 5363 communicavit,
436 5301 483 5348 aut
496 5294 604 5350 facienti
623 5297 695 5352 mala
716 5296 863 5353 consensit.
880 5296 915 5350 Et
964 5302 992 5350 et
1005 5293 1107 5351 notitire
1134 5303 1233 5353 uestras
1259 5295 1395 5367 ingerere,
1425 5304 1453 5351 ut
1477 5294 1630 5351 secundum
1657 5307 1765 5349 sacram

103 5381 244 5436 vomnibus
258 5383 293 5437 ad
307 5381 525 5439 communionem
553 5384 745 5441 accedentibus
771 5385 914 5459 presbyter
965 5390 1132 5461 scripturam
1154 5391 1312 5465 intelligatis
1325 5392 1354 5447 in
1368 5399 1461 5448 sancto
1484 5391 1636 5448 ministerio
1664 5397 1767 5446 cuncta

74 5558 76 5563 Ι
119 5477 289 5551 quiscunque
303 5478 457 5545 denuntiet,
473 5477 562 5550 utqui
577 5479 733 5549 postistam
747 5480 913 5543 admonitio·
964 5494 1025 5551 quas
1039 5477 1131 5552 agitis,
1140 5488 1168 5536 ει
1179 5488 1209 5536 ut
1231 5480 1259 5536 in
1273 5488 1370 5554 aperto
1384 5495 1512 5537 sermone
1524 5495 1580 5537 non
1594 5479 1630 5535 sit
1643 5478 1672 5535 in
1686 5475 1768 5536 robis

1180 4386 1251 4454 (Act.
1267 4400 1344 4454 prov.
1362 4382 1429 4440 eccl.
1447 4359 1558 4454 Rheni.)
