3794 6104
55 256 106 308 9⁰5
647 246 824 304 EPISTOLAE
840 246 884 300 ET
912 246 1084 303 bhuuura.
1654 251 1707 305 906

57 383 159 431 sanctae
168 374 299 431 Ecclesioe
308 373 477 430 ldoravensis
488 389 612 427 unacum
622 371 772 426 Semisisuo
783 369 854 424 fideli
870 371 1031 429 Asimiliter
1054 373 1080 426 in
1103 372 1155 427 alia
1179 372 1310 440 Ecclesia,
1336 373 1361 426 iu
1387 389 1440 443 qua
1456 372 1640 443 episcopalem
1654 388 1704 427 re-

57 473 103 519 tuo
117 464 152 518 ad
171 464 265 517 limina
283 470 438 517 sanctorum
454 461 640 531 apostolorum
657 459 727 514 Petri
742 467 768 513 et
783 457 859 512 Pauli
909 468 989 515 stram
1005 462 1038 531 (s.
1052 461 1144 516 sedcm
1156 464 1197 516 ocl
1208 461 1378 530 cathedram)
1389 461 1496 516 noveris
1506 478 1567 516 esse
1578 475 1705 516 necessa-

56 560 235 622 nostramque
250 549 434 620 pontificalem
445 549 617 620 praesentiam
635 547 859 616 venientemque
908 550 985 617 riam,
1002 549 1157 604 ordinemus
1182 550 1351 620 episcopum,
1377 558 1405 603 ut
1427 566 1487 604 cum
1509 549 1551 602 his
1566 548 1673 603 duobus
1689 563 1705 601 a

57 655 186 695 sermone
202 638 313 694 lucilluo
329 637 473 699 referente,
490 637 634 692 didicimus
646 644 698 689 tuae
708 633 859 689 devotionis
908 636 987 690 nobis
1015 638 1147 692 ordinatis
1172 637 1308 707 episcopis
1332 637 1460 707 prelatus
1483 637 1704 707 archiepiscopus

57 728 254 789 sinceritatem,
277 734 303 779 et
328 725 409 779 totius
434 724 526 794 populi
542 732 580 777 tur
596 722 768 786 desiderium,
786 721 858 792 quod
908 733 1008 788 vester,
1021 725 1097 792 juxta
1112 726 1250 781 decretum
1266 724 1455 795 apostolicum,
1468 741 1517 794 per
1531 723 1581 777 alia
1595 723 1666 790 loca,
1677 722 1704 776 in

57 816 133 871 circa
158 815 253 868 sedem
274 812 451 883 apostolicam
475 819 502 866 et
526 818 646 866 nostram
669 809 859 880 paternitatem
909 811 1007 882 quibus
1022 813 1140 883 episcopi
1153 811 1299 868 honorilice
1308 813 1443 867 debentet
1452 811 1702 882 possuntexistere,

59 903 174 957 habetis.
191 903 270 969 Nam,
293 901 383 955 divina
406 900 495 972 gratia
519 899 677 968 inspirante,
698 896 859 966 contemptis
909 900 1080 969 postmodum
1096 902 1183 955 valeat
1198 901 1333 955 ordinare.
1357 901 1533 972 Presbyteros
1555 915 1630 962 vero,
1646 898 1703 951 dia·

57 990 121 1044 aliis
135 988 226 1045 saeculi
240 989 320 1058 hujus
335 987 510 1057 principibus,
535 987 643 1040 beatum
667 987 774 1040 Petrum
789 1000 858 1054 apo·
908 1002 1003 1053 conos,
1019 1005 1067 1042 seu
1082 989 1264 1059 cujuscunque
1285 988 1389 1043 ordinis
1413 987 1538 1052 clericos,
1556 987 1611 1041 sire
1628 985 1704 1040 Scla-

57 1077 149 1132 stolici
164 1076 267 1130 ordinis
288 1075 439 1146 principem
461 1074 648 1144 vicariumque
672 1072 743 1126 illius
757 1073 858 1126 habere
908 1090 966 1141 vos,
984 1075 1199 1144 sire.cujuslibet
1215 1076 1313 1148 gentis,
1337 1076 1383 1147 qui
1405 1077 1475 1131 iutra
1489 1074 1633 1146 provinoiae
1649 1081 1701 1127 tuae

58 1173 207 1235 patronum
221 1171 247 1218 et
261 1163 289 1217 iu
309 1161 435 1217 omnibus
456 1162 607 1229 adjutorem
629 1177 660 1216 ac
685 1160 859 1215 defensorem
908 1160 975 1216 fines
985 1164 1144 1225 consistunt,
1161 1164 1333 1233 precipimus
1357 1180 1418 1218 esse
1442 1164 1578 1232 subjectos
1593 1161 1700 1217 etobe—

58 1253 162 1322 pariter
184 1267 245 1306 cum
267 1249 405 1312 nobilibus
428 1248 493 1303 viris
514 1248 640 1303 fidelibus
663 1248 724 1317 tuis,
748 1256 774 1302 et
796 1263 858 1302 cum
907 1250 1013 1305 dientes
1028 1251 1055 1304 iu
1070 1252 1196 1306 omuibus
1207 1251 1262 1319 jam
1277 1252 1349 1306 dicto
1364 1251 1492 1306 confratri
1506 1258 1600 1305 nostro
1614 1247 1701 1304 archi·

57 1339 135 1394 omni
150 1338 250 1409 populo
264 1346 343 1392 terrae
359 1347 410 1392 tuae
425 1352 518 1392 amore
530 1336 688 1391 fidelissimo
699 1335 815 1405 elegisti,
832 1342 859 1390 et
908 1334 1036 1404 episcopo
1047 1343 1147 1403 vestro,
1158 1343 1186 1389 ut
1196 1334 1262 1389 nibil
1273 1335 1383 1389 omniuo
1393 1333 1702 1404 praeterejuscouscien·

59 1426 196 1497 usquead
211 1424 293 1479 linem
308 1425 359 1479 sub
374 1425 459 1495 ipsius
474 1431 500 1478 et
519 1424 609 1478 vicarii
626 1424 684 1491 ejus
699 1423 858 1478 defensione
908 1423 971 1476 tiam
995 1430 1086 1494 agant.
1113 1422 1190 1490 Quod
1215 1424 1246 1487 si,
1271 1431 1446 1478 contumaces
1468 1430 1494 1476 et
1514 1421 1700 1477 inobedientes

58 1514 131 1570 colla
147 1514 317 1576 submittens,
334 1513 379 1583 pio
388 1510 486 1567 affectu
501 1512 587 1581 cupis,
604 1511 749 1566 auxiliante
762 1510 856 1565 Domi·
908 1510 1064 1578 existentes,
1091 1510 1248 1565 scandalum
1270 1511 1390 1582 aliquod,
1413 1519 1457 1564 aut
1479 1510 1597 1564 schisma
1613 1509 1702 1564 lacere

59 1618 107 1670 no,
123 1610 215 1673 utpote
239 1599 311 1655 filius
334 1600 534 1665 devotissimus,
550 1615 722 1669 permanere.
740 1600 790 1652 Pro
805 1613 858 1669 qua
908 1597 1140 1667 praesumpserint,
1157 1605 1183 1652 et
1198 1605 1259 1669 post
1274 1598 1389 1668 primam
1406 1606 1432 1653 et
1447 1597 1595 1653 secundam
1609 1597 1703 1652 admo·

60 1690 166 1745 scilicet
192 1697 264 1743 tanta
291 1688 343 1742 tide
367 1703 398 1743 ac
420 1687 564 1742 devotione
588 1695 633 1740 tua
654 1694 681 1741 et
701 1686 793 1756 populi
807 1686 854 1750 tui,
871 1686 1038 1772 Baitiouem
1053 1701 1083 1740 se
1099 1685 1209 1741 minime
1233 1687 1410 1753 correxerint,
1437 1686 1514 1757 quasi
1537 1686 1703 1740 zizaniorum

60 1776 230 1847 apostolatus
253 1775 339 1830 nostri
360 1775 432 1828 ulnis
454 1774 583 1837 extensis,
606 1780 632 1828 te
651 1773 727 1844 quasi
748 1772 857 1827 unicum
908 1773 1087 1828 seminatores
1101 1774 1135 1827 ab
1150 1774 1273 1829 ecclesiis
1288 1783 1313 1829 et
1328 1766 1704 1829 smibusrestrisauctoritate

59 1862 148 1920 lilium
162 1878 256 1918 amore
277 1862 381 1934 ingenti
395 1861 600 1932 amplectimur3
618 1868 644 1915 et
659 1876 720 1916 oum
734 1860 860 1915 omnibus
909 1871 1001 1916 nostra
1011 1861 1182 1932 praecipimus
1193 1879 1253 1916 csse
1263 1862 1356 1933 procul
1366 1862 1542 1930 abjiciendos,
1553 1863 1704 1918 secuudum

59 1950 189 2006 fidelibus
203 1951 255 2004 tuis
269 1949 438 2021 paternitatis
453 1957 552 2003 uostrae
566 1949 681 2021 gremio,
697 1948 778 2002 veluti
795 1963 860 2002 oves
909 1949 1095 2004 auctoritatem
1110 1950 1288 2020 capitulorum
1309 1967 1369 2021 quae
1393 1950 1431 2003 illi
1446 1949 1570 2004 dedimus
1585 1956 1611 2003 et
1625 1947 1703 2003 robis

60 2039 172 2094 Domini
186 2039 264 2093 nobis
280 2037 450 2101 commissas,
468 2035 745 2107 recipimus,ritaeque
760 2035 861 2105 pabulo
909 2036 1066 2092 direximus.
1083 2038 1198 2093 Litteras
1213 2037 1330 2109 denique
1346 2037 1528 2102 Sclarouieas,
1544 2053 1560 2090 a
1574 2037 1705 2091 Constan-

60 2127 197 2182 clemente
226 2125 329 2179 nutrire
357 2134 492 2194 optamus,
518 2132 599 2194 atque
621 2124 721 2177 nostris
744 2122 861 2177 assiduis
910 2125 965 2179 tino
981 2126 1099 2195 quodam
1112 2125 1275 2195 philosopho
1287 2133 1415 2195 repertas,
1428 2126 1525 2196 quibus
1535 2125 1594 2178 Deo
1610 2122 1705 2178 laudes

60 2215 189 2285 precibus
203 2212 381 2283 omnipotenti
396 2220 422 2266 te
437 2211 553 2266 Domino
567 2211 759 2266 commendare
774 2211 864 2265 stude·
910 2212 1001 2267 debite
1016 2220 1152 2282 resonent,
1167 2213 1226 2281 jure
1242 2213 1399 2277 laudamus;
1420 2221 1446 2267 et
1461 2212 1488 2265 in
1503 2212 1602 2266 eadem*
1612 2210 1706 2282 lingua

60 2318 122 2357 mus
140 2320 147 2355 :
164 2310 308 2372 quatenus,
334 2308 490 2354 sauctorum
513 2300 698 2369 apostolorum
711 2297 862 2370 suffragan·
911 2299 1011 2354 Christi
1025 2301 1133 2355 Domini
1149 2301 1234 2355 nostri
1251 2301 1385 2371 preconia
1400 2308 1426 2354 et
1442 2316 1522 2370 opera
1536 2307 1565 2354 ut
1575 2313 1705 2354 enarren-

60 2389 136 2444 tibus
151 2389 266 2454 meritis,
282 2387 349 2442 etin
363 2385 416 2441 boc
432 2386 531 2441 saeculo
545 2378 662 2441 adversa
676 2385 767 2440 omnia
782 2401 863 2455 supe-
911 2395 965 2452 tur,
980 2388 1117 2454 jubemus.
1134 2389 1229 2459 Neque
1244 2389 1315 2443 enim
1330 2389 1417 2442 tribus
1431 2396 1544 2453 tantum,
1561 2386 1609 2442 sed
1624 2383 1708 2440 omni·

62 2493 137 2543 rare,
155 2485 182 2531 ct
196 2477 223 2530 in
238 2475 341 2537 coelesti
358 2474 530 2545 postmodum
554 2474 667 2546 regione
681 2490 741 2528 cum
756 2473 863 2528 Christo
912 2476 963 2529 hus
978 2475 1078 2546 linguis
1094 2477 1238 2530 Dominum
1254 2476 1365 2530 laudare
1379 2476 1537 2530 auctoritate
1553 2489 1632 2529 sacra
1646 2488 1691 2527 mo

63 2565 122 2620 Deo
135 2571 230 2618 nostro
252 2562 345 2618 valeas
367 2561 541 2631 triumphare.
565 2562 652 2633 lgitur
669 2562 740 2616 huuc
756 2562 862 2615 blatho-
915 2580 1020 2627 uemur,
1048 2580 1109 2634 quae
1133 2564 1255 2635 praecipit
1278 2564 1372 2619 diceus
1389 2581 1395 2618 ε
1412 2562 1706 2626 Laudathomiaum,

65 2653 147 2708 dium·
158 2650 343 2706 venerabilem
358 2650 595 2720 archiepiscopum
609 2657 727 2703 restrum
743 2649 863 2703 interro·
913 2667 1009 2707 omnes
1017 2655 1122 2722 pentes,
1131 2652 1327 2707 errabundum
1338 2669 1401 2707 eum
1413 2666 1507 2706 omnes
1518 2647 1708 2723 popoliffrol.

63 2742 193 2814 gerimus
207 2754 298 2795 coram
313 2738 408 2807 positis
424 2736 553 2791 fratribus
564 2736 664 2791 nostris
680 2737 824 2806 episcopis,
841 2736 864 2790 si
890 2736 893 2744 '
914 2744 1000 2808 cxvi).
1018 2740 1050 2793 Et
1066 2739 1181 2808 apostoli
1209 2739 1303 2809 repleti
1328 2738 1427 2809 Spiritu
1446 2745 1539 2794 sancto
1554 2735 1637 2791 locuti
1652 2741 1714 2789 sunt

63 2828 228 2884 orthodoxae
243 2825 305 2880 fidei
320 2825 473 2895 symbolum
488 2825 522 2878 ita
539 2824 672 2888 crederet,
690 2832 716 2879 et
731 2824 801 2877 iuter
817 2839 863 2876 sa·
914 2826 1040 2880 omuibus
1054 2826 1154 2898 linguis
1169 2826 1303 2898 magnalia
1318 2827 1368 2881 Dei
1383 2828 1454 2895 (Act.
1465 2825 1507 2896 u).
1517 2825 1584 2879 Hinc
1599 2831 1626 2878 et
1640 2823 1713 2877 Pau-

65 2931 111 2971 cra
126 2914 275 2969 missarum
290 2912 421 2966 solemnia
436 2919 555 2974 caneret,
574 2911 652 2965 sicuti
669 2919 791 2965 sanctam
807 2911 865 2965 lio·
914 2914 957 2967 lus
972 2913 1091 2967 coelestis
1105 2929 1214 2985 quoque
1234 2915 1297 2969 tuba
1321 2915 1437 2982 insonat,
1462 2927 1576 2967 monens
1592 2927 1599 2965 :
1617 2910 1715 2966 Omnia

63 3018 176 3058 manam
191 3000 340 3057 Ecclesiam
357 3007 459 3067 tenere,
479 3008 506 3055 et
528 3000 556 3052 in
576 2999 678 3054 sanctis
692 3015 739 3052 sex
752 2998 864 3052 univer·
918 3002 1015 3071 linqua
1030 3002 1201 3070 confiteatur
1214 3004 1279 3073 quio
1293 3004 1428 3057 Dominus
1441 3002 1625 3056 nortertesas
1640 2998 1716 3054 Clari·

64 3090 168 3144 salibus
185 3088 297 3159 synodis
311 3104 328 3142 a
342 3088 444 3142 sanctis
467 3087 600 3151 Patribus,
618 3086 768 3141 secundum
783 3101 866 3140 eran·
918 3092 979 3143 stus
992 3090 1023 3142 irc
1034 3089 1125 3158 pluria
1135 3093 1178 3144 cst
1191 3091 1240 3144 Dei
1256 3092 1351 3144 Patris
1367 3089 1483 3159 (Philip.
1500 3088 1531 3156 u)
1554 3087 1594 3141 De
1618 3085 1717 3156 quibus

63 3178 183 3250 gelicam
199 3175 298 3230 Christi
322 3175 372 3230 Dei
393 3174 477 3229 nostri
497 3173 692 3241 auctoritatem,
710 3174 867 3244 promulga-
918 3175 998 3230 etiam
1012 3175 1113 3245 linguis
1127 3176 1154 3229 iu
1169 3176 1256 3245 prima
1272 3177 1305 3229 ad
1321 3176 1474 3230 Corinthios
1487 3174 1608 3244 Epistola
1617 3172 1681 3225 satis
1691 3176 1718 3225 et

64 3274 122 3320 tum
137 3271 221 3334 atque
236 3263 361 3317 traditum
376 3270 491 3317 constat.
509 3261 557 3315 llle
572 3268 661 3315 autem
670 3260 812 3330 professus
827 3268 867 3314 est
917 3263 1057 3319 manifeste
1071 3280 1121 3319 nos
1137 3264 1273 3326 admonet,
1300 3271 1433 3333 quatenus
1458 3261 1559 3332 linguis
1573 3260 1716 3330 loquentes

63 3368 94 3407 se
101 3350 376 3423 juxtaerangeiicam
388 3358 414 3404 et
425 3348 604 3419 apostolicam
614 3348 776 3411 doctrinam,
789 3346 867 3402 sicuti
917 3351 1068 3406 Ecclesiam
1094 3351 1143 3404 Dei
1167 3349 1332 3405 {edificemus
1355 3350 1380 3418 (1
1400 3351 1460 3406 Cor.
1484 3347 1556 3417 xxv).
1578 3348 1636 3401 Nec
1651 3360 1716 3409 sane

64 3447 161 3495 sancta
175 3439 296 3493 Romana
321 3436 443 3492 Ecclesia
465 3437 554 3500 docet,
569 3443 595 3489 et
611 3451 626 3488 a
643 3434 764 3504 patribus
780 3434 867 3487 tradi·
917 3437 980 3492 fidei
991 3438 1033 3493 vel
1047 3439 1178 3493 doctrinae
1187 3437 1287 3507 aliquid
1297 3437 1387 3492 obstat
1398 3436 1562 3491 siremissas
1576 3435 1603 3488 in
1618 3435 1716 3488 eadem

64 3536 123 3583 tum
138 3534 192 3590 est,
210 3534 302 3580 tenero
317 3533 343 3579 et
355 3523 482 3594 psallere.
498 3524 555 3577 Nos
570 3531 660 3576 autem
676 3522 751 3576 illum
767 3522 794 3575 in
810 3537 868 3576 om·
918 3527 1077 3581 Sclavouica
1092 3527 1184 3597 lingua
1199 3541 1307 3587 canere,
1326 3525 1383 3579 sire
1399 3540 1509 3579 sacrum
1524 3508 1715 3594 Evangelium,

64 3617 147 3672 uibus
172 3612 366 3670 ecclesiasticis
387 3611 518 3666 doctrinis
542 3617 569 3664 et
592 3609 750 3664 utilitatibus
773 3609 867 3663 ortho-
917 3614 960 3668 rel
975 3614 1106 3669 lectiones
1122 3613 1227 3667 divinas
1239 3613 1309 3666 Novi
1320 3621 1346 3667 et
1357 3612 1462 3666 Veteris
1470 3610 1633 3665 Testamenti
1645 3609 1716 3664 bene

64 3704 168 3759 dorum
183 3709 210 3756 et
223 3698 376 3772 proficuum
396 3715 457 3754 esse
481 3698 656 3769 reperientes,
679 3697 756 3752 vobis
770 3697 867 3752 iterum
919 3688 1062 3757 translatas
1077 3711 1103 3756 et
1115 3701 1305 3770 interpretatas
1327 3700 1430 3771 legere,
1453 3707 1499 3754 aut
1519 3698 1572 3753 alia
1587 3698 1715 3752 horarum

64 3790 100 3846 ad
116 3789 267 3862 regendam
277 3787 448 3843 commissam
463 3786 513 3840 sibi
531 3784 682 3841 Ecclesiam
697 3785 746 3839 Dei
762 3784 868 3838 remisi·
918 3788 1004 3844 officia
1019 3789 1109 3842 omnia
1119 3787 1248 3857 psallere,
1265 3787 1394 3859 quoniam
1405 3787 1450 3858 qui
1462 3785 1524 3842 lecit
1539 3795 1593 3841 tres
1608 3785 1715 3856 linguas

65 3895 138 3945 mus,
156 3892 239 3947 quem
249 3875 331 3930 veluti
342 3883 480 3944 pastorem
488 3873 660 3944 propriumut
671 3872 754 3944 digno
765 3872 868 3926 honore
917 3876 1092 3946 principales,
1109 3875 1252 3930 Hebraeum
1269 3875 1381 3941 scilicet,
1403 3874 1527 3930 Graecam
1542 3881 1567 3928 et
1583 3873 1712 3937 Latinam,

66 3976 93 4023 et
121 3963 277 4021 reverentia
305 3963 419 4033 laetaque
447 3970 538 4016 mente
566 3960 703 4030 recipiatis
729 3960 867 4028 jubemus,
918 3965 976 4034 ipse
992 3965 1091 4019 crearit
1118 3972 1144 4018 et
1168 3963 1237 4017 alias
1262 3980 1357 4018 ornnes
1381 3963 1415 4017 ad
1438 3963 1544 4032 taudem
1559 3969 1585 4016 et
1600 3959 1713 4033 gloriam

66 4055 132 4128 quia
146 4061 250 4108 nostrae
264 4050 421 4121 apostoticae
442 4049 609 4104 auctoritatis
624 4055 760 4118 praecepto
775 4047 868 4103 archi·
919 4068 1005 4106 suam.
1021 4051 1152 4106 iubemus
1173 4059 1260 4106 tamen
1275 4051 1345 4105 utin
1360 4051 1485 4105 omnibus
1499 4049 1622 4105 ecclesiis
1635 4056 1715 4103 terrae

65 4143 242 4214 episcopatus
257 4139 281 4193 ei
291 4138 462 4210 privilegium
477 4134 706 4200 confirmavimus,
724 4143 750 4190 et
766 4136 792 4189 in
807 4151 869 4207 per·
918 4140 1270 4210 vestraeproptermajorem
1281 4137 1523 4202 honorificentiam,
1538 4135 1714 4207 Erangelium

64 4239 190 4302 petuum,
209 4227 267 4282 Deo
279 4227 397 4294 juvante,
415 4224 521 4278 firmum
537 4239 648 4278 manere
664 4223 816 4290 statuimus
833 4222 870 4276 si·
919 4228 1010 4281 Latine
1038 4227 1155 4298 legatur,
1186 4234 1212 4280 et
1241 4226 1413 4296 postmodum
1442 4225 1599 4279 sclavonica
1621 4223 1713 4291 lingua

65 4318 120 4374 cuti
145 4323 352 4370 autecessorum
377 4321 533 4367 nostrorum
566 4311 725 4366 auctoritate
748 4311 869 4364 omnium
918 4314 1076 4368 translatum
1093 4314 1120 4367 in
1135 4313 1244 4368 auribus
1258 4312 1349 4382 populi
1365 4312 1457 4365 Latina
1472 4310 1556 4365 verba
1570 4325 1624 4363 uon
1639 4307 1714 4361 intel·

64 4403 256 4462 Ecclesiamm
271 4401 321 4454 Dei
332 4400 394 4468 jura
407 4409 433 4454 et
449 4398 591 4469 privilegia
610 4407 707 4453 statuta
720 4407 745 4453 et
760 4396 864 4451 firmata
879 4393 1036 4473 Dligeutis,
1066 4400 1237 4454 annuntietur
1263 4399 1332 4453 sicut
1359 4399 1385 4451 in
1410 4397 1571 4468 quibusdam
1589 4393 1713 4450 ecclesiis

65 4493 222 4550 consistunt
239 4505 246 4543 ε
261 4488 298 4542 ita
313 4503 377 4541 sane
392 4495 421 4541 ut
433 4488 508 4556 juxta
523 4486 682 4542 canonicam
697 4486 868 4539 traditionem
918 4488 974 4543 lieri
989 4489 1104 4542 videtur.
1120 4489 1154 4541 Et
1169 4488 1191 4540 si
1206 4487 1254 4540 tibi
1269 4496 1294 4542 et
1306 4486 1443 4554 judicibus
1451 4484 1503 4538 tuis
1512 4484 1599 4555 placet
1613 4481 1711 4536 missas

64 4581 190 4637 omnium
207 4576 380 4648 negotiorum
395 4574 641 4631 ecclesiasticorum
661 4589 754 4628 curam
769 4573 868 4627 habeat
917 4577 1010 4630 Latina
1034 4576 1124 4646 lingua
1146 4575 1233 4647 magis
1256 4575 1359 4643 audire,
1383 4572 1554 4643 praecipimus
1577 4579 1605 4624 ut
1619 4568 1711 4624 Latine

63 4669 135 4740 ipse,
154 4663 315 4721 etearelut
339 4665 396 4719 Deo
420 4663 618 4732 contemplante
633 4661 782 4730 dispenset.
799 4661 868 4714 Nam
918 4664 1060 4718 missarum
1090 4663 1135 4717 tibi
1166 4662 1295 4718 solemnia
1323 4663 1505 4718 celebrentur.
1527 4659 1594 4714 Data
1616 4669 1711 4712 meuse

63 4754 187 4828 populus
204 4751 312 4807 Domini
326 4751 364 4804 illi
378 4751 541 4807 commissus
557 4756 607 4814 est,
624 4757 650 4803 et
666 4764 714 4818 pro
729 4747 868 4802 animabus
918 4752 1008 4817 lunio,
1025 4752 1172 4807 indictione
1187 4752 1292 4806 decima
1307 4750 1396 4804 tertia.

65 4859 162 4900 eorum
175 4839 224 4899 hic
239 4840 392 4895 redditurus
416 4838 466 4893 erit
488 4838 617 4892 rationem
634 4854 641 4890 ε
656 4836 744 4906 ipsum
760 4851 868 4907 quoquc

64 4930 263 5003 presbyterum
273 4926 640 4995 nomineWiobinum,quem
651 4924 728 4978 nobis
737 4922 867 4988 direxisti,
1253 4889 1392 4946 CCXCW·

66 5019 188 5074 electum
203 5014 360 5085 episcopum
385 5013 602 5068 consecravimus
626 5019 724 5065 sanotae
739 5010 869 5065 Ecclesia
1035 5021 1071 5060 xo
1088 5019 1252 5060 uxuounruu
1267 5019 1419 5058 srrscoeuu
1434 5016 1598 5058 suricorum.

64 5102 214 5166 Nrtreusis,
230 5118 311 5173 quem
326 5118 375 5157 suo
390 5101 594 5170 archiepiscopo
618 5100 645 5153 iu
661 5098 785 5170 omuibus
800 5098 869 5153 obe·
970 5138 973 5144 ·
1221 5121 1311 5181 (Anno
1331 5119 1405 5186 379.)

67 5194 203 5256 dientem,
220 5190 297 5245 sicuti
313 5191 400 5246 sancti
414 5205 532 5246 canones
546 5187 654 5251 docent,
665 5186 868 5254 essejubemus,

67 5288 94 5335 et
110 5279 241 5335 volumus
255 5286 284 5333 ut
298 5278 400 5349 pariter
414 5292 474 5331 cum
491 5275 575 5345 ipsius
599 5274 794 5343 archiepiscopi
809 5289 872 5328 cou-

923 5235 1056 5306 Objurpot
1071 5234 1141 5305 quod
1151 5234 1295 5288 uiolauerit
1306 5234 1430 5306 puoeipse
1440 5233 1516 5288 inter
1526 5247 1590 5287 eum
1605 5231 1633 5285 ei
1643 5207 1719 5284 lurt-

302 5366 307 5376 ,
378 5366 381 5374 ,
629 5362 633 5372 ,
957 5305 1106 5372 denulsum
1118 5305 1283 5375 Capuanum
1293 5305 1451 5375 episcopum
1461 5301 1627 5372 defrupibus
1639 5302 1716 5355 illias

70 5384 155 5423 ⁸⁸⁰⁵ss
180 5373 208 5421 θῑ
231 5365 409 5436 Pl⁰V¹d0¹¹l¹³2
433 5364 546 5418 flliefflm
572 5362 650 5418 ss⁰b¹⁵
672 5369 734 5432 ⁸P¹⁰
749 5371 871 5431 tempore
957 5376 1081 5430 ecclcsiae
1095 5374 1270 5439 decreverat,·
1286 5377 1415 5428 minetur
1428 5374 1475 5428 illi
1489 5373 1722 5427 excommunica-

69 5454 166 5512 utilem
194 5452 387 5525 presbyterum
414 5451 457 5506 vel
485 5451 628 5506 diaconum
654 5450 766 5523 dirigas,
792 5465 872 5520 quem
960 5446 1045 5501 tionis
1058 5461 1179 5516 poeraarn,
1197 5442 1724 5516 utstcatrdccrettaparcat:precipit

238 5567 360 5624 Earnor..
376 5565 499 5623 cxxvi.
