3794 6104
56 279 111 332 aas
576 271 656 327 vna
680 269 824 328 sancrn
853 269 1099 328 senonasnca
1117 270 1213 328 vina.
1658 270 1710 328 aas
1796 258 1802 265 ’
1848 233 1851 241 ’

56 399 155 456 elausit
176 415 182 454 :
208 397 301 463 modo,
322 397 431 470 quanda
452 395 554 451 aditum
586 395 667 450 eundi
691 393 835 465 denegavit
851 396 898 455 :A
913 402 989 450 erant
1002 394 1036 449 ad
1052 394 1179 450 invicem.
1205 393 1259 450 Sed
1275 392 1508 465 baecestperfeeta
1519 391 1638 449 charitas
1649 409 1710 466 quaa

58 488 153 552 modo,
170 487 193 541 si
208 494 295 557 potes,
311 502 355 540 me
372 485 494 548 dimissa,
510 485 544 540 ad
568 482 762 539 monasterium
790 482 859 537 redi.
911 483 986 537 Deus
1001 490 1053 551 est,
1070 498 1123 554 qua
1136 483 1179 539 bic
1194 483 1256 554 plus
1281 498 1334 537 una
1350 481 1435 554 potuit
1460 497 1542 555 quam
1570 481 1656 536 alter:
1672 481 1710 537 de

57 577 154 643 Etcur,
166 576 255 642 Pater,
267 573 415 646 fatigaris?
428 571 666 644 Nunquidnonbic
678 577 719 626 est
730 578 862 625 monaste⁴
911 585 964 640 qua
985 571 1050 626 dicit
1068 571 1214 642 Apostolus
1232 589 1239 626 :
1259 571 1390 627 Charitas
1420 571 1469 626 Del
1486 570 1595 642 diffusa
1616 572 1660 626 est
1679 569 1711 624 ln

57 663 190 720 riumubi
214 672 242 719 tu
267 678 307 730 es,
323 662 369 734 qui
397 670 479 732 caput
497 661 657 716 esomniam
680 659 861 714 monasterio·
910 659 1157 716 eordibuanoatrt's
1176 659 1383 734 perspiritum
1402 659 1609 732 sanctum‚qul
1625 657 1710 713 datur

57 769 127 817 mm,
152 759 179 807 et
205 751 302 806 doctor
328 750 450 805 omnium
473 750 677 817 monachorum,
715 747 779 802 dura
807 762 861 801 non
910 748 1241 818 estnobia(flom.v,5).
1258 745 1404 820 Sequitur:

57 841 136 897 locus
151 839 298 902 bominem,
322 839 371 894 sed
405 839 485 894 homo
519 836 669 894 sanctificet
686 836 800 891 locuml
815 835 861 891 Sta
947 837 989 889 ta.
1006 836 1127 907 Cumque
1144 837 1187 891 die
1203 836 1289 891 altero
1304 836 1399 891 eadem
1415 835 1581 891 venerabilis
1604 833 1709 891 femina

56 944 141 995 nunc,
159 929 240 984 Pater
254 926 432 992 sanctissime,
451 926 560 993 invitus,
577 934 606 980 ut
624 923 735 980 alterius
754 922 809 978 diei
819 923 860 978 sol
910 919 944 973 ad
960 918 1057 974 cellam
1073 921 1212 992 propriam
1227 920 1396 982 recessisset,
1408 921 1449 976 vir
1463 920 1513 977 Dei
1527 921 1561 976 ad
1577 930 1712 980 monaste·

56 1017 107 1072 tibi
123 1017 243 1088 praebeat
257 1031 381 1087 gressus.
399 1014 528 1086 Sequitur
545 1033 551 1069 ι
910 1007 981 1062 rium
996 1008 1075 1063 rediit
1091 1026 1098 1062 :
1114 1016 1140 1063 et
1153 1024 1217 1065 ecce
1232 1016 1368 1079 cumpost
1382 1008 1501 1064 triduum
1515 1009 1542 1064 in
1558 1010 1628 1068 cella
1642 1028 1711 1071 con-

91 1106 154 1177 tpse
184 1112 275 1159 autem
303 1104 378 1159 exire
406 1110 481 1158 extra
496 1111 672 1160 tectumnon
688 1108 794 1174 votens,
813 1109 860 1181 qui
910 1095 1019 1162 sistens,
1036 1096 1184 1151 elevatisin
1200 1097 1369 1167 aersoculis,
1386 1097 1452 1152 vidit
1466 1097 1589 1167 ejusdem
1607 1102 1711 1158 sorana

56 1209 171 1250 manere
185 1200 282 1263 sponte
296 1191 380 1246 noluit
396 1191 424 1245 in
438 1191 509 1256 loco,
522 1192 620 1247 mansit
648 1194 758 1250 invitus.
772 1196 859 1265 Quam
910 1199 966 1239 ⁸1¹ae
980 1184 1098 1238 animam
1114 1185 1149 1239 de
1163 1185 1220 1252 elus
1235 1200 1351 1255 00fp0f0
1365 1200 1517 1256 effieswssr
1534 1186 1561 1241 in
1576 1187 1710 1248 ⁰0¹⁰me
1801 1227 1805 1234 ·

57 1282 153 1337 multis
169 1280 271 1336 sanctis
292 1280 356 1334 viris
380 1279 464 1334 factus
492 1280 574 1334 esvir
589 1281 638 1336 Dei
662 1298 784 1356 compar,
815 1286 860 1358 qui
910 1272 1001 1342 ⁸9⁰⁰st
1016 1272 1077 1327 ssoeli
1104 1280 1208 1328 Secreta
1229 1281 1380 1343 penetrare·
1411 1271 1499 1341 Quam
1528 1274 1620 1332 felices
1646 1285 1709 1335 tuni

57 1371 136 1426 inviti
151 1369 275 1425 feeemnt
293 1368 429 1423 bonomm
457 1367 537 1424 faeta.
554 1370 624 1424 Nam
647 1371 732 1428 Jacob
760 1374 860 1429 invitus
909 1360 979 1415 ⁰⁰¹ffl
995 1360 1171 1432 (luissssimffl'
1187 1369 1302 1432 P⁰⁵⁸¹¹¹¹i
1327 1361 1504 1432 c⁰¹¹2⁴³¹¹¹lilari
1533 1363 1635 1436 belm,
1664 1366 1711 1439 (lui

58 1458 172 1513 tranem
188 1457 265 1530 fugit,
281 1457 431 1529 quipostea
446 1457 527 1512 redita
542 1472 602 1513 cum
626 1460 726 1515 munis,
748 1461 793 1519 510
814 1463 859 1518 10.
909 1449 1012 1503 carnali
1027 1449 1123 1505 intuitu
1139 1449 1272 1521 spiritalia
1286 1465 1399 1506 eernere
1415 1458 1516 1521 queunt
1530 1451 1544 1505 i
1560 1453 1614 1509 lsta
1628 1453 1711 1510 lumi-

58 1545 339 1618 oephinviruspergia
353 1545 387 1598 ad
417 1545 520 1610 sedam,
549 1547 687 1602 urdocaor
715 1547 793 1605 fieret
810 1566 859 1622 po.
908 1537 986 1591 naria
1001 1552 1055 1592 non
1070 1537 1194 1607 adjacent
1210 1538 1236 1592 in
1250 1537 1405 1594 fundamine
1429 1537 1534 1606 frontis,
1563 1540 1612 1596 sed
1640 1542 1711 1598 intus

57 1635 124 1706 pulo
140 1634 200 1688 nei,
218 1633 262 1688 stc
273 1633 368 1689 Daniel
384 1632 458 1688 vadia
477 1633 642 1704 babylonam
657 1637 691 1692 ad
710 1653 813 1705 amem,
831 1647 860 1694 up
909 1625 1074 1681 renitescunt
1085 1626 1120 1680 ad
1135 1627 1227 1682 cordis
1241 1625 1377 1681 fenestras
1393 1627 1427 1682 de
1443 1627 1541 1698 quibus
1555 1628 1641 1686 dicit:
1660 1631 1713 1698 Qut

57 1723 165 1794 pamas
180 1720 432 1792 fieretsapiernibus
451 1723 564 1778 cuneus.
576 1723 621 1779 sie
646 1725 745 1780 Saulus
760 1727 858 1782 invitus
873 1716 1036 1807 Baiurae·
1052 1716 1100 1789 qm·
1121 1720 1153 1770 a:
1173 1716 1258 1770 nuber
1270 1717 1376 1782 vorant,
1389 1719 1418 1770 et
1440 1717 1660 1774 soarcotumeae
1678 1719 1714 1775 aa

59 1810 146 1865 factus
166 1819 208 1864 est
236 1809 343 1874 Paulus,
372 1818 401 1864 ut
424 1808 501 1864 fieret
532 1813 653 1882 gentium
685 1815 857 1884 praedieator.
911 1806 1054 1874 senem&
1070 1821 1136 1860 ΝΜ
1155 1804 1249 1872 ῩΗΜ·
1266 1819 1313 1869 Hs
1332 1808 1360 1859 ⁸·
1377 1803 1386 1874 l
1401 1801 1552 1875 Essceiiffls
1568 1806 1714 1863 30⁰0&le

58 1899 180 1970 ideoque
196 1904 239 1952 tua
262 1913 316 1952 nou
340 1898 490 1969 requiescat
518 1899 644 1967 ebaritas,
687 1911 780 1959 sancte
808 1904 859 1970 vir,
912 1892 999 1958 Pales,
1015 1891 1066 1947 1⁸18
1082 1891 1209 1948 ffllumbss
1223 1892 1258 1946 ad
1272 1900 1332 1946 ²⁰⁸⁸
1345 1892 1410 1961 lam,
1427 1892 1518 1949 ⁰0¹’dis
1533 1892 1606 1949 V⁰¹³l
1634 1893 1713 1952 stne·

58 1994 134 2041 stare
150 1985 259 2054 invitus,
275 1993 303 2039 ut
319 1985 419 2041 Christi
436 1985 538 2041 tribuas
565 1988 729 2045 documenta
754 1991 858 2047 salutis.
911 1987 992 2049 ⁸³⁸⁵,
1009 1989 1038 2035 ¹¹²
1053 1988 1105 2036 lua}
1125 1981 1227 2036 8οΓοΓῑὸ
1242 1980 1330 2035 anima
1351 1997 1401 2052 pel·
1428 1996 1473 2037 0⁸⁸
1502 1981 1648 2048 transiens.
1677 1983 1712 2039 ad

58 2074 190 2145 Sequitur
206 2091 213 2128 :
910 2068 1049 2124 celestem
1064 2067 1138 2123 illam
1153 2067 1255 2124 deferat
1264 2077 1369 2141 portam
1386 2087 1392 2123 :
1411 2077 1438 2123 ut
1453 2069 1498 2124 illa
1513 2068 1590 2126 fieret
1606 2071 1712 2127 ductrix

95 2165 141 2217 tt,
159 2162 258 2234 stoque
272 2161 373 2218 factum
388 2171 438 2228 est,
457 2172 485 2218 ut
499 2172 607 2220 noctem
631 2173 715 2221 aotam
739 2169 858 2242 pervigi.
910 2156 1007 2211 animae
1022 2165 1112 2222 tantae,
1129 2174 1189 2230 quae
1203 2157 1252 2212 fuit
1275 2157 1333 2212 avis
1361 2158 1499 2229 quondam
1529 2158 1662 2229 portatrix
1676 2160 1711 2215 ad

57 2251 114 2307 lem
129 2253 270 2317 ducerent,
286 2259 365 2323 atque
379 2267 429 2322 per
444 2267 523 2308 sacra
547 2253 674 2325 spiritalis
697 2256 758 2311 vitae
772 2257 859 2314 collo·
909 2259 1000 2300 imam
1015 2245 1119 2301 reddita
1134 2246 1219 2316 9⁸⁰5&
1236 2245 1324 2315 Quam
1339 2245 1402 2301 f⁶¹i¹
1416 2247 1473 2302 ales
1488 2246 1587 2303 ¹³¹ib1¹⁸
1605 2256 1711 2320 mim·

57 2336 124 2408 quia
139 2351 201 2390 sese
216 2335 314 2391 vinna
329 2335 459 2391 relatione
473 2337 695 2395 scaranensem
703 2357 775 2397 nunc
788 2357 859 2398 nova
909 2332 957 2387 riis
971 2341 1087 2404 compta,
1102 2351 1162 2405 quae
1172 2334 1268 2389 meruit
1283 2334 1364 2389 eatam
1376 2334 1612 2406 supernominant
1627 2334 1709 2392 Chri·

57 2423 193 2493 spiritalia
208 2424 306 2496 gaudia
321 2432 446 2495 surgunt,
463 2425 524 2496 quia
539 2442 645 2499 negans
664 2428 748 2498 prius,
773 2430 859 2486 factus
909 2430 979 2476 stum
995 2422 1124 2493 Spintum
1140 2432 1261 2478 sanctum
1286 2422 1377 2478 ferrel
1395 2425 1447 2478 lsta
1470 2424 1597 2496 frequens
1626 2424 1710 2481 obsc-

56 2519 102 2566 est
117 2527 190 2567 nunc
217 2511 360 2566 attributor
384 2513 503 2568 coelestis
519 2530 526 2568 :
544 2522 570 2569 et
598 2515 740 2588 colloquiis
773 2519 859 2574 sacris
908 2510 978 2582 (tuiis
994 2510 1075 2565 instat
1090 2511 1172 2582 Regis
1187 2511 1289 2577 aetemi,
1307 2512 1357 2566 isla
1376 2511 1491 2566 assuetis
1515 2511 1612 2584 pen'nis
1625 2513 1709 2569 deur·

56 2600 163 2655 vicaria
178 2599 308 2655 relatione
322 2616 353 2655 sc
370 2601 478 2668 satiant,
496 2602 543 2673 qui
571 2604 647 2673 prius
663 2613 741 2660 erant
769 2621 859 2663 acon·
908 2599 1024 2671 genialis
1054 2615 1120 2654 auto
1153 2599 1233 2654 dorsa
1275 2598 1424 2673 refulgens,
1458 2601 1585 2671 paradiso
1616 2601 1710 2656 nuntia

56 2687 154 2743 cordia
167 2686 318 2743 discordes.
337 2687 442 2757 Quanta
457 2697 519 2744 sunt
534 2691 704 2762 omnipotens
718 2694 857 2749 tuamira-
908 2686 994 2741 defer.
1011 2688 1050 2742 be
1079 2689 1130 2743 nae
1160 2687 1314 2743 incanesco
1336 2687 1506 2743 Canticomm
1530 2688 1616 2744 dicit:
1637 2689 1709 2746 Sur·

58 2775 136 2844 bilia,
151 2775 242 2830 beust
259 2776 327 2830 Nam
342 2777 431 2831 omnia
448 2777 533 2847 proba
562 2779 679 2844 voluisti,
711 2780 808 2849 fecisti,
826 2791 853 2838 et
906 2792 948 2847 ae,
965 2777 1057 2831 amica
1072 2792 1262 2848 acarnanas,
1280 2779 1308 2832 et
1322 2778 1387 2832 vent
1402 2792 1420 2848 ες
1436 2776 1564 2833 columba
1591 2791 1655 2833 mea
1676 2777 1708 2832 tn

56 2879 115 2919 non
130 2871 172 2918 est
186 2863 232 2935 qui
243 2865 352 2919 resistat
364 2872 418 2919 tuae
426 2866 574 2934 majestatis
589 2869 725 2936 potestati.
738 2870 857 2943 ideoque
906 2865 1094 2935 foraminibus
1109 2869 1206 2938 petrae,
1232 2866 1264 2919 fn
1278 2880 1399 2920 caverna
1422 2866 1553 2921 maceriae
1564 2866 1573 2936 (
1584 2866 1665 2921 Cant.
1677 2879 1708 2932 tt,

58 2953 172 3007 laudant
188 2960 214 3007 te
228 2952 299 3021 coeli,
316 2969 370 3018 aer,
388 2961 469 3022 terra,
485 2969 571 3020 mare,
594 2963 620 3009 et
635 2965 732 3012 cuncta
755 2976 816 3030 quae
830 2961 858 3015 in
908 2953 961 3022 tt).
978 2953 1129 3024 Sequitur:

57 3041 100 3096 eis
113 3047 175 3094 sunt
191 3058 198 3095 :
215 3040 278 3111 quia
293 3056 401 3110 semper
428 3041 541 3096 innovas
570 3043 649 3115 signa
664 3052 690 3099 et
723 3046 856 3102 mirabilia
943 3044 984 3096 ta.
1004 3041 1057 3111 Qui
1071 3051 1152 3098 tantae
1173 3043 1231 3112 ejus
1268 3041 1364 3115 gloriae
1385 3043 1570 3115 congaudens,
1588 3042 1713 3114 omnipo·

58 3135 116 3194 tua,
133 3137 162 3183 ut
177 3137 203 3183 te
216 3136 288 3183 totus
302 3129 377 3183 orbis
394 3138 678 3200 agnoscatsuumesse
689 3134 856 3206 Redempto-
908 3131 975 3185 tenti
991 3132 1048 3187 Deo
1062 3132 1089 3186 in
1106 3133 1213 3203 hymnis
1229 3142 1254 3186 et
1267 3133 1395 3188 laudibus
1410 3134 1512 3202 gratias
1523 3133 1589 3205 egit,
1599 3132 1711 3203 ejusque

57 3233 127 3271 rem.
144 3219 183 3270 Da
195 3217 250 3285 jam
265 3216 325 3287 plus
340 3217 384 3287 pio
399 3217 471 3271 Patri
490 3218 635 3274 Benedicto
654 3220 706 3274 iter
725 3222 857 3278 redeundi
908 3218 1010 3273 obitum
1028 3219 1154 3274 fratribus
1175 3219 1622 3275 denuntiavit.Denuntiavitenim
1651 3234 1712 3273 san·

57 3306 93 3359 ad
109 3304 216 3370 cellam,
230 3306 334 3377 stringe
350 3306 452 3359 aerium
467 3322 584 3370 amnem,
602 3306 666 3362 tolle
680 3309 778 3378 pluviae
792 3320 857 3382 gut·
908 3315 966 3362 ctus
982 3308 1062 3362 Pater
1074 3308 1213 3374 fratribus,
1229 3308 1301 3380 quod
1317 3309 1413 3363 meruit
1435 3324 1513 3363 sacro
1539 3305 1637 3361 intuitu
1651 3321 1711 3363 eer-

59 3400 112 3459 tas,
133 3392 168 3446 da
195 3393 347 3446 serenitatis
372 3393 528 3476 solem,0ut
557 3394 602 3463 qni
625 3395 703 3450 laetus
729 3400 855 3464 accessit,
907 3410 974 3450 nere
989 3405 1124 3451 secretum
1142 3415 1148 3450 :
1165 3405 1191 3451 et
1205 3397 1306 3451 talibus
1322 3396 1499 3467 congaudens
1514 3394 1593 3462 votis,
1621 3393 1709 3449 omni·

58 3480 184 3550 gaudens
206 3481 338 3536 recedat:
364 3490 392 3536 ut
408 3482 487 3536 simul
513 3484 572 3551 ejus
599 3501 676 3541 soror
703 3486 858 3543 valedicens
907 3485 1011 3556 potenti
1027 3485 1084 3540 Deo
1102 3484 1202 3556 gratias
1231 3485 1295 3555 egit,
1311 3484 1373 3556 quia
1397 3499 1478 3555 quam
1503 3491 1565 3538 ante
1590 3482 1709 3537 triduum

57 3567 145 3635 fratri,
162 3569 195 3622 ad
211 3568 323 3639 propria
337 3578 494 3636 revertatur,
511 3583 540 3627 ut
554 3575 633 3628 simul
659 3574 810 3644 gaudentes
832 3582 858 3630 et
907 3590 971 3628 rore
986 3574 1061 3628 verbi
1078 3573 1197 3628 caelestis
1220 3572 1386 3644 perfuderat,
1410 3573 1445 3628 ad
1476 3574 1594 3627 athenea
1623 3585 1708 3642 regna

57 3656 236 3719 exsultantes,
253 3665 298 3711 tuo
312 3657 346 3711 dc
361 3673 472 3714 munere
486 3661 520 3714 nd
541 3679 589 3717 sua
608 3671 678 3718 tecta
712 3664 857 3718 vehantur.
908 3661 936 3718 in
951 3662 1084 3717 columbae
1100 3662 1190 3732 specie
1205 3662 1337 3716 scandere
1353 3661 1449 3716 cernit.
1475 3660 1617 3732 Sequitur:

59 3746 210 3815 Sequitur:
228 3744 286 3813 Qua
301 3745 376 3800 dere
390 3746 444 3800 dini
460 3763 523 3803 eum
538 3751 657 3806 voluisse
677 3751 788 3822 aliquid,
809 3753 858 3807 sed
945 3753 987 3804 tt.
1006 3748 1081 3818 Quos
1095 3750 1175 3805 etiam
1191 3750 1314 3820 protinus
1329 3749 1411 3813 misit,
1428 3756 1456 3805 ut
1470 3749 1529 3817 ejus
1544 3763 1645 3817 eorpus
1672 3745 1707 3801 ad

58 3833 171 3887 minime
186 3832 308 3903 potuisse
338 3849 413 3904 :qua
428 3835 450 3888 si
479 3839 643 3893 venerabilis
667 3839 716 3894 viri
739 3847 858 3895 mentem
910 3839 1100 3893 monasterium
1115 3838 1263 3905 deferrent,
1279 3846 1358 3909 atque
1373 3837 1401 3892 in
1417 3837 1542 3908 sepulcro
1567 3834 1640 3907 quod
1656 3832 1707 3888 sibi

10 3918 17 3927 ’
58 3921 219 3991 aspicimus,
232 3921 344 3975 dubium
359 3937 412 3977 non
434 3932 485 3988 est,
503 3927 576 3996 quod
597 3928 721 3983 eamdem
733 3929 860 3983 serenita·
909 3928 968 3998 ipse
991 3935 1139 3998 paraverat,
1165 3934 1306 3998 ponerent.
1337 3925 1397 3995 Quo
1434 3924 1505 3981 facto
1527 3923 1650 3996 contigit,
1679 3930 1708 3978 ut

56 4017 114 4064 tem
135 4008 262 4073 voluerit,
274 4010 301 4063 in
323 4024 377 4081 qua
398 4011 590 4079 descenderat,
616 4032 794 4086 permanere:
811 4018 859 4073 sed
909 4032 1024 4087 quorum
1040 4033 1118 4072 mens
1132 4032 1187 4071 una
1201 4031 1309 4086 semper
1324 4015 1351 4069 in
1367 4015 1483 4071 Domino
1494 4014 1590 4081 fuerat,
1607 4029 1705 4070 eorum

59 4107 154 4154 contra
171 4099 222 4152 boc
238 4098 308 4168 quod
324 4098 417 4165 voluit,
433 4101 460 4154 in
475 4102 588 4157 virtutes
603 4105 797 4175 omnipotentis
808 4106 858 4161 Dei
909 4122 1017 4177 quoque
1033 4120 1149 4175 corpora
1164 4121 1214 4160 nec
1229 4104 1370 4174 sepultura
1386 4111 1534 4175 separaret.
1552 4104 1633 4169 Ecce,
1649 4102 1708 4158 lra-

58 4203 92 4242 ex
108 4185 227 4241 femineo
237 4194 348 4256 pectore
367 4187 528 4244 miraculum
552 4191 663 4247 invenit.
681 4194 738 4248 Nec
762 4194 858 4248 mimm
910 4201 975 4255 tres,
993 4194 1139 4263 margarita
1153 4193 1299 4248 nnlestisa
1313 4193 1482 4262 negotiatore
1493 4192 1594 4246 dudum
1605 4199 1707 4263 empta,

60 4275 134 4346 quad
151 4273 212 4344 plus
226 4274 272 4328 illo
286 4274 395 4342 femina,
409 4293 469 4347 quae
483 4278 529 4333 diu
540 4279 648 4335 fratrem
659 4281 752 4335 videre
762 4281 858 4352 cupic-
909 4290 1016 4351 aptatur
1030 4280 1187 4335 caelestibus
1202 4281 1377 4343 ornamentis,
1401 4280 1458 4348 Jam
1474 4280 1543 4333 inter
1565 4279 1619 4334 lilia
1642 4295 1707 4335 can·

58 4363 116 4426 bat,
133 4362 160 4416 in
172 4363 268 4417 eodem
306 4369 429 4434 tempore
464 4366 568 4422 valuit:
596 4370 657 4440 quia
673 4368 745 4424 enim
780 4369 856 4436 juxta
910 4369 999 4422 dentia
1019 4383 1143 4437 pascens,
1169 4367 1290 4438 sequitur
1312 4370 1418 4437 agnum
1448 4381 1610 4437 quocunque
1636 4365 1705 4422 ierit.

60 4450 176 4506 loannis
187 4465 291 4518 vocem,
308 4454 380 4508 Deus
400 4455 526 4510 ebaritas
539 4460 582 4512 est
596 4458 623 4524 (f
635 4459 715 4513 loun.
737 4472 775 4522 rv,
794 4460 838 4527 ta)
851 4475 857 4511 ε
872 4448 981 4513 DEece
997 4456 1023 4510 in
1039 4454 1166 4527 paradiso
1181 4455 1288 4510 Domini
1304 4454 1339 4508 ab
1354 4454 1459 4527 angelis
1474 4453 1633 4521 collocatur,
1642 4469 1707 4511 ecce

53 4540 130 4607 iusto
145 4538 225 4594 valde
234 4540 388 4608 judieioilla
403 4543 464 4613 plus
478 4545 574 4614 potuit,
593 4561 653 4616 quae
666 4545 727 4616 plus
741 4546 854 4601 amavit.
911 4546 936 4600 in
957 4545 1036 4600 terris
1060 4545 1254 4599 monachornm
1276 4543 1401 4598 manibus
1422 4551 1530 4614 aptatur
1553 4543 1582 4598 in
1605 4542 1708 4599 tumulo

58 4626 139 4681 Brevi
154 4643 279 4683 sermone
299 4629 334 4684 de
352 4630 395 4684 bis
427 4631 618 4687 disserendum
647 4649 701 4689 nou
725 4643 775 4690 cst.
792 4635 861 4689 Nam
911 4635 1010 4703 fratris,
1029 4642 1056 4688 ut
1070 4649 1168 4689 munus
1182 4634 1254 4705 quod
1269 4649 1321 4688 una
1337 4640 1422 4687 mater
1436 4631 1558 4698 contulit,
1580 4646 1631 4686 nec
1644 4630 1707 4688 eoeli

57 4716 211 4771 seeundum
226 4719 428 4789 grammaticos,
444 4722 564 4776 charitas
580 4721 670 4777 media
685 4723 791 4794 species
808 4731 858 4788 cst,
907 4725 999 4795 janua,
1017 4739 1068 4780 nec
1083 4731 1162 4778 terra
1177 4723 1316 4793 sepultura
1332 4728 1471 4792 separaret
1488 4738 1494 4774 ε
1510 4719 1643 4793 atquibus
1653 4733 1708 4775 una

55 4804 123 4857 dum
136 4803 208 4858 inter
225 4805 312 4860 bonos
327 4816 352 4861 et
367 4807 453 4863 malos
472 4809 592 4864 ebaritas
621 4826 682 4865 esse
709 4811 804 4881 possit,
834 4819 859 4865 et
911 4813 1082 4883 fuitsernper
1101 4828 1179 4867 rneus
1202 4811 1228 4865 in
1253 4810 1368 4877 cbristo,
1390 4824 1445 4864 una
1466 4817 1539 4864 esset
1563 4823 1707 4879 eorpomm

54 4891 255 4949 interlatrones
269 4902 295 4949 et
309 4895 369 4966 pios
384 4898 545 4952 :atestillud
563 4915 569 4952 :
588 4901 716 4969 Perfecta
732 4902 859 4956 ebaritas
911 4918 986 4958 arca.
1003 4903 1074 4957 licea
1087 4908 1211 4972 reparata
1227 4907 1289 4954 sunt
1304 4907 1347 4953 tua
1363 4898 1479 4964 damna,
1492 4896 1628 4968 paradise.
1637 4897 1708 4953 Ecca

56 4984 137 5052 feras
153 4983 246 5037 mittit
262 4985 393 5040 timorem
402 4987 493 5055 lium,
502 4988 556 5053 ll).
573 4987 652 5041 Certe
661 4988 812 5058 siperfecta
823 4996 863 5044 est
911 4992 988 5059 virgo
1004 4991 1052 5045 Dei
1064 5005 1144 5044 manu
1156 4988 1281 5051 formata,
1294 5002 1375 5058 quarn
1385 4987 1419 5041 de
1430 4994 1476 5041 tuo
1486 4985 1598 5058 pestifer
1608 4984 1703 5047 hostis,

54 5070 119 5132 ista,
136 5087 198 5140 quae
211 5071 281 5126 inter
296 5072 383 5128 bonos
397 5073 472 5128 foras
493 5074 572 5128 mittit
592 5076 716 5131 timorem
736 5077 860 5147 :imper-
910 5079 1018 5133 alistulit
1033 5080 1103 5140 loco,
1116 5077 1172 5146 jarn
1188 5076 1256 5131 redit
1271 5075 1307 5130 ad
1322 5074 1441 5130 culmina
1461 5075 1534 5145 caeli,
1556 5074 1612 5143 jarn
1628 5086 1705 5129 raco-

54 5157 127 5212 fecta
142 5157 318 5214 nibilominus
334 5160 391 5216 fore
406 5162 537 5220 creditur.
557 5180 617 5234 quae
636 5163 706 5218 inter
721 5164 808 5220 malos
828 5181 859 5220 ae
910 5167 1016 5239 gnoscit
1031 5167 1070 5220 sui
1089 5165 1207 5237 palmam
1223 5163 1366 5220 structoris
1378 5182 1385 5230 ς
1399 5164 1456 5232 jam
1472 5163 1536 5234 quia
1551 5162 1623 5218 victa
1644 5160 1704 5221 tuit.

55 5247 193 5315 superbos
208 5248 334 5319 nequitiae
348 5251 522 5305 concordiam
542 5259 659 5322 praestat.
681 5252 727 5308 Sic
744 5253 771 5308 in
801 5270 860 5324 pas·
915 5255 1010 5311 victrix
1026 5253 1113 5309 caleat
1128 5253 1213 5308 lroatis
1234 5253 1302 5309 eolla
1317 5251 1440 5322 maligni.
1464 5250 1589 5319 iliadis,
1607 5247 1703 5304 infami

54 5335 134 5389 sione
149 5335 258 5390 Domini
274 5336 376 5393 Pilatus
389 5337 482 5394 lesum
503 5340 612 5395 mittens
631 5340 775 5405 Herodis
804 5357 858 5413 quc
909 5344 1042 5404 minister,
1059 5340 1420 5409 dic,tartareemiles,‹lic,
1437 5340 1594 5412 orcigenum
1616 5352 1704 5412 genus

53 5423 137 5477 lesus
150 5422 185 5477 ad
202 5423 315 5480 Pilatum
330 5426 427 5481 iterum
456 5428 599 5494 remissus,
616 5426 695 5483 amici
712 5428 773 5485 faeti
796 5438 859 5484 sunt
908 5431 1028 5489 omniurn
1044 5445 1210 5487 venenorum
1226 5429 1321 5486 fraude
1337 5428 1480 5500 repletum,
1499 5428 1564 5501 quid
1577 5427 1624 5483 tibi
1639 5426 1703 5484 iecit

56 5511 181 5569 Herodes
196 5520 223 5570 et
235 5513 338 5570 Pilatus
361 5515 390 5570 in
409 5516 470 5588 ipsa
483 5517 554 5575 die:
575 5532 639 5575 naar
659 5525 739 5576 antea
757 5517 859 5575 inimici
908 5521 1015 5599 plasma
1027 5518 1228 5578 unedssinaurn
1246 5517 1306 5585 Dei,
1331 5517 1396 5590 quid
1417 5516 1466 5574 tibi
1489 5516 1581 5577 uomit
1602 5515 1704 5576 famina
