3794 6104
63 217 118 268 ιιι
817 209 1003 269 EPISTOLAE.
1051 240 1055 250 ·
1673 212 1723 267 ιιιΙ

56 336 168 392 tionem
184 352 263 391 suam
278 351 333 391 non
346 325 473 392 videntur
494 334 629 405 sufficere,
645 334 722 407 plura
737 334 801 391 hinc
815 351 867 406 po·
882 337 1033 408 Aqumque
1057 344 1146 390 utrum
1169 334 1331 406 probabilia,
1355 342 1399 388 aut
1422 350 1472 405 per
1493 333 1681 390 auctoritatem
1696 342 1723 389 et

55 425 125 480 terit
138 425 168 479 in
184 434 340 481 sanctorum
359 424 466 498 paginis
487 424 600 496 legere,
617 430 643 478 ιι
658 440 674 479 a
689 432 782 479 nostra
805 440 865 479 mc·
917 425 1051 480 rationem
1066 424 1250 496 improbanda
1266 424 1329 490 sint,
1346 422 1471 478 catholici
1485 423 1595 479 lectoris
1616 422 1721 491 judicio

57 514 206 570 diocritate
221 515 248 568 in
264 513 444 569 solutionibus
453 513 642 585 quaestionum,
661 514 695 567 de
711 513 809 585 quibus
832 512 866 567 ab
917 514 1087 584 derelinquo.
1114 514 1241 584 Loquens
1266 513 1398 567 Dominus
1422 512 1455 567 de
1473 512 1576 582 judicio
1599 511 1672 583 quod
1694 512 1722 564 in

57 602 123 657 aliis
136 602 325 674 interrogatus
338 619 407 669 sum,
425 602 562 658 vicesimae
576 602 713 668 secundae,
731 609 756 656 et
771 600 865 656 vicesi-
918 602 1038 657 secundo
1054 602 1171 657 adventu
1186 618 1235 657 suo
1250 609 1291 656 est
1314 601 1435 657 futurum
1454 617 1503 672 per
1523 601 1626 673 ignem,
1643 615 1721 655 com-

58 706 112 746 mae
128 688 329 757 octavaelatius
344 691 477 747 invenire.
917 690 1078 746 memoravit
1103 691 1168 744 illud
1193 692 1266 762 quod
1290 689 1406 761 primum
1428 707 1478 760 per
1500 706 1598 761 aquam
1623 688 1722 745 facturn

96 777 235 847 Quoniam
250 780 360 852 quidem
371 795 454 850 supra
464 779 640 851 chirographi
652 795 747 852 regum
762 787 868 836 nostro.
918 789 958 834 est
974 795 980 834 :
997 780 1085 845 Sicut,
1101 778 1236 849 inquiens,
1252 782 1362 849 suctum
1377 782 1419 833 eet
1434 781 1465 833 in
1481 779 1576 834 diebus
1591 779 1655 844 Noe,
1679 779 1720 834 ila

59 885 119 922 rum
142 868 307 924 memoriam
332 867 392 934 feci,
410 885 471 940 quae
486 869 520 923 de
535 869 578 922 his
593 868 693 923 ibidem
719 868 867 925 constituta
918 870 973 923 erit
989 872 1016 923 et
1032 870 1063 923 in
1078 868 1122 922 die
1137 869 1205 935 filiis
1219 869 1340 923 bominis
1352 867 1462 937 (ttattt.
1476 881 1555 935 xxm,
1569 866 1624 937 ιι).
1637 867 1671 920 Et
1681 881 1722 921 re·

59 965 122 1011 sunt
133 956 179 1012 hic
194 956 356 1012 subnectere
370 957 512 1028 procuravi
523 957 657 1029 (Capitol.
671 957 764 1013 Caroli
776 957 864 1021 Calui,
918 956 1008 1011 ferens
1024 956 1097 1027 quod
1112 955 1268 1027 perignem
1284 957 1429 1011 Sodomam
1449 955 1624 1024 judicaverit,
1642 953 1720 1008 simi-

59 1045 98 1099 tit.
117 1049 143 1110 8,
160 1060 186 1100 c.
204 1046 232 1115 ι)
248 1063 255 1099 :
274 1067 285 1095 «
302 1044 337 1102 Et
351 1044 414 1117 quia
429 1062 480 1118 per
493 1062 579 1119 vagos
595 1054 621 1100 et
635 1046 776 1117 tyrannica
797 1061 865 1100 eon·
917 1045 989 1111 liter,
1015 1045 1110 1116 inquit,
1127 1046 1202 1100 sicul
1217 1048 1328 1115 sectura
1344 1049 1385 1100 est
1402 1046 1432 1100 in
1452 1046 1546 1100 dicbus
1569 1046 1619 1100 Lot
1641 1044 1721 1112 (Luc.

59 1133 204 1189 suetudine
226 1132 410 1189 irreverentes
433 1134 559 1190 homines
579 1150 632 1205 pax
647 1143 673 1188 et
686 1135 764 1206 quies
789 1133 866 1204 regni
917 1150 991 1199 xvn,
1017 1138 1072 1201 28).
1100 1133 1217 1188 Solertia
1241 1133 1467 1199 Christianitatis,
1501 1133 1571 1188 inter
1603 1140 1664 1187 acta
1696 1138 1724 1186 et

58 1221 218 1293 perturbari
242 1221 321 1288 solet,
342 1222 466 1278 volumus
489 1231 518 1277 ut
540 1223 575 1278 ad
601 1239 790 1294 quemcunque
814 1238 866 1278 uo·
918 1222 1024 1294 agenda
1045 1222 1149 1292 judicia
1173 1221 1362 1290 consistentis,
1388 1238 1420 1276 ex
1444 1221 1555 1293 antiquo
1580 1220 1668 1275 sanxit
1697 1227 1724 1276 et

58 1318 146 1366 strum
160 1310 224 1365 talis
239 1310 354 1377 venerit,
372 1319 400 1366 ut
415 1312 449 1367 de
464 1311 506 1366 his
532 1328 591 1384 quae
614 1311 670 1385 egit
693 1312 825 1366 rationem
840 1319 866 1366 et
918 1311 1101 1383 frequentavit
1122 1311 1253 1381 judicium
1276 1312 1348 1382 quod
1364 1309 1392 1364 ιιι
1406 1327 1456 1381 per
1472 1326 1580 1382 aquam,
1597 1311 1725 1381 quodque

55 1399 191 1469 justitiam
216 1398 407 1471 subterfugere
431 1416 485 1454 non
508 1401 605 1470 possit,
630 1416 710 1456 uerno
730 1417 763 1455 ex
787 1399 867 1455 nobis
919 1398 968 1452 sub
991 1399 1050 1451 Noe
1073 1396 1172 1451 factum
1189 1395 1276 1451 fuerat
1291 1396 1319 1450 in
1334 1412 1397 1450 arca
1417 1394 1490 1458 fidei.
1508 1395 1629 1450 liberans
1643 1397 1724 1450 inuo-

58 1489 133 1543 illtun
148 1488 185 1543 ad
200 1488 275 1543 aliud
289 1488 401 1560 recipiat
414 1488 457 1544 rel
472 1489 597 1558 retineat,
609 1489 661 1544 uisi
672 1497 700 1544 ut
715 1490 748 1544 ad
764 1498 867 1545 rectam
918 1493 1011 1541 centes
1026 1494 1053 1540 et
1069 1486 1255 1541 condemnans
1271 1485 1375 1540 noxios.
1395 1486 1423 1538 ln
1440 1484 1527 1557 ignita
1542 1491 1632 1538 autem
1642 1499 1722 1555 aqua,

57 1577 191 1631 rationem
206 1584 234 1632 et
249 1577 370 1632 debitam
392 1577 610 1634 emendationem
633 1579 821 1649 perducatur:
840 1586 866 1632 ιι
918 1575 987 1630 sicut
1003 1574 1103 1630 facturn
1125 1583 1166 1629 est
1190 1575 1240 1628 sub
1256 1575 1304 1629 Lot
1318 1574 1345 1628 in
1361 1575 1435 1647 igne,
1453 1582 1479 1628 et
1495 1571 1615 1627 fiendum
1630 1573 1657 1627 in
1673 1573 1724 1627 ad·

59 1666 81 1719 si
96 1665 233 1721 rationem
258 1674 362 1722 rectam
386 1665 589 1739 subterfugerit,
616 1681 711 1721 omnes
735 1668 763 1720 in
788 1682 866 1722 corn-
882 1673 1001 1754 Bventu
1025 1663 1085 1718 Filii
1109 1663 1237 1727 bominis,
1266 1664 1346 1718 Petro
1369 1670 1523 1728 attestante,
1549 1662 1605 1734 qui,
1631 1661 1723 1717 dicit:

59 1769 152 1820 mune,
170 1753 198 1808 in
213 1754 292 1823 cujus
308 1770 423 1828 regnum
438 1755 553 1820 tenerit,
570 1754 645 1809 illurn
659 1771 864 1827 persequamur,
920 1752 995 1820 Quod
1004 1754 1067 1807 omli
1077 1757 1161 1808 erunt
1166 1754 1247 1825 prius
1256 1756 1283 1807 et
1293 1757 1379 1818 terro,
1392 1752 1424 1807 de
1433 1769 1515 1824 uque,
1528 1755 1556 1806 ιι
1563 1767 1614 1824 ριν
1622 1767 1726 1823 equum

60 1843 148 1898 donec
163 1849 212 1897 aut
229 1843 264 1897 ad
278 1842 411 1898 rationem
421 1844 597 1914 perducatur,
610 1852 655 1898 aut
668 1844 702 1899 de
719 1859 805 1915 regno
820 1845 868 1899 dc·
918 1843 1077 1898 consistens
1102 1843 1152 1897 Dei
1179 1843 1267 1906 uerbo,
1291 1858 1343 1913 per
1367 1858 1427 1913 quta
1445 1842 1493 1896 ille
1509 1843 1578 1896 tunc
1601 1840 1727 1895 rra-undas

59 1931 155 1986 leatur.
180 1929 311 1987 Similiter
326 1939 352 1986 et
367 1932 401 1987 de
416 1947 448 1986 eo
463 1932 599 2005 agendum
616 1940 666 1996 est,
684 1933 730 2004 qui
744 1950 794 2004 pro
817 1933 868 1987 ali·
919 1949 991 2004 aqua
1007 1931 1166 1986 inundatus
1191 1932 1288 2002 periit.
1307 1931 1374 1985 Caeli
1388 1934 1484 1985 cutem
1501 1931 1549 2002 qui
1563 1946 1642 1985 nuuc
1656 1932 1725 1984 tunt

61 2036 114 2091 quo
137 2019 252 2090 capitali
266 2027 293 2074 et
306 2021 416 2091 publico
438 2020 581 2077 criminae
596 2021 716 2094 quolibet
739 2021 869 2092 episcopo
921 2024 950 2075 et
966 2024 1053 2085 terro,
1070 2020 1164 2076 codem
1181 2019 1269 2085 uerbo,
1286 2019 1401 2090 repositi
1417 2023 1496 2087 aurit,
1512 2019 1573 2089 iqui
1587 2019 1725 2074 reservati

60 2108 221 2179 corripitur,
238 2107 282 2163 vel
297 2108 556 2179 excommunicatur,
573 2117 619 2164 aut
633 2117 695 2165 ante
709 2124 868 2166 excommu-
921 2110 951 2163 in
968 2109 1043 2164 die-m
1055 2108 1159 2180 judicii
1175 2112 1202 2162 et
1217 2107 1384 2180 perditionis
1404 2108 1556 2179 impiorum
1578 2106 1727 2161 laominum

61 2197 230 2253 nicationem
256 2197 360 2253 crimen
383 2196 496 2263 faciens,
513 2215 628 2269 reguum
650 2207 676 2254 et
698 2199 772 2271 regis
796 2199 869 2272 regi·
921 2198 958 2266 (ll
971 2200 1047 2253 Patr.
1066 2212 1106 2263 ιιι,
1123 2198 1166 2266 5),
1188 2205 1280 2267 aperte
1305 2196 1406 2251 docens
1429 2196 1493 2267 quia
1516 2211 1571 2249 non
1593 2194 1638 2248 alii
1663 2192 1726 2249 eoeli

59 2302 122 2341 men
137 2293 239 2353 nantat,
256 2302 290 2341 ne
305 2285 423 2340 debitam
447 2287 634 2358 poenitentium
657 2288 796 2358 suscipiat,
823 2296 870 2343 aut
920 2293 981 2341 sunt
1005 2286 1069 2359 igne
1093 2285 1216 2357 perituri,
1242 2300 1322 2357 quarn
1339 2285 1472 2357 quiaque
1490 2283 1599 2355 perditi,
1616 2284 1668 2338 boe
1682 2291 1724 2337 est

60 2381 223 2446 susceptam
250 2374 374 2445 legitime
393 2384 507 2449 peragat
531 2393 537 2429 :
562 2376 697 2431 interdum
720 2376 802 2431 etiam
827 2376 869 2431 in·
920 2375 1084 2429 inaniahtec
1099 2383 1125 2428 et
1139 2374 1265 2429 nubilosa
1290 2372 1394 2428 ventosi
1419 2372 1492 2427 ueris
1517 2372 1613 2443 spatia.
1629 2371 1725 2442 Neque

57 2470 165 2519 sestam
186 2463 372 2535 propinquam
395 2480 483 2530 suam,
501 2472 545 2519 aut
556 2465 800 2532 sanctimonialem,
825 2464 869 2521 vel
920 2463 993 2518 enim
1019 2479 1088 2534 aqua
1112 2463 1214 2528 diluvii,
1239 2479 1299 2534 quae
1321 2461 1476 2533 quindecim
1501 2468 1605 2516 tautum
1628 2459 1727 2515 cubitia

59 2559 176 2624 raptam,
193 2552 252 2606 sive
272 2551 435 2619 adulteram,
461 2569 542 2624 quam
565 2553 620 2608 illie
643 2553 668 2608 ei
691 2569 744 2608 non
770 2553 870 2610 licebat
920 2552 1054 2607 montium
1068 2552 1212 2607 cacumina
1233 2551 1347 2619 transiit,
1373 2551 1444 2604 ultra
1467 2549 1539 2604 aeris
1563 2548 1727 2619 aetlterisque

59 2640 176 2705 babere,
200 2639 310 2713 fugiens
332 2655 424 2697 secum
446 2641 528 2697 ducit.
554 2641 603 2696 Hic
628 2642 698 2708 talis,
723 2658 785 2697 curn
809 2641 869 2712 epi·
921 2639 1040 2696 confinia
1054 2640 1212 2710 pervenisse
1227 2639 1365 2695 credenda
1381 2646 1431 2693 est.
1450 2638 1619 2709 Quocunque
1634 2645 1726 2691 autem

59 2742 172 2799 scopus,
202 2728 240 2783 ad
269 2729 346 2797 eujus
369 2745 462 2784 curam
485 2730 638 2800 pertinebit,
669 2729 748 2785 nobis
775 2738 869 2785 notum
920 2729 1063 2800 pervenire
1092 2728 1193 2798 potuit,
1225 2743 1257 2781 eo
1285 2726 1429 2791 nimirum,
1462 2726 1538 2794 juxta
1584 2725 1724 2795 praefatam

58 2815 166 2880 feeerit,
183 2816 334 2888 diligenter
358 2817 540 2888 perquiratur,
566 2834 601 2873 ne
624 2818 747 2873 morandi
762 2818 805 2873 vel
824 2818 869 2873 la·
921 2817 993 2872 beati
1010 2816 1080 2872 Petri
1096 2816 1258 2871 sententiam
1273 2824 1299 2870 et
1310 2815 1382 2888 ignis
1393 2815 1488 2883 judicii
1502 2814 1652 2885 perveniet.
1669 2813 1725 2868 Sed

60 2905 136 2961 teudi
160 2904 252 2960 locum
276 2905 303 2958 in
330 2921 415 2976 regno
439 2905 553 2976 alicujus
583 2916 704 2962 nostrum
729 2907 868 2977 inveniat,
921 2904 1722 2977 qniascriptumest:Coetunretterratrouribuuttllnttlt.

62 3002 87 3048 et
103 2993 153 3049 Dei
171 3007 204 3048 ac
219 3001 330 3048 nostros
354 2993 448 3048 fideles
473 3011 521 3049 suo
544 2996 642 3050 morbo
664 2994 773 3065 inficiat,
791 2996 869 3050 seda
920 3010 1001 3062 xxiv,
1019 2995 1082 3066 35);
1100 2994 1260 3049 etiterum:
1281 2995 1364 3049 ferre
1380 3009 1442 3049 uero
1459 2995 1491 3048 iu
1505 2996 1645 3048 (aternum
1666 2995 1726 3047 etat

63 3081 153 3148 nobis,
169 3080 214 3136 rel
227 3097 279 3152 per
301 3080 442 3137 ministros
471 3082 629 3153 reipublicae
656 3083 867 3156 constringatur,
884 3052 1025 3155 C(Eccle.
1043 3099 1062 3150 t,
1080 3084 1116 3154 ι),
1134 3083 1276 3139 sciendum
1293 3090 1334 3137 est
1354 3082 1417 3153 quia
1438 3081 1537 3137 eaelum
1552 3090 1577 3136 et
1593 3089 1662 3136 terra
1675 3096 1726 3151 per

66 3177 91 3224 et
113 3177 141 3224 ut
167 3168 248 3224 simul
276 3185 339 3224 eum
368 3168 503 3226 diabolica
530 3172 634 3242 praeda,
665 3188 746 3244 quam
777 3188 869 3227 seeum
922 3188 1077 3243 eamquanr
1102 3188 1174 3228 nunc
1198 3172 1299 3226 lrabeat
1322 3172 1469 3244 imaginem
1485 3178 1638 3237 transeunt,
1654 3178 1725 3225 atta-

68 3258 150 3325 duxit,
164 3259 200 3314 ad
215 3257 373 3329 episcopum
397 3275 474 3313 suum
496 3260 600 3324 redcat,
617 3269 643 3316 ιι
658 3260 692 3316 de
707 3276 869 3333 quocunque
921 3278 983 3315 men
992 3277 1041 3331 per
1049 3261 1194 3315 essentiam
1207 3260 1265 3315 sine
1275 3258 1327 3314 fine
1339 3261 1499 3314 subsistunt.
1509 3260 1726 3314 Preteritcnim

71 3346 180 3402 crimine
193 3346 304 3417 publico
318 3347 436 3402 debitam
455 3348 642 3419 paenitentiam
666 3349 807 3421 suscipiat,
824 3356 870 3403 aut
920 3351 1012 3421 fiqurc
1027 3350 1111 3421 liujus
1129 3350 1231 3404 intendi
1243 3349 1267 3418 (l
1278 3352 1338 3405 Cor.
1351 3363 1399 3416 ιιι,
1412 3347 1467 3418 31),
1480 3352 1508 3402 et
1519 3351 1614 3414 eruut,
1626 3346 1724 3416 iuquit,

72 3441 220 3506 susceptam
235 3433 357 3508 legitime
371 3451 507 3509 peragere
522 3437 710 3508 compellatur.
730 3459 740 3487 a

328 3585 499 3642 EPISTOLA
514 3587 602 3642 XXV.

159 3718 195 3758 an
214 3717 407 3758 attrectarunt
424 3718 577 3759 nrtscorutt
597 3719 774 3760 uniuersam.

920 3439 1022 3493 coslum
1036 3455 1139 3492 notrum
1155 3442 1183 3492 et
1199 3441 1276 3492 torre
1299 3453 1386 3503 noum·
1403 3452 1463 3506 quae
1479 3435 1589 3506 quidem
1605 3451 1658 3489 uon
1673 3434 1724 3488 alia

920 3526 1062 3580 condenda
1072 3533 1144 3594 sunl,
1157 3525 1204 3580 sed
1215 3526 1273 3579 burc
1284 3524 1345 3595 ipsa
1358 3523 1569 3579 renovabuntur.
1582 3523 1725 3578 Transieut

920 3623 947 3668 ιι
961 3615 1167 3686 permanebunt,
1194 3614 1323 3685 quoniam
1338 3613 1373 3668 ab
1389 3629 1422 3667 ea
1437 3612 1529 3683 specie
1551 3629 1631 3682 quarn
1652 3627 1725 3669 nuuc

920 3702 1020 3758 habent
1041 3711 1190 3776 tergentur,
1207 3711 1234 3758 ιι
1249 3702 1277 3757 in
1302 3719 1351 3757 sua
1376 3718 1484 3773 semper
1508 3709 1606 3756 natura
1629 3716 1724 3757 serve-

920 3791 1028 3846 buntur.
1054 3792 1130 3847 Unde
1155 3792 1286 3862 scriptum
1309 3801 1350 3846 est
1366 3809 1372 3845 :
1391 3791 1508 3847 llutubis
1524 3807 1566 3857 ca,
1583 3795 1611 3846 et
1625 3794 1723 3846 mutu-

920 3880 1026 3936 buntur
1042 3880 1131 3950 (Paul.
1149 3896 1184 3946 ct,
1200 3882 1257 3951 ut).

956 3968 1128 4040 Quapropter
1144 3967 1200 4023 lteri
1224 3986 1321 4041 aquam
1344 3968 1467 4042 ignitam,
1483 3969 1590 4025 adhaec
1606 3970 1660 4025 duo
1675 3984 1725 4027 co-

111 4050 267 4107 tinomaus
289 4051 456 4107 lllremomm
481 4050 634 4122 episeopus,
651 4067 682 4106 ac
706 4052 793 4122 plebis
818 4049 868 4107 Dei
918 4058 1012 4129 palata
1036 4057 1063 4111 iu
1088 4075 1172 4112 unum
1196 4058 1351 4130 indaganda
1373 4058 1483 4126 judicia,
1508 4058 1576 4113 illud
1600 4059 1726 4115 videlieet

10 4210 14 4217 Ι
84 4134 192 4205 famulus,
218 4139 319 4194 dilecto
344 4138 420 4194 fratri
435 4155 467 4196 ac
476 4140 624 4196 venerabili
649 4141 778 4212 episcopo
803 4141 867 4195 lltu-
920 4147 993 4218 quod
1004 4147 1062 4216 jam
1077 4163 1127 4217 per
1141 4163 1240 4218 aquam
1266 4146 1364 4203 facturn
1390 4156 1441 4213 est,
1457 4156 1482 4201 et
1498 4147 1564 4203 illud
1580 4149 1652 4219 quod
1676 4165 1725 4220 per

86 4239 190 4284 nasanto
205 4228 333 4283 salutern.
920 4236 1011 4305 ignem
1034 4233 1153 4291 fiendum
1170 4245 1220 4301 cst,
1238 4235 1300 4290 licet
1316 4236 1370 4290 sint
1389 4252 1439 4306 pro
1461 4244 1613 4306 temporum
1634 4237 1724 4293 varie-

110 4317 172 4371 bum
196 4315 442 4386 confabularemur,
459 4324 485 4372 et
499 4317 569 4373 inter
583 4332 633 4372 nos
647 4317 681 4372 de
704 4317 868 4389 quibusdam
919 4332 975 4379 tate
999 4324 1129 4395 disparia,
1147 4325 1195 4379 sed
1211 4341 1293 4388 unum
1308 4333 1370 4378 sunt
1392 4324 1560 4394 operationis
1581 4326 1722 4396 mysterio,

86 4418 262 4473 quereremus,
287 4421 379 4461 sermo
403 4405 511 4461 babitus
534 4414 575 4460 est
603 4405 637 4460 ιιι
661 4405 764 4474 Judicio
792 4422 869 4478 uquae
883 4409 948 4472 Diu
963 4413 1061 4484 quibus
1078 4413 1162 4467 sancti
1178 4412 1329 4468 liberantur
1339 4413 1426 4479 illaesi,
1443 4421 1469 4467 et
1484 4413 1592 4484 reprobi
1606 4414 1724 4483 puniun-

272 3820 311 3874 ιι
321 3818 432 3891 judicio
448 3836 527 3892 aqaoe
540 3820 661 3891 frigidae.

126 3932 200 3989 ιιριιιι
211 3932 337 3988 eumdem,
348 3943 379 3980 ex
388 3933 475 3981 codiee
488 3936 512 3981 S.
525 3933 630 3990 ttemigit
649 3933 813 3988 ebernensis.)

87 4488 186 4564 frigide,
203 4494 238 4549 de
255 4509 314 4566 quo
325 4493 466 4549 llabanum
487 4494 671 4550 venerabilem
693 4495 877 4565 archiepisco·

84 4594 134 4649 puni
147 4582 314 4655 lloguntinta
333 4581 449 4638 civitatis
471 4583 594 4655 quaedam
617 4583 760 4654 scripsisse
775 4584 875 4647 dixisti,

84 4683 107 4723 ιι
118 4671 192 4740 cuius
211 4671 320 4742 scriptis
344 4671 408 4743 quid
432 4671 498 4726 milti
513 4672 650 4728 videretur
670 4672 802 4727 sciscitari
826 4689 876 4728 cu-

84 4762 144 4814 rasti.
169 4760 249 4816 Unde
272 4760 343 4814 inter
364 4760 417 4815 alia
431 4768 457 4815 et
473 4776 516 4816 me
537 4761 682 4832 scripsisse
706 4763 740 4815 ad
760 4762 876 4818 interro-

83 4848 209 4914 gationem
230 4847 346 4904 fratrum
370 4864 401 4904 ac
425 4850 648 4921 coepiscoporum
672 4858 826 4905 nostrorum
841 4851 876 4908 de

83 4948 156 5008 regno
183 4937 323 5008 quondam
350 4937 467 5006 junioris
500 4939 619 4993 Lotlrarii
652 4938 699 4993 tibi
727 4939 874 5010 respondi,

81 5039 129 5093 quae
142 5040 175 5080 ex
191 5025 302 5096 scriptis
317 5026 418 5081 nostris
439 5026 527 5097 excipi
543 5035 568 5081 ιι
584 5027 631 5081 tibi
653 5028 797 5083 transmitti
817 5045 876 5083 ma-

81 5126 193 5184 mopere
206 5112 360 5186 postulasti.
376 5116 410 5170 Et
424 5115 485 5186 quia
501 5116 630 5186 scriptum
647 5125 686 5172 est
705 5135 711 5171 ε
730 5117 812 5173 Omni
828 5134 876 5190 pc-

82 5204 145 5258 enti·
164 5208 191 5259 te
211 5203 258 5272 du,
278 5208 308 5259 et
324 5204 432 5260 volenti
452 5206 582 5261 rnutuuri
597 5223 614 5260 o
629 5209 656 5261 te
674 5222 711 5261 rae
735 5207 874 5264 avertaris

81 5289 181 5354 illatttt.
199 5308 228 5358 v,
246 5292 301 5363 ιι),
319 5309 378 5364 quae
393 5292 484 5364 petisti
508 5293 542 5348 de
567 5295 791 5366 responsionibus
814 5295 873 5351 exi-

78 5379 182 5450 guitatis
196 5389 298 5438 nostrae
313 5380 347 5436 ad
362 5382 588 5454 interrogationes
611 5384 803 5454 praedictorum
817 5384 874 5441 fra·

78 5483 142 5534 uam
164 5485 320 5537 nostrorum
341 5486 467 5552 excerpta
482 5488 535 5538 tuae
549 5480 687 5538 dilectioni
711 5482 871 5555 transmitto,

926 4509 971 4556 tur
985 4502 1096 4567 addicti,
1112 4501 1252 4567 Ecclesiae,
1271 4518 1352 4573 quam
1367 4501 1519 4573 designavit
1533 4516 1599 4557 arca
1620 4501 1724 4571 diluvii,

927 4590 1044 4645 creditur
1077 4590 1221 4645 tradidisse
1254 4591 1418 4658 auctoritas,
1453 4607 1513 4662 quae
1547 4589 1628 4644 etiam
1662 4590 1725 4647 inde

927 4679 1013 4734 sanxit
1029 4687 1057 4733 ut
1072 4696 1150 4750 aqum
1174 4680 1344 4751 baptismatis
1367 4679 1450 4734 halitu
1473 4678 1636 4733 sacerdotali
1657 4694 1724 4734 san-

927 4777 987 4823 ctus
997 4767 1146 4824 insuffletur
1157 4769 1284 4840 Spiritus,
1297 4769 1343 4839 qui
1352 4768 1423 4823 inter
1432 4767 1493 4838 ipsa
1503 4767 1597 4821 mundi
1608 4767 1726 4838 primor-

927 4857 972 4911 dia
995 4856 1133 4912 ferebatur
1156 4874 1237 4928 super
1259 4872 1354 4928 aquas.
1380 4857 1413 4911 Ut
1432 4857 1490 4924 jam
1513 4863 1576 4912 tuno
1599 4857 1725 4913 virtutem

927 4945 1149 5001 sanctificationis
1164 4962 1296 5018 aquarum
1311 4952 1407 4999 nature
1431 4944 1596 5016 conciperet,
1622 4955 1648 5001 et
1673 4963 1726 5018 quo

927 5035 1025 5108 rubigo
1040 5035 1161 5097 omnium
1176 5035 1334 5105 excoquitur
1343 5041 1528 5103 peccatorum,
1539 5034 1612 5090 cerei
1622 5036 1725 5090 lumina

927 5123 1094 5180 sanctificato
1109 5123 1215 5179 accensi
1231 5139 1247 5177 a
1261 5123 1321 5178 loco
1339 5131 1482 5178 teneantur
1496 5124 1621 5190 immissi,
1637 5125 1726 5181 donee

927 5212 1048 5280 ejusdem
1065 5213 1145 5268 fontis
1160 5215 1328 5267 consecratio
1343 5214 1522 5284 compleatur,
1539 5230 1588 5284 per
1602 5228 1664 5267 eum
1678 5212 1727 5284 qui

926 5301 1049 5356 nocentis
1064 5301 1155 5355 mnndi
1170 5301 1284 5356 crimina
1299 5318 1349 5372 per
1362 5319 1446 5374 aquas
1468 5302 1589 5366 abluens,
1605 5317 1725 5374 regene-

926 5389 1039 5444 rationis
1063 5389 1183 5460 speeiem
1198 5389 1226 5444 in
1241 5391 1300 5462 ipsa
1323 5391 1416 5446 diluvii
1439 5390 1570 5446 effusione
1596 5389 1725 5462 signavit,

925 5494 955 5542 ut
980 5485 1060 5541 unius
1088 5485 1266 5559 ejusdemque
1294 5486 1421 5545 elementi
1449 5485 1593 5558 mysterio,
1612 5495 1640 5544 et
1664 5485 1727 5545 finis
