3794 6104
118 248 167 302 191
564 242 736 300 utriculum
749 240 949 299 RHEMENSIS
978 240 1256 298 uucfllarlscoat.
1704 246 1773 302 'lta

119 376 212 427 nostra
228 377 287 426 erat
303 370 485 441 exspectanda
497 384 624 435 censura,
641 375 669 422 ut
684 366 750 421 nihil
767 366 844 438 prius
859 366 918 437 ipse
933 365 1062 433 Acuum,
1088 368 1220 441 quidquid
1242 369 1278 425 ab
1293 369 1400 424 illorum
1425 367 1505 424 luerit
1523 366 1715 423 constitutione
1729 367 1773 422 di·

117 458 293 524 decerneres,
310 473 392 529 quam
408 457 477 531 quid
500 457 579 512 nobis
599 456 728 528 placeret,
742 470 918 528 agnosceres.
970 472 1090 510 versum.
1105 478 1117 506 ι
1134 458 1168 513 Ει
1183 460 1362 530 paulopost:
1377 457 1492 513 aSancti
1506 456 1545 511 illi
1560 465 1587 512 et
1602 456 1773 512 venerabiles

117 546 199 604 vices
222 547 295 603 enim
319 555 428 603 nostras
448 547 485 601 ita
507 554 560 601 tuoe
588 544 755 601 credidimus
783 543 917 613 charitati,
971 545 1074 614 Patres,
1090 547 1177 617 quiin
1194 548 1399 613 urbeNicaena,
1416 544 1553 618 sacrilego
1569 545 1710 601 briocum
1726 561 1772 601 sua

118 643 147 691 ut
160 636 188 692 in
203 643 308 707 partem
332 635 370 690 sis
393 642 504 691 vocatus
526 634 724 702 sollicitudinis,
745 648 801 688 uon
814 631 843 687 iu
857 630 919 704 plc-
969 632 1106 703 impietate
1121 635 1258 702 damnato,
1276 650 1420 691 mansuras
1435 650 1521 704 usque
1536 635 1564 688 in
1580 633 1664 688 linem
1679 633 1771 688 mundi

118 724 269 781 altudinem
283 724 435 794 potestatis.
459 745 470 773 ι
967 721 1045 795 leges
1060 723 1304 782 ecclesiasticomm
1316 739 1450 780 canonum
1460 722 1653 788 condiderunt,
1663 729 1692 776 et
1701 723 1771 793 apud

155 813 188 868 v.
205 812 262 868 lllis
275 811 487 884 metropolitanis
502 811 561 883 (qui
582 818 608 867 et
632 811 763 882 primates
782 807 918 865 multoties
968 827 1019 866 nos
1035 811 1063 866 in
1077 819 1133 869 toto
1155 814 1222 868 orbe
1246 822 1381 869 terrarum
1406 812 1434 867 in
1454 811 1516 878 suis„
1533 810 1771 867 constitutionibus

117 902 146 958 in
161 901 245 960 sacris
267 901 416 958 canonibus
431 900 609 972 appellantur,
633 899 735 971 quique
749 898 776 953 in
791 897 851 954 loco
866 898 917 952 de·
970 899 1072 964 vivunt,
1088 909 1114 955 et
1130 901 1231 974 siquid
1256 916 1371 973 usquam
1394 900 1473 956 aliter
1494 915 1576 971 quam
1596 899 1637 954 illi
1652 905 1770 956 statuere

118 990 270 1047 functorum
300 988 567 1060 archiepiscoporum
594 996 620 1044 et
645 986 917 1058 metropolitanorum
967 967 1150 1058 praisumitur,
1167 991 1226 1046 sine
1245 990 1416 1046 cunctatione
1440 997 1575 1055 cassatur,
1600 995 1630 1043 ut
1654 1002 1716 1059 quae
1736 988 1770 1043 ad

118 1080 152 1134 ab
168 1078 303 1150 episcopis
317 1078 530 1149 uniuscujusque
555 1075 702 1147 provinciae
724 1076 782 1130 sine
797 1075 916 1129 interro·
967 1085 1127 1148 perpetuam
1142 1079 1285 1134 utilitatem
1301 1077 1465 1152 generaliter
1478 1076 1599 1131 instituta
1614 1083 1687 1144 sunt,
1699 1074 1770 1131 nulla

118 1168 228 1241 gationc
242 1167 354 1223 alterius
377 1166 501 1237 primatis
525 1163 672 1236 praevalent
694 1163 827 1229 ordinari,
843 1170 870 1217 et
884 1179 917 1217 ex
967 1167 1213 1223 communicatione
1229 1167 1377 1234 varientur,
1393 1181 1445 1221 nec
1459 1165 1494 1221 ad
1508 1165 1644 1236 privatum
1659 1164 1769 1219 traban-

116 1256 233 1328 antiquae
256 1254 460 1312 consuetudinis
483 1253 555 1326 lege,
571 1268 588 1309 a
603 1253 668 1335 sede
691 1251 852 1323 apostolica,
872 1252 917 1308 cui
966 1260 1008 1308 tur
1023 1256 1206 1322 commodum,
1225 1272 1285 1329 quae
1299 1256 1334 1312 ad
1350 1257 1451 1310 bonum
1466 1261 1527 1309 sunt
1541 1268 1689 1309 commune
1702 1268 1767 1323 prae

117 1345 270 1402 sollicitudo
285 1351 313 1400 et
324 1342 448 1414 praelatio
469 1343 589 1399 omnium
612 1341 796 1397 Ecclesiamm
815 1341 843 1395 in
856 1340 916 1411 pri·
966 1341 1019 1397 lixa
1035 1361 1041 1397 :
1058 1352 1084 1398 ct
1103 1345 1277 1400 manentibus
1292 1344 1413 1398 terminis
1428 1357 1497 1414 quos
1512 1341 1714 1398 constituerunt
1727 1340 1771 1395 Pa·

116 1441 191 1489 matu
205 1441 248 1488 est
261 1432 348 1488 sancti
362 1431 435 1487 Petri
449 1430 556 1498 collata,
581 1430 655 1502 pallii
674 1430 763 1486 solent
777 1428 860 1502 genio
874 1428 915 1483 in-
965 1438 1030 1500 tres,
1056 1447 1136 1488 nemo
1159 1433 1244 1502 injus
1268 1433 1361 1488 tendat
1385 1431 1515 1500 alienum,
1542 1430 1591 1486 sed
1614 1429 1688 1484 intra
1703 1428 1769 1483 fines

118 1520 223 1593 signiri,
247 1520 316 1576 etin
334 1519 395 1576 loco
417 1518 606 1576 decedentium
628 1519 828 1591 episcoporum,
856 1519 915 1573 sine
964 1520 1090 1591 proprios
1104 1529 1184 1594 atque
1198 1521 1347 1596 legitimos,
1363 1527 1445 1592 prout
1467 1520 1528 1591 quis
1542 1518 1670 1584 valuerit,
1686 1518 1714 1572 in
1728 1518 1769 1573 la-

117 1609 242 1666 consultu
265 1608 309 1664 vel
331 1608 442 1664 licentia
459 1608 583 1679 primatis
602 1607 723 1673 alterius,
741 1607 768 1662 in
784 1623 833 1664 sua
846 1623 914 1679 pro·
965 1608 1077 1665 titudine
1101 1610 1240 1665 charitatis
1265 1626 1295 1665 se
1321 1616 1458 1684 exerceat.
1477 1628 1488 1657 ι
1506 1607 1587 1662 Aliud
1611 1606 1685 1662 enim
1709 1613 1770 1661 sunt

116 1697 206 1754 vincia
220 1696 320 1770 quique
333 1704 448 1768 possunt
467 1697 609 1767 episcopos
628 1696 776 1766 ordinare),
793 1712 842 1752 sua
854 1697 915 1765 jura
928 1698 1057 1784 Bsetles,
1072 1694 1144 1753 aliud
1166 1699 1356 1770 praesidentes,
1373 1706 1400 1753 et
1414 1713 1530 1768 maguus
1556 1695 1705 1765 unicuique
1719 1695 1768 1750 ho·

117 1786 218 1842 debent
244 1786 334 1842 modis
361 1785 487 1840 omnibus
509 1784 658 1840 secundum
680 1784 791 1840 eosdem
820 1799 913 1842 sacros
965 1803 1017 1842 nor
1031 1795 1072 1842 est
1086 1787 1231 1861 integritas
1248 1803 1306 1844 sua.

117 1875 245 1931 Nicaenos
259 1889 378 1931 canones
396 1873 552 1930 conservari
568 1889 574 1928 :
590 1872 636 1945 qui
657 1872 850 1930 inviolabiliter
863 1874 914 1929 de·
1004 1877 1061 1930 l'll.
1078 1877 1112 1931 Et
1134 1877 1197 1932 item
1222 1877 1295 1931 idem
1310 1877 1344 1932 ad
1359 1876 1494 1948 synodum
1519 1873 1769 1930 chalcedonensem

118 1972 272 2032 creverunt,
296 1971 325 2019 ut
346 1963 414 2018 sicut
437 1962 628 2019 Alexandrinae
648 1961 789 2029 Ecclesia,
813 1963 874 2033 quia
888 1970 915 2017 et
965 1964 1087 2021 scribens
1102 1966 1196 2038 (epist.
1215 1968 1259 2034 65)
1277 1983 1283 2019 :
1304 1966 1369 2020 «De
1385 1963 1580 2030 custodiendis,
1597 1961 1695 2034 inquit,
1713 1976 1770 2017 san·

117 2052 193 2107 urbis
215 2052 309 2108 iiomae
332 2050 462 2122 episcopo
484 2049 579 2122 parilis
599 2065 660 2105 mos
678 2058 728 2114 est,
751 2050 875 2107 similiter
889 2060 916 2106 et
964 2061 1068 2110 ctorum
1083 2054 1192 2108 Patrum
1214 2053 1330 2122 statutis,
1353 2068 1415 2124 quae
1429 2053 1457 2107 in
1473 2052 1578 2123 synodo
1595 2050 1710 2106 Nicaena
1725 2049 1768 2105 in-

118 2140 191 2212 apud
215 2140 396 2205 Antiochiam,
421 2146 590 2212 caeterasque
613 2138 766 2210 provincias
786 2139 841 2194 suis
856 2139 915 2210 pri·
965 2142 1137 2198 violabilibus
1152 2151 1214 2198 sunt
1229 2141 1282 2197 trra
1300 2141 1427 2209 decretis,
1454 2139 1654 2196 observantiam
1668 2146 1766 2194 vestre

118 2229 218 2302 vilegia
233 2236 377 2286 serventur
399 2227 540 2284 Ecclesiis.
557 2229 597 2283 De
610 2227 708 2299 quibus
732 2228 818 2284 sacris
831 2244 916 2284 cano·
967 2231 1116 2287 sanctitatis
1143 2229 1288 2299 admoneo,
1304 2238 1332 2285 ut
1354 2230 1417 2299 jura
1437 2228 1635 2294 Ecclesiamm,
1651 2228 1723 2283 sieut
1735 2227 1769 2282 ab

118 2313 199 2369 nibus
213 2312 341 2384 Pfaefaffls
357 2320 465 2368 sanctus
480 2313 535 2367 L00
547 2311 582 2365 ad
597 2311 752 2366 Ass³¹⁰li¹1111
766 2311 920 2367 001151θῦῑί-
967 2318 1021 2373 illis
1034 2329 1142 2375 centum
1167 2320 1262 2375 decem
1278 2326 1304 2375 et
1319 2327 1380 2374 octo
1395 2317 1519 2373 Patribus
1538 2316 1668 2371 divinitus
1682 2315 1769 2386 inspi-

118 2400 305 2472 nopolitanum
320 2400 478 2472 episcopum
492 2399 531 2454 ita
545 2399 646 2470 passim
661 2400 727 2455 dicit
741 2399 835 2473 (epist.
851 2403 916 2470 56):
967 2409 1033 2463 ratis
1048 2416 1110 2463 sunt
1128 2408 1248 2464 ordinata
1270 2414 1454 2478 permaneant.
1478 2405 1551 2460 Nihil
1571 2404 1692 2459 alienum
1715 2405 1770 2460 im·

120 2514 131 2537 ·
149 2491 212 2545 Post
233 2489 468 2546 0⁰n⁵00t81i0110m
500 2489 661 2545 AntiOGltessi
683 2488 814 2560 episcopi,
837 2506 918 2562 quam
967 2497 1071 2568 probus
1086 2497 1204 2552 ambitus
1219 2496 1402 2566 concupiscat,
1418 2509 1469 2550 nec
1484 2510 1534 2565 per
1548 2492 1660 2547 alterius
1677 2492 1769 2548 immi·

119 2578 224 2635 tibimet
238 2587 332 2636 contra
346 2578 503 2634 canonicam
527 2577 651 2649 regulam
670 2577 822 2645 vindicasti,
838 2578 918 2634 doleo
968 2586 1107 2641 notionem
1121 2601 1199 2640 suum
1223 2585 1321 2658 aliquis
1342 2589 1445 2654 quaerat
1468 2588 1656 2654 augmentum.
1674 2580 1770 2650 Quen.

120 2667 202 2723 etiam
215 2667 243 2722 in
256 2668 308 2724 boc
329 2667 501 2723 dilectionem
526 2675 598 2722 tuam
623 2682 685 2723 esse
708 2666 875 2738 prolapsam,
891 2675 920 2722 ut
968 2660 1093 2730 tumlibet
1108 2674 1180 2730 enim
1202 2673 1313 2729 extortis
1337 2670 1565 2728 assentationibus
1580 2685 1643 2726 sese
1657 2669 1773 2724 instmal

119 2757 322 2813 sacratissimas
348 2756 523 2812 Nicaenorum
551 2770 686 2812 canonum
714 2755 919 2812 constitutiones
969 2763 1095 2820 vanitatis
1115 2762 1206 2828 olatio,
1221 2770 1248 2817 et
1262 2761 1398 2833 appetitus
1413 2774 1478 2815 suos
1501 2756 1681 2815 conciliorum
1694 2756 1771 2814 aesti-

119 2846 258 2902 conareris
272 2845 432 2918 infringere,
448 2852 576 2916 tanquam
591 2852 743 2915 opportune
760 2861 790 2901 se
806 2845 853 2898 tibi
868 2846 920 2900 hoc
968 2859 1024 2905 met
1051 2850 1161 2906 nomine
1190 2849 1370 2912 roborandos,
1399 2847 1537 2903 infirmum
1558 2853 1639 2918 atque
1662 2845 1772 2900 irritum

119 2943 226 3005 tempus
245 2932 381 2999 obtulerit,
405 2949 458 3004 quo
483 2932 594 2988 secundi
614 2932 725 2988 honoris
748 2932 921 3005 privilegium
970 2939 1022 2994 erit
1036 2938 1168 3011 quidquid
1183 2954 1198 2992 a
1213 2938 1408 3009 praedictorum
1431 2937 1535 2991 Patmm
1560 2934 1712 2990 canonibus
1727 2934 1772 2990 di·

118 3022 199 3080 sedes
213 3021 395 3078 Alexandrina
409 3022 569 3093 perdiderit,
587 3029 612 3075 et
626 3019 797 3077 Antiocheno
816 3021 915 3077 Eccle-
970 3028 1107 3098 sereparit.
1137 3026 1258 3095 Quomm
1285 3026 1388 3097 regulis
1415 3023 1564 3096 apostolica
1586 3022 1669 3078 sedes
1689 3039 1771 3095 quam

118 3111 159 3167 siit
173 3110 366 3182 proprietatem
390 3109 475 3167 tertia
498 3109 638 3183 dignitatis
660 3109 790 3177 amiserit,
819 3117 847 3164 ut
874 3109 916 3164 his
970 3125 1127 3172 reverenter
1164 3123 1262 3181 utetur,
1303 3115 1465 3186 scriptorum
1500 3128 1634 3178 meorum,
1673 3112 1773 3183 quibus

118 3201 187 3257 locis
197 3200 251 3270 juri
265 3207 311 3255 tuo
327 3199 453 3265 subditis,
468 3215 564 3255 omues
581 3198 781 3270 Metropolitani
796 3199 918 3270 episcopi
968 3203 1257 3275 constantinopolitani
1281 3202 1406 3259 antistitis
1427 3209 1540 3258 conatus
1556 3200 1652 3272 repuli,
1670 3200 1773 3271 poterit

118 3289 231 3361 proprio
244 3289 347 3345 honore
362 3288 510 3360 priventur.
536 3286 641 3357 Quibus
662 3287 790 3343 inauditis
806 3296 832 3342 at
845 3304 917 3343 nun·
968 3294 1095 3349 sanctitas
1119 3301 1210 3348 vestra
1233 3292 1349 3348 lectione
1371 3306 1550 3363 cognoscere,
1574 3298 1599 3345 et
1615 3304 1669 3355 me,
1692 3288 1771 3343 auxi-

119 3394 201 3450 quam
228 3386 290 3433 ante
317 3377 425 3434 tentatis
452 3378 489 3433 ita
515 3376 673 3448 praeveniris
699 3377 865 3444 excessibus,
889 3384 918 3432 ut
967 3381 1048 3437 liante
1064 3383 1180 3437 Domino
1199 3390 1301 3449 nostro,
1320 3388 1345 3436 ct
1360 3379 1500 3436 catholicae
1521 3377 1585 3433 fidei
1600 3385 1627 3432 et
1640 3384 1771 3448 paterna-

118 3476 238 3524 sanctam
253 3466 397 3539 synodum,
414 3467 449 3522 ad
464 3466 692 3540 exstinguendam
714 3465 803 3521 solum
827 3467 917 3522 baere-
967 3487 1028 3525 rum
1043 3470 1219 3526 traditionum
1234 3485 1295 3524 esse
1310 3468 1461 3523 custodem.
1480 3487 1491 3516 ι
1509 3467 1541 3521 Et
1556 3466 1590 3521 ad
1606 3464 1771 3520 Martianum

117 3557 178 3625 sim,
195 3564 222 3612 et
235 3555 470 3613 confirmationem
484 3554 548 3611 srdei
563 3555 714 3623 catholicae,
731 3554 820 3611 studio
835 3554 917 3610 Chri·
967 3562 1119 3632 Augustum
1134 3561 1228 3632 (epist.
1245 3558 1309 3629 till:
1324 3556 1492 3628 «Privilcgia
1507 3554 1694 3611 Ecclesiarom
1710 3570 1772 3609 san·

117 3645 275 3701 stianissimi
303 3645 435 3716 principis
463 3653 668 3717 congregatam,
694 3643 723 3698 in
744 3643 917 3699 occasionem
968 3657 1071 3705 ciorum
1097 3649 1204 3703 Petrum
1228 3646 1377 3702 canonibus
1399 3645 1530 3710 instituta,
1557 3651 1583 3698 et
1605 3642 1771 3699 venerabilis

118 3734 235 3790 ambitus
250 3733 353 3800 trahas,
378 3741 446 3789 etut
467 3732 667 3796 conniventiam
680 3746 758 3786 Silam
773 3731 820 3787 tibi
836 3730 918 3786 dedat
967 3737 1085 3794 Nieaenae
1100 3736 1197 3808 synodi
1212 3737 1264 3790 fixa
1288 3734 1414 3802 decretis,
1441 3734 1515 3787 nulla
1536 3739 1650 3804 possunt
1664 3731 1770 3802 impfo.

117 3822 251 3894 impellas,
282 3831 411 3893 tanquam
441 3820 554 3876 refutari
581 3828 699 3892 nequeat
726 3820 800 3891 quod
826 3819 918 3877 illicite
968 3825 1050 3881 bitate
1064 3825 1190 3889 convelli,
1207 3825 1280 3879 nulla
1295 3823 1415 3879 novitate
1435 3821 1544 3877 mutari.
1560 3822 1590 3875 ln
1606 3835 1660 3891 quo
1674 3822 1775 3891 opere(

117 3911 232 3968 voluerit
245 3909 397 3965 multitudo.
417 3930 429 3960 ⁸
968 3915 1112 3970 auxiliante
1127 3914 1235 3969 Christo
1258 3911 1374 3968 fideliter
1398 3910 1583 3983 exsequendo,
1600 3924 1714 3965 necesse
1730 3915 1772 3964 est

153 4009 200 4064 Vl.
225 4007 352 4063 Consona
372 4006 414 4062 his
438 4013 465 4061 et
488 4007 516 4060 in
545 4005 606 4061 aliis
626 4006 743 4062 decretis
763 4005 918 4076 apostolicae
967 4020 1011 4059 me
1039 4010 1258 4074 perseverantem
1282 4002 1411 4056 exhibere
1441 3999 1609 4066 famulatum,
1640 3997 1771 4070 quoniam

118 4094 500 4164 sedcshabentur:«Qu0d
525 4094 697 4150 sietomnes
721 4095 919 4150 sacerdoteset
967 4092 1133 4163 dispensatio
1161 4091 1226 4145 mibi
1255 4090 1358 4145 credita
1386 4097 1436 4158 cst,
1466 4095 1493 4143 et
1518 4088 1551 4142 ad
1574 4102 1665 4142 meum
1686 4086 1771 4141 tendit

116 4187 234 4241 muudus
248 4185 388 4253 assentiat,
411 4184 547 4240 damnatio
571 4183 773 4240 consentientes
794 4183 915 4249 involvit,
968 4189 1083 4245 reatum,
1100 4181 1123 4235 si
1133 4188 1304 4251 paternamm
1314 4178 1416 4250 regulae
1427 4176 1607 4241 sanctionum,
1619 4191 1680 4247 quae
1691 4174 1718 4229 in
1730 4191 1773 4246 sy-

118 4290 172 4330 non
187 4273 434 4346 prevaricationem
456 4288 607 4330 consensus
627 4273 751 4329 absolvit.
768 4273 829 4328 Non
846 4273 918 4328 enim
967 4271 1040 4325 nodo
1054 4270 1174 4336 Nioaena,
1191 4269 1225 4323 ad
1242 4268 1322 4324 totius
1334 4267 1465 4323 Ecclesiae
1476 4266 1600 4338 regimen
1611 4264 1708 4334 spiritu
1719 4262 1772 4319 Dei

117 4364 223 4421 crimen
236 4363 374 4432 minuitur,
391 4364 439 4418 sed
454 4363 597 4429 accrescit,
619 4379 680 4418 cum
700 4362 828 4432 generale
842 4360 870 4416 fit
885 4378 916 4416 cx
967 4359 1117 4414 instmente
1134 4366 1196 4412 sunt
1212 4357 1339 4422 conditae,
1356 4373 1410 4424 me,
1427 4355 1499 4427 quod
1513 4353 1591 4423 absit,
1608 4353 1772 4408 connivente

117 4453 234 4525 privato⁴
266 4453 323 4508 lloc
353 4451 426 4507 enim
453 4452 527 4507 Deus
554 4451 675 4507 omnium
704 4450 840 4519 indicavit,
871 4450 916 4521 qui
932 4443 1112 4512 Dvioleutur,
1130 4455 1157 4501 et
1170 4447 1256 4515 major
1267 4446 1298 4499 sit
1308 4444 1380 4515 apud
1391 4441 1621 4498 mcuniussratris
1632 4440 1768 4507 voluntas,

117 4543 246 4598 mundum
272 4549 433 4613 peccantem
462 4540 582 4613 generali
610 4540 711 4595 diluvio
740 4540 915 4595 interemit.»
970 4553 1049 4608 quam
1066 4535 1199 4590 universae
1214 4535 1311 4589 domus
1327 4532 1434 4588 Domini
1452 4530 1605 4588 communis
1619 4529 1732 4584 utilitas.
1756 4550 1767 4578 ι

119 4632 153 4689 Et
167 4632 231 4687 item
247 4632 276 4687 S.
293 4632 347 4686 Leo
362 4631 396 4686 ad
415 4628 558 4701 praesatum
580 4628 735 4684 Anatolium
751 4629 839 4700 (ibid,
856 4631 920 4701 post
1007 4627 1075 4679 t'ttl.
1102 4625 1137 4678 Et
1158 4625 1192 4678 ad
1215 4622 1384 4679 Pulcheriam
1408 4624 1557 4693 Augustam
1580 4619 1673 4691 (epist.
1697 4618 1769 4687 bal:

119 4720 277 4791 superiora)
293 4740 302 4775 .·
318 4740 329 4770 ι
343 4720 402 4786 illa,
419 4719 513 4791 inquit,
530 4718 705 4774 Nicaenorum
720 4732 854 4773 canonum
869 4733 919 4787 per
971 4735 982 4764 ι
1005 4715 1105 4768 Contra
1129 4721 1228 4767 statuta
1249 4720 1422 4782 paternorum
1453 4725 1597 4776 canonum,
1621 4723 1682 4778 quae
1705 4714 1770 4761 ante

118 4816 242 4863 sanctum
265 4823 329 4862 vere
359 4808 490 4879 Spiritum
516 4806 640 4863 ordinata
664 4804 782 4861 conditio
804 4805 832 4859 in
846 4805 919 4859 nulla
969 4802 1135 4875 longissimae
1150 4801 1237 4857 aetatis
1259 4815 1345 4854 annos
1360 4799 1387 4852 in
1402 4799 1468 4852 urbe
1483 4798 1594 4853 Nicaena
1619 4795 1769 4866 spirituali-

119 4910 239 4967 uuquam
253 4902 330 4965 parte
346 4903 387 4950 est
402 4896 534 4951 solubilis.
550 4895 633 4951 Nulla
648 4894 756 4949 sibimet
771 4894 806 4949 de
824 4893 918 4948 multi·
969 4893 1020 4946 bus
1036 4899 1097 4946 sunt
1112 4890 1220 4945 lundata
1235 4887 1361 4953 decretis,
1378 4886 1443 4941 nibil
1466 4886 1564 4958 cuique
1583 4885 1684 4939 audere
1699 4900 1769 4939 con-

118 4983 263 5056 plicatione
285 4985 507 5055 congregationis
531 4984 673 5057 synodalia
702 4983 816 5039 concilia
838 4982 914 5037 blan·
969 4980 1075 5036 ceditur
1091 4997 1097 5033 ε
1114 4979 1149 5033 ita
1162 4987 1192 5033 ut
1206 4978 1228 5031 si
1251 4977 1312 5048 quis
1336 4976 1472 5030 diversum
1494 4974 1594 5046 aliquid
1618 4973 1769 5028 decernere

120 5073 240 5142 diantur,
256 5087 346 5142 neque
361 5073 489 5127 trecentis
502 5074 556 5128 illis
570 5074 676 5138 decem,
694 5080 775 5144 atque
789 5080 850 5128 octo
865 5071 921 5142 epi·
969 5070 1043 5135 velit,
1061 5085 1089 5123 se
1104 5067 1193 5139 potius
1212 5067 1322 5131 minuat,
1348 5081 1427 5136 quam
1452 5064 1496 5118 illa
1520 5068 1684 5132 corrumpat.
1701 5059 1770 5129 Quae

120 5164 211 5234 scopis
225 5160 423 5236 quantumlibet
445 5162 580 5231 copiosior
604 5178 732 5218 numerus
746 5162 919 5217 sacerdotum
970 5159 993 5214 si
1007 5167 1035 5212 ut
1050 5164 1156 5228 oportet
1169 5172 1186 5211 a
1201 5155 1305 5210 cunctis
1329 5152 1502 5224 pontilicibus
1525 5152 1684 5206 intemerata
1707 5165 1769 5203 ser-

119 5266 282 5322 comparare
299 5267 329 5306 se
343 5250 441 5305 audeat
463 5250 506 5305 vel
527 5250 665 5320 praeierre,
683 5267 745 5307 cum
758 5260 833 5306 tanto
847 5250 918 5306 divi-
969 5254 1075 5311 ventur,
1091 5261 1140 5315 per
1154 5245 1295 5299 universas
1318 5241 1458 5298 Ecclesias
1482 5238 1627 5311 tranquilla
1650 5237 1702 5292 erit
1716 5252 1769 5309 pax

120 5339 191 5394 nitus
213 5340 357 5412 privilegio
378 5339 491 5395 Nicaena
507 5338 542 5393 sit
563 5340 682 5410 synodus
703 5347 874 5407 consecrata,
891 5346 920 5394 ut
970 5344 996 5391 et
1011 5335 1088 5389 tit'ma
1103 5333 1257 5398 concordia,
1279 5332 1360 5387 nullae
1381 5331 1415 5384 dc
1438 5327 1574 5385 mensuris
1593 5327 1691 5381 barum
1706 5326 1766 5381 dis-

68 5472 75 5481 .
121 5428 178 5485 sive
194 5428 408 5498 perpauciores,
426 5428 484 5484 sive
499 5427 656 5499 perplures
676 5429 859 5484 ecclesiastica
872 5428 919 5496 ju·
970 5424 1122 5489 sensioncs,
1143 5422 1224 5477 nullae
1248 5421 1282 5476 dc
1303 5419 1517 5476 ordinationibus
1541 5417 1612 5481 lites,
1634 5415 1715 5470 nullm
1734 5414 1768 5469 dc

120 5516 193 5574 dicia
215 5515 397 5587 celebrentur,
419 5518 493 5574 omni
516 5517 625 5590 penitus
648 5519 807 5575 auctoritate
822 5517 856 5574 sit
870 5532 919 5573 va·
970 5513 1122 5587 privilegiis
1136 5511 1335 5584 ambiguitates,
1351 5509 1425 5566 nulla
1448 5515 1526 5564 eruut
1541 5504 1575 5563 de
1589 5504 1672 5562 alieni
1685 5519 1769 5560 usur·
1822 5489 1825 5506 ¹
