3794 6104
120 249 152 306 tt
595 244 772 303 ttrrtcttanr
788 238 990 299 ananensis
1005 242 1282 301 ddCissEPlSCOPl.
1362 282 1376 309 0
1743 249 1776 301 52

116 371 224 441 vixerit,
241 373 365 430 eamdem
377 373 472 429 sedem
487 387 539 445 qua
554 370 713 442 regulariter
737 385 767 426 se
788 367 917 440 privavit,
928 364 957 428 Α
970 377 1175 433 consenserunt,
1193 368 1341 441 dequibus
1355 369 1384 423 in
1405 375 1499 424 nostro
1520 368 1619 425 saeculo
1642 370 1776 441 quosdam

117 463 249 520 canonice
259 478 314 517 non
329 462 445 533 repetiit,
461 478 513 517 nec
527 459 650 524 obtinuit,
668 475 757 530 neque
772 458 856 512 ullum
871 472 918 511 ca·
968 457 1129 526 audivimus,
1144 459 1276 530 quosdam
1285 459 1366 513 ctiam
1379 459 1425 529 qui
1443 459 1495 513 linc
1510 465 1626 531 egerunt
1645 459 1775 515 uidimus.

119 554 225 609 nonicae
240 569 296 607 snae
316 551 494 608 restitutionis
508 551 697 605 documentum
718 548 822 618 synodo
839 545 918 602 cuili—
969 544 1032 611 Sed,
1049 555 1175 601 monente
1192 547 1341 617 Scriptura,
1359 563 1412 601 non
1424 548 1557 602 debemus
1573 547 1680 601 turbant
1697 547 1775 618 sequi

118 641 174 707 bct,
193 641 235 696 val
250 640 418 711 principibus
434 647 523 704 terra,
540 653 571 692 ac
587 636 703 706 populis
716 635 761 707 qni
776 634 920 689 eumdem·
969 634 1001 686 ad
1017 635 1087 688 male
1098 636 1244 708 agendum,
1262 644 1286 691 ct
1302 644 1330 690 nt
1349 637 1522 691 Innocentius
1537 636 1653 706 loquens
1669 636 1704 690 de
1720 637 1773 691 ao-

119 737 212 784 natum
240 728 324 783 inisse
350 736 488 788 noverant,
506 724 654 780 secundum
690 724 799 796 regulas
828 739 919 777 sacras
968 738 1037 777 noso
1052 723 1116 777 dicit
1133 724 1247 787 (decret.
1275 723 1489 793 56),«Quotics
1511 740 1527 778 a
1547 723 1667 795 populis,
1692 733 1738 779 aut
1761 741 1776 777 a

121 813 248 868 ostendit.
265 814 299 867 Et
310 813 332 865 si
347 812 407 883 quis
422 811 478 865 vult
493 810 584 864 dicere
604 825 665 864 enm
679 807 763 862 inisse
783 806 919 876 regulari·
969 812 1049 865 turba
1063 820 1199 881 peccatur,
1217 813 1281 884 quia
1295 812 1322 865 in
1338 828 1433 867 omues
1444 820 1556 883 propter
1574 813 1776 868 multitudinem

119 909 171 970 ter,
188 916 324 956 consensu
340 900 538 969 episcoporum,
553 897 596 951 vel
612 895 860 966 sedisapostolicae
876 911 919 949 rc·
969 915 1023 954 nou
1034 908 1121 970 potest
1138 900 1281 969 uindicari,
1303 901 1416 955 inultum
1429 901 1515 956 soleat
1532 901 1658 956 transire.
1681 902 1776 956 Priora

118 990 254 1053 stitutum,
272 988 340 1042 sicut
369 995 477 1041 sanctus
507 984 634 1042 Gelasius
662 985 690 1037 in
715 983 846 1039 decretali
871 998 918 1037 sna
969 1003 1035 1058 ergo
1059 988 1219 1043 dimittenda
1248 988 1310 1045 dico
1342 989 1391 1043 Dei
1412 990 1524 1058 judicio,
1555 998 1581 1043 et
1610 989 1644 1043 dc
1670 990 1788 1061 reliquo·

122 1076 235 1148 epistola
250 1076 392 1132 dedentio
407 1075 473 1129 dicit
486 1075 526 1145 (in
537 1083 610 1128 tomo
620 1073 653 1128 dc
667 1073 766 1127 anulii.
784 1072 917 1137 rriucuto),
969 1076 1086 1130 maxima
1102 1077 1284 1132 sollicitudine
1297 1079 1516 1148 praecavendum.
1538 1101 1549 1127 a
1570 1079 1603 1132 Et
1617 1079 1652 1133 de
1675 1078 1775 1134 incon-

119 1182 201 1237 quem
216 1164 257 1218 sui
272 1164 420 1234 complices
448 1179 479 1218 ac
507 1160 625 1217 fautores
656 1161 808 1216 restitutum
836 1160 920 1215 luisse
970 1182 1038 1236 gruo
1052 1166 1139 1221 sacris
1156 1166 1303 1235 Scripturis
1318 1181 1350 1221 ac
1367 1175 1522 1221 sanctorum
1539 1166 1658 1221 decretis
1672 1167 1776 1222 ntulto-

119 1252 270 1326 fingebant,
286 1253 410 1307 doceata
425 1251 522 1322 quibus
537 1259 563 1305 et
578 1249 623 1304 ubi
635 1249 680 1304 ille
692 1265 843 1304 censensus
877 1264 920 1303 re·
971 1270 1030 1308 rum
1045 1269 1192 1320 consensu,
1208 1255 1274 1308 item
1289 1254 1317 1308 in
1332 1255 1450 1309 decretis
1465 1254 1622 1325 apostolicae
1638 1254 1712 1309 sedis
1733 1255 1777 1309 lc·

121 1341 268 1396 stitutionis
278 1340 313 1395 sit
325 1350 430 1413 gestus,
460 1339 483 1394 si
499 1339 649 1403 secuudum
667 1337 797 1393 Ecclesiae
812 1336 922 1407 reptiles
970 1342 1051 1415 gitur,
1068 1342 1130 1412 quia
1140 1350 1165 1397 ct
1181 1342 1203 1395 si
1214 1358 1309 1396 omnes
1325 1344 1491 1407 sacerdotes,
1504 1352 1530 1398 et
1543 1343 1661 1397 mundns
1675 1359 1775 1398 assen-

120 1429 289 1498 celebratns,
303 1428 325 1482 si
339 1437 449 1499 paterna
464 1426 606 1481 traditione
621 1425 770 1496 profectus,
794 1425 816 1478 si
832 1424 920 1492 majo·
971 1431 1027 1495 tiat,
1044 1431 1179 1484 damnatio
1203 1431 1404 1486 eonsentientes
1427 1431 1548 1500 involvit,
1567 1448 1620 1486 non
1646 1433 1777 1502 praevari-

120 1533 267 1573 rummore
281 1517 411 1588 prolatus,
427 1516 450 1569 si
464 1514 625 1586 competenti
651 1513 851 1569 examinaliOUe
875 1514 922 1567 de·
972 1519 1104 1574 cntionem
1120 1520 1411 1574 consensusabsolrit.
1438 1521 1498 1574 Non
1514 1520 1585 1574 enim
1602 1521 1706 1575 crimen
1730 1521 1779 1574 mi·

119 1614 269 1679 promptus,
286 1605 309 1660 si
325 1605 359 1660 ad
373 1605 487 1675 primam
501 1604 605 1671 sedern,
620 1603 697 1671 cujus
722 1602 861 1664 intererat,
887 1601 921 1654 tle
971 1607 1072 1670 unitur,
1091 1607 1139 1661 sed
1168 1608 1307 1675 accrescit,
1329 1624 1390 1663 cum
1405 1608 1533 1680 generale
1558 1608 1587 1661 tit
1601 1625 1634 1662 ex
1658 1609 1776 1679 privato.

121 1694 254 1750 sententia
269 1690 806 1766 qualenebttinrobsiricltts,secundtttn
823 1690 1029 1782 Eccle-Bfloc
1059 1696 1131 1750 onim
1159 1697 1232 1750 Deus
1255 1697 1376 1751 omnium
1405 1696 1550 1761 indicavit,
1576 1697 1622 1768 qui
1645 1697 1775 1751 mundum

121 1783 169 1838 siae
184 1781 296 1855 regulas
311 1790 353 1836 cst
369 1781 492 1849 relatum,
513 1780 536 1833 si
551 1780 646 1834 cadom
671 1795 731 1851 qum
755 1777 847 1849 ligarit
870 1778 922 1832 ab·
973 1792 1129 1855 peccantem
1159 1785 1278 1855 generali
1303 1784 1403 1841 diluvio
1431 1786 1586 1850 interemit;
1610 1794 1637 1840 et
1664 1800 1776 1840 sacrum

124 1871 217 1926 solvit.
239 1871 266 1926 Si
282 1872 340 1924 hac
354 1869 390 1924 ita
405 1877 482 1939 gesta
497 1884 551 1922 non
563 1875 634 1932 sunt,
647 1883 708 1922 cum
724 1883 773 1921 nec
787 1883 802 1919 a
817 1864 924 1937 pontili—
973 1873 1037 1927 dicit
1053 1872 1193 1927 Nicoenum
1209 1874 1353 1928 concilium
1368 1874 1444 1929 r'cuu.
1465 1875 1504 1939 ei,
1524 1874 1587 1945 quia
1611 1874 1683 1945 quod
1706 1875 1778 1928 irre.

123 1959 201 2015 cibns
215 1958 336 2030 legitime
351 1966 378 2012 et
392 1956 583 2013 ecclesiasticis
598 1956 705 2025 legibus
720 1955 801 2009 suerit
814 1954 926 2024 expedi·
972 1960 1156 2031 preltcnsibile
1170 1969 1211 2013 est
1223 1961 1355 2016 catholica
1368 1960 1488 2015 defendit
1504 1961 1635 2017 ttcclesin.
1655 1962 1726 2016 Nam
1751 1963 1774 2015 si

122 2055 176 2110 tus,
197 2047 270 2101 nulla
284 2046 406 2102 saeculari
434 2052 565 2116 potestate
580 2045 665 2114 potnit
680 2052 780 2114 preter
794 2042 925 2098 Ecclesiae
975 2049 1027 2104 hoc
1042 2049 1150 2119 impunc
1166 2047 1245 2103 inerit
1259 2048 1371 2114 licitum,
1383 2058 1411 2104 ut
1430 2050 1456 2103 lti
1472 2050 1661 2105 auctoritatem
1683 2050 1712 2104 in
1730 2066 1777 2104 sa-

123 2136 260 2191 tramitem
275 2151 387 2205 prorsus
400 2134 514 2189 absolvi.
531 2134 589 2188 Nee
609 2133 753 2204 quisquam
763 2132 787 2186 ei
803 2140 864 2202 posi
874 2132 925 2185 de·
974 2138 1028 2193 cris
1043 2138 1183 2192 ordinibus
1198 2137 1379 2201 ministrandi,
1390 2139 1441 2208 ,rel
1457 2139 1568 2193 cosdem
1583 2139 1695 2193 ordines
1724 2138 1776 2192 tri-

123 2224 287 2296 positionem
306 2224 385 2294 qnasi
420 2223 542 2277 restituto
563 2221 764 2277 communicare
786 2220 924 2284 debuerat,
975 2225 1074 2281 huendi
1091 2235 1232 2297 usurpent,
1248 2227 1294 2298 qui
1308 2227 1472 2298 arrtpcnitus
1487 2243 1541 2282 non
1552 2228 1718 2297 acceperint,
1731 2239 1778 2282 aut

123 2313 151 2368 in
171 2328 204 2367 ea
218 2311 348 2366 duntaxat
362 2325 457 2374 causa,
474 2309 575 2364 undea
591 2309 680 2378 seipso
697 2316 722 2363 et
736 2308 772 2362 alt
787 2308 928 2378 episcopo
976 2323 1069 2370 contra
1084 2315 1193 2386 regulas
1207 2315 1317 2370 ordines
1328 2331 1419 2369 sacros
1434 2316 1597 2386 acceperint,
1615 2323 1661 2370 aut
1679 2316 1779 2387 quibus

126 2416 187 2456 rum
201 2398 326 2465 concilio,
344 2399 455 2469 insuper
470 2407 496 2454 et
510 2397 543 2452 ab
558 2396 708 2468 apostolica
731 2397 797 2451 sede
818 2411 927 2450 excom·
977 2403 1139 2474 regulariter
1164 2403 1342 2457 ministerium
1372 2419 1509 2458 sacrorum
1538 2405 1664 2459 ordinum
1699 2405 1778 2459 luerit

124 2488 276 2543 manicatus
292 2486 440 2551 exstiterat,
457 2486 516 2542 sine
527 2485 704 2540 restitutionis
718 2500 774 2538 sun
789 2483 928 2540 canonicis
977 2491 1158 2559 interdictum,
1175 2491 1263 2546 omnis
1279 2492 1348 2546 ordo
1361 2501 1387 2546 ut
1403 2493 1480 2566 rigor
1506 2492 1709 2548 ecclesiasticus
1723 2509 1777 2548 non

127 2575 237 2641 litteris,
248 2576 283 2631 ab
298 2575 337 2630 cis
351 2591 366 2629 a
380 2575 478 2647 quibus
506 2573 592 2629 inerat
616 2573 753 2627 restitutus
779 2572 927 2628 secundnm
978 2587 1080 2634 rantum
1095 2579 1198 2634 nutabit
1213 2578 1457 2647 urlounfunueuur,
1474 2597 1553 2654 quam
1594 2580 1702 2652 penitus
1730 2582 1781 2636 de.

69 2690 74 2697 ·
126 2680 232 2720 morem
260 2662 401 2729 conlectis,
425 2662 495 2718 sicut
519 2662 592 2717 sacri
616 2676 737 2717 canones
766 2669 793 2715 et
819 2661 929 2715 decreta
978 2677 1107 2724 struatur,

128 2752 226 2808 Felicis
239 2767 318 2823 papae
346 2753 535 2806 demonstrant
557 2749 654 2820 (Felix,
679 2749 926 2820 termenandum,
1014 2758 1080 2812 Cup.
1099 2759 1145 2813 111,
1176 2759 1245 2828 Quia
1273 2760 1388 2831 dentque
1408 2759 1436 2814 in
1460 2761 1617 2833 moguntina
1638 2761 1779 2833 provincia

127 2843 211 2913 cpat.
228 2840 284 2910 5⁹)-
300 2838 484 2910 Quapropter,
495 2846 525 2893 ut
538 2838 594 2893 Leo
612 2837 647 2891 aa
661 2837 832 2891 Theodorum
857 2836 933 2891 sert:
978 2845 1151 2916 ministravit,
1168 2856 1261 2902 contra
1275 2864 1385 2903 onlnem
1400 2848 1586 2904 auctoritatem
1601 2866 1662 2905 esse
1677 2866 1781 2921 cogno

128 2927 177 2993 an,
193 2927 266 2999 quoa
276 2943 389 2981 manens
403 2927 431 2980 in
454 2942 570 2997 corpore
589 2941 644 2980 nnn
665 2925 776 2995 recepit
798 2925 928 2995 consenui
980 2935 1074 2989 scitur.
1095 2936 1162 2989 Nan
1186 2936 1346 2992 antiocneni
1357 2938 1520 2992 concussae
1529 2946 1641 2992 vunnu
1650 2938 1781 3010 episcopo

129 3023 227 3070 exutus
242 3030 325 3071 carne
338 3031 393 3071 non
407 3015 514 3086 poterit.
532 3015 608 3071 Unde
623 3013 710 3068 taliter
722 3013 813 3068 risum
830 3021 871 3069 cst
894 3014 928 3068 de
981 3032 1006 3078 er
1021 3031 1133 3079 vacante
1150 3025 1273 3080 Ecclesia
1289 3025 1412 3098 regulam
1436 3026 1609 3095 psaefixeffinr
1631 3028 1709 3096 (con.
1735 3031 1778 3091 15,

128 3104 176 3159 illo
196 3104 435 3172 tenendum,sicut
457 3103 582 3159 Gelasins
604 3103 639 3157 de
663 3101 763 3158 dcacio
793 3102 856 3157 dicit
885 3075 1098 3173 delectatam
1116 3109 1165 3163 scd
1193 3117 1219 3163 ct
1248 3111 1281 3163 de
1311 3109 1358 3165 illo
1380 3110 1426 3181 qui
1454 3126 1550 3164 manus
1579 3110 1781 3181 impositionem

131 3191 393 3259 tumultuantem),
410 3192 483 3246 Talis
498 3200 549 3255 cst,
571 3190 705 3263 inquiens,
722 3190 827 3255 dictus,
843 3191 930 3262 qualis

126 3279 287 3352 ligatnsest,
303 3280 364 3334 talis
377 3296 464 3351 usqne
477 3280 504 3334 in
520 3278 602 3335 finem
616 3278 774 3350 permansit,
791 3278 852 3333 talis
867 3295 929 3333 esse

122 3384 179 3424 non
192 3368 304 3425 destitit.
322 3369 362 3424 lta
377 3368 436 3423 talis
452 3376 493 3423 est
507 3368 598 3433 hodic,
616 3367 703 3439 qualis
726 3375 767 3421 est
782 3375 808 3421 et
830 3367 926 3436 dictus,

121 3472 177 3512 non
190 3457 252 3512 talis
262 3472 325 3514 esse
344 3458 403 3525 iarn
418 3473 473 3512 non
487 3464 588 3528 potest.
604 3457 749 3527 Nunquam
760 3455 849 3527 igitur,
867 3455 928 3512 talis

124 3546 310 3617 permanendo
324 3547 534 3602 solvenduscst.
564 3545 599 3600 Et
623 3553 728 3600 constat
748 3544 811 3616 qnia
834 3560 928 3600 come-

127 3634 196 3689 dens
210 3633 312 3692 fructus
327 3635 378 3691 xia]
406 3651 472 3699 suae,
502 3634 613 3705 suisque
642 3632 762 3689 consiliis
784 3641 926 3697 saturatus,

127 3722 242 3778 docente
255 3723 422 3788 Innocentio,
435 3723 480 3794 qui
493 3722 630 3792 particeps
639 3720 775 3776 lactuscst
789 3722 926 3786 damnato,

125 3811 263 3881 quomodo
277 3810 375 3864 debeat
389 3811 521 3864 bonorem
532 3809 656 3879 accipere
671 3808 792 3863 invenire
803 3823 856 3861 non
866 3823 929 3878 pos-

126 3913 197 3960 sum,
213 3896 314 3951 dimisit
329 3897 456 3967 reliquias
470 3913 533 3951 suas
547 3896 665 3966 part-ulis
685 3896 751 3950 suis.
781 3896 870 3950 Sedet
894 3896 928 3949 de

125 3995 159 4035 eo
173 3996 283 4035 omnem
297 3979 487 4052 quaestionem,
502 3979 651 4035 secundum
672 3979 750 4050 leges
779 3979 927 4034 ecclesias-

126 4068 194 4125 ticas
210 4077 237 4124 at
251 4068 412 4136 mundanas,
426 4084 494 4138 qnas
505 4069 600 4138 probat
609 4067 741 4132 Ecclesia,
752 4068 795 4138 qui
811 4068 927 4121 damna-

126 4157 226 4212 tnsfuit
241 4173 313 4212 anno
328 4157 523 4212 lucarnationis
538 4155 686 4212 Dominicae
701 4159 762 4223 835,
779 4156 927 4211 indictione

127 4270 190 4323 xnr,
206 4255 258 4310 sub
272 4255 316 4310 die
331 4254 512 4309 Kalendarum
528 4271 556 4309 rr
571 4256 664 4310 Nonas
675 4253 782 4321 llartii,
804 4254 860 4323 jam
882 4254 928 4307 tri-

126 4343 240 4398 cennale
254 4343 408 4414 etamplius
427 4359 461 4399 eo
481 4351 587 4414 tempus
604 4343 730 4399 excludit.

979 3195 1151 3267 episcopatus
1166 3197 1263 3267 accipit
1280 3206 1305 3252 et
1320 3198 1472 3252 ministrare
1501 3200 1650 3263 detrectat,
1675 3215 1781 3255 necnon

979 3292 1006 3338 et
1021 3284 1055 3339 de
1069 3285 1114 3340 illo
1130 3286 1175 3357 qni
1186 3287 1325 3340 ordinatus
1342 3287 1415 3341 nullo
1430 3303 1479 3342 suo
1489 3287 1554 3342 vitio
1569 3288 1601 3341 ad
1610 3289 1780 3359 parochiam,

978 3373 1071 3444 inqua
1085 3374 1227 3429 ordinatus
1244 3374 1339 3439 luerat,
1349 3391 1402 3430 uon
1417 3376 1534 3431 accedit.
1553 3377 1592 3430 Dc
1616 3377 1719 3447 qtribus
1734 3394 1781 3433 re-

978 3463 1049 3535 gulis
1065 3463 1137 3516 nulla
1151 3465 1237 3518 libani
1252 3465 1388 3519 convenit.
1408 3467 1441 3518 Et
1457 3480 1577 3519 canones
1598 3465 1779 3522 Sardicenses

979 3551 1054 3621 (nnn.
1067 3552 1113 3613 Ἦ)
1129 3553 1163 3607 de
1179 3552 1233 3607 rim
1256 3552 1355 3621 injuste
1378 3553 1553 3622 patientibus,
1570 3562 1597 3608 et
1620 3570 1670 3624 pro
1695 3555 1780 3610 disci-

978 3639 1052 3711 plina
1068 3647 1094 3694 et
1121 3641 1253 3697 catholica
1269 3641 1450 3709 consessione,
1475 3643 1518 3696 rol
1542 3659 1593 3713 pro
1621 3643 1781 3700 defensione

979 3729 1100 3783 veritatis
1116 3730 1248 3800 expulsis,
1261 3730 1302 3785 rcl
1319 3731 1440 3799 pericula
1455 3732 1777 3803 eraderequaerentibus,

979 3816 1043 3888 quid
1056 3818 1142 3871 teneri
1157 3817 1255 3872 debeat
1269 3819 1412 3874 manifeste
1440 3821 1636 3875 demonstrant.
1654 3822 1709 3876 Sed
1732 3837 1782 3876 uec

978 3904 1029 3959 ista
1045 3905 1139 3977 regula
1164 3907 1287 3961 libonem
1314 3909 1447 3973 absoluit;
1473 3925 1534 3963 cum
1554 3917 1580 3963 ct
1610 3910 1780 3972 sacerdotes,

979 3994 1104 4073 etomnis
1120 4012 1189 4065 pene
1206 3997 1332 4063 mundns,
1351 4005 1376 4050 et
1393 3997 1453 4067 ipsa
1468 3997 1549 4053 ctiam
1570 3982 1656 4053 sedes
1667 4007 1780 4068 aposto-

977 4081 1028 4137 lica
1053 4083 1111 4149 ejus
1136 4083 1211 4137 l'alsis
1234 4085 1393 4140 criminibus
1423 4086 1581 4156 appetitum,
1613 4094 1639 4139 ct
1664 4087 1781 4158 quadam

978 4170 1119 4225 traditione
1134 4187 1182 4241 pro
1198 4173 1347 4228 honoribus
1362 4191 1422 4228 cum
1435 4174 1586 4242 juramento
1609 4175 1708 4229 exinde
1732 4191 1780 4230 ac-

978 4259 1063 4329 ceptis
1077 4259 1225 4324 venditum,
1241 4270 1267 4315 et
1281 4261 1316 4316 alt
1326 4262 1450 4332 imperio,
1467 4272 1547 4334 atquc
1563 4263 1664 4333 abipso
1679 4263 1780 4319 Eccle-

978 4347 1025 4401 siae
1054 4347 1152 4416 aditu,
1182 4349 1255 4420 pium
1282 4353 1431 4423 drrgustum
1456 4351 1622 4407 ludovicum
1638 4361 1780 4423 satagente

163 4440 229 4495 Cae.
247 4441 280 4497 ll.
297 4441 352 4496 Sed
362 4441 459 4495 dicitur
480 4457 565 4513 usqne
578 4441 613 4495 ad
623 4440 685 4495 vitae
701 4456 757 4494 snae
781 4429 965 4495 terminumD
979 4435 1038 4505 ipso
1053 4435 1188 4504 abjectum
1199 4438 1358 4508 gravissime
1373 4439 1547 4511 ingemuerit,
1565 4448 1591 4494 et
1604 4440 1743 4496 innoxium
1764 4456 1780 4494 a

127 4528 283 4601 episcopale
298 4529 512 4585 ministeriumin
525 4529 651 4584 omnibus
666 4529 858 4586 ecclesiasticis
873 4546 930 4583 mu-

126 4617 180 4673 niis
194 4619 345 4690 peregisse.
362 4617 429 4688 Quae
450 4618 625 4690 praesumptio
647 4633 772 4672 asanum
797 4617 930 4688 sapienti-

126 4706 179 4761 bus
195 4723 249 4762 non
261 4708 376 4762 sumitur
389 4707 417 4762 in
434 4706 607 4777 exemplum:
625 4706 686 4777 quia
716 4714 741 4761 et
756 4707 783 4760 in
804 4707 887 4761 reteri
904 4714 930 4761 et

127 4794 156 4849 in
170 4811 243 4851 noro
258 4797 411 4852 sacerdotio
427 4805 504 4851 retus
520 4796 572 4850 hoc
593 4794 735 4849 artificium
756 4803 796 4849 est
819 4794 928 4862 diaboli,

127 4891 153 4939 et
168 4883 233 4956 quia
246 4884 337 4954 plures
365 4885 417 4940 hoc
434 4891 674 4956 praesumpserunt,
704 4883 773 4938 sicut
789 4885 927 4953 Bonosus,

121 4979 217 5028 contra
228 4973 311 5041 cnjus
324 4972 450 5027 morbum
466 4973 649 5037 innocentius,
668 4979 695 5027 ct
711 4971 851 5042 Proculus,
876 4973 929 5027 ad-

126 5076 224 5116 versus
247 5076 329 5132 quem
356 5059 488 5115 laborarit
511 5077 566 5116 non
594 5061 700 5116 modice
732 5060 876 5131 Zosimus,
903 5069 930 5115 et

125 5149 252 5215 Aeacius,
270 5164 350 5220 quem
366 5147 464 5216 dejecit
479 5148 563 5214 Felix,
580 5158 605 5203 et
620 5165 738 5220 sequens
761 5164 854 5204 sacros
879 5166 928 5204 ca-

123 5253 221 5304 nones,
238 5254 269 5294 ac
285 5238 396 5293 decreta
406 5236 638 5307 predecessorum
654 5254 773 5303 suorum,
784 5254 844 5293 cnm
854 5255 928 5308 prae·

121 5326 276 5397 sumptione
305 5334 331 5380 et
346 5326 521 5396 usurpatione
545 5342 593 5378 sua
615 5326 729 5396 peremit
757 5335 784 5382 et
799 5327 925 5381 exstinxit

121 5413 258 5471 Gelasius.
277 5417 311 5470 Et
330 5416 423 5486 plures
437 5414 484 5470 alii
498 5413 614 5479 luerunt,
632 5415 678 5487 qui
704 5417 733 5471 in
754 5416 826 5471 hanc
853 5432 927 5485 prac-

120 5503 283 5574 sumptionis
303 5503 467 5560 sententiam
480 5502 654 5572 transierunt,
679 5512 705 5560 et
720 5503 924 5560 transeuntibus

981 4523 1139 4579 criminibus
1154 4526 1302 4589 intentum,
1316 4538 1341 4581 et
1353 4527 1503 4596 justissime
1518 4529 1677 4597 restitutum,
1709 4536 1781 4585 totus

981 4612 1089 4667 inorbe
1117 4621 1253 4669 terrarum
1281 4617 1397 4670 mundus
1425 4617 1526 4687 gaudio
1548 4617 1732 4678 exsultaverit.
1754 4627 1781 4673 et

981 4699 1104 4755 Ebonem
1119 4702 1309 4771 dejiciendum,
1332 4705 1377 4776 qni
1402 4705 1593 4760 irreverentius
1617 4722 1727 4760 manum
1755 4707 1783 4760 in

980 4789 1112 4844 christum
1128 4791 1235 4846 Domini
1250 4793 1373 4860 miserat,
1390 4802 1419 4847 nt
1447 4810 1523 4848 renni
1546 4795 1704 4863 maJestatis,
1727 4811 1783 4851 uua

980 4894 1041 4934 cum
1056 4878 1116 4949 ipso
1124 4879 1290 4936 clamaverit.
1308 4882 1361 4936 Sed
1376 4898 1465 4954 neque
1478 4893 1780 4955 necessitatccogcntc,

978 4968 1089 5037 propria
1104 4969 1203 5023 amissa
1214 4970 1361 5040 provincia,
1379 4973 1528 5026 secundum
1543 4972 1782 5029 chalcedonenses

979 5060 1184 5128 canoneslcntt.
1197 5062 1253 5127 20),
1272 5059 1380 5114 ciuitate
1400 5059 1427 5114 in
1443 5077 1496 5131 qua
1525 5062 1665 5115 ordinatus
1692 5061 1782 5117 fuerat

979 5145 1119 5214 captivata,
1145 5145 1238 5215 pulsus
1253 5147 1288 5200 ab
1304 5147 1427 5202 hostibus
1455 5150 1565 5217 exstitit,
1595 5157 1623 5203 nt
1645 5150 1709 5204 alibi
1737 5151 1782 5204 in-

979 5232 1115 5286 cardinari
1129 5233 1240 5301 valeret,
1257 5235 1324 5289 sicut
1341 5237 1369 5289 in
1384 5238 1503 5292 decretis
1516 5237 1587 5292 beati
1605 5238 1743 5308 Gregorii.
1754 5247 1781 5295 et

978 5320 1092 5375 aliorum
1115 5322 1189 5376 sedis
1212 5324 1339 5378 Rorrtauae
1365 5325 1523 5394 pontificum
1533 5327 1703 5392 invenimus3
1730 5342 1781 5383 nen

977 5407 1074 5476 injuste
1089 5418 1218 5466 etcontra
1232 5413 1341 5483 regulas
1363 5430 1452 5468 sacras
1468 5414 1598 5482 dejectus,
1620 5423 1646 5469 et
1667 5415 1780 5488 regula-

977 5496 1044 5551 riter
1059 5498 1182 5554 sedisuae
1205 5502 1354 5556 secundnm
1370 5501 1548 5558 sardicenses
1568 5517 1686 5560 canones
1701 5504 1780 5575 (cau.
