3826 6098
73 230 131 285 stt
393 223 514 285 OPUSC.
536 224 583 283 at
609 224 720 282 nrtsr.
749 226 788 283 ΙΝ
812 225 925 283 CAUSA
952 224 1125 284 ammam
1147 223 1300 284 munda.
1681 226 1733 283 tta

75 351 254 424 acquiescat,
271 358 297 405 et
312 349 400 406 omnis
417 349 541 406 ecclesie
564 349 650 421 ipsius
674 350 836 424 gubernatio
851 350 924 416 adA
937 359 965 406 et
977 351 1005 407 in
1028 367 1062 407 ea
1090 351 1216 407 laborare
1244 348 1418 417 consensisti,
1445 364 1501 405 non
1528 347 1627 421 placet,
1644 355 1670 403 et
1684 363 1735 420 per

76 457 150 496 eum
163 441 194 496 in
207 441 283 510 cujus
301 438 417 495 civitatis
440 439 577 496 territorio
599 439 714 496 ecclesia
739 439 888 496 surrexerit
937 441 1082 511 rationem,
1111 449 1156 496 aut
1181 454 1231 511 pro
1258 438 1382 507 crimine,
1411 446 1458 494 aut
1471 453 1523 510 pro
1541 436 1736 494 indocibilitate

74 529 245 600 pertinebit.
260 528 294 584 Et
312 528 364 584 hac
386 527 545 584 auctoritate
567 544 585 584 a
608 528 777 600 temporibus
801 527 888 585 sancti
937 529 1015 584 illurn
1030 530 1168 599 rejeceris,
1185 544 1267 602 quern
1282 536 1374 585 contra
1384 527 1494 600 regulas
1508 527 1567 583 sine
1581 542 1642 582 mea
1655 526 1737 582 licen·

74 617 206 690 Remigii
224 631 332 687 semper
354 616 572 687 predecessores
596 617 651 672 mei
672 617 699 671 in
722 616 888 688 temporibus
936 618 983 685 tia,
1000 627 1027 674 et
1041 619 1099 674 sine
1124 619 1247 674 libertate
1262 618 1392 675 canonica
1411 616 1554 686 ordinasti,
1570 614 1694 683 ostende,
1711 620 1739 671 et

72 706 324 778 predecessorum
338 713 446 761 tuorum
468 706 495 760 in
510 706 634 763 ecclesiis
657 705 692 761 ad
716 705 888 762 codiciacam
938 706 1053 763 alterum
1078 707 1267 775 inveniemus,
1283 713 1388 761 tantum
1409 713 1439 762 ut
1452 704 1565 777 prelata
1588 703 1737 761 auctoritas

72 794 179 850 villam
195 794 384 850 laudunensis
405 794 551 866 parochie,
577 794 626 850 sed
650 802 676 850 et
699 795 735 850 ad
758 793 888 850 luliacum
937 795 1104 869 regularum,
1122 796 1273 868 etantiqua
1295 794 1464 853 consuetudo
1487 795 1522 850 de
1538 793 1598 865 ipsa
1620 791 1738 850 ecclesia

72 884 180 939 villam
195 884 224 940 in
238 884 370 956 parochia
385 884 549 941 suessonica
568 899 631 941 cum
652 899 788 940 consensu
810 884 887 956 ipsa·
937 884 1017 940 nobis
1031 901 1047 939 a
1062 893 1088 941 te
1103 893 1291 952 conservetur,
1307 886 1376 941 siout
1391 882 1559 955 temporibus
1579 881 1737 954 predeces-

72 991 146 1029 rum
161 974 302 1031 civitatum
316 972 505 1045 episcoporum
521 973 661 1029 ordinatos
675 974 806 1029 miserunt
825 989 888 1045 pre·
938 988 1032 1030 sorum
1047 982 1074 1029 et
1089 974 1264 1031 decessorum
1285 981 1392 1029 tuorum
1413 971 1583 1040 Genebaudi,
1604 970 1737 1028 Bernico·

72 1063 225 1134 sbyteros.
242 1061 320 1119 Unde
336 1068 363 1117 et
382 1077 436 1135 ego
456 1062 484 1117 in
506 1061 659 1130 Codiciaco,
684 1069 710 1117 et
733 1062 761 1118 in
782 1063 887 1119 luliaco
937 1063 991 1131 nis,
1006 1062 1156 1130 Gairiredi,
1171 1063 1334 1129 wenilonis,
1352 1061 1493 1128 Ostroldi;
1509 1069 1536 1117 et
1551 1060 1660 1134 quando
1675 1058 1736 1131 epi·

71 1151 191 1208 inveni.
938 1160 1067 1224 scopatus
1086 1152 1192 1210 vacavit
1207 1152 1235 1207 in
1249 1151 1397 1222 ailemaro,
1415 1159 1442 1208 et
1455 1158 1576 1222 tempore
1590 1146 1735 1215 Simeonis,

116 1240 179 1296 Sed
196 1238 261 1311 quia
274 1239 340 1294 mihi
354 1254 404 1310 pro
418 1240 523 1295 honore
537 1240 764 1312 coepiscoporum
776 1248 887 1296 nostro·
937 1256 969 1298 ac
993 1240 1111 1308 Parduli,
1137 1241 1186 1296 sed
1211 1247 1237 1296 at
1261 1248 1306 1296 tuo
1331 1247 1453 1312 tempore
1474 1237 1654 1311 usquemodo
1668 1235 1738 1294 meis

71 1345 146 1386 rum
163 1328 286 1400 ipsarum
301 1327 407 1384 sedium
421 1327 593 1400 complacuit,
617 1336 645 1383 ut
666 1328 721 1384 illis
731 1328 888 1385 decedenti·
937 1329 1187 1403 predecessoribus
1202 1345 1235 1386 ac
1248 1328 1442 1386 decessoribus
1456 1327 1572 1398 Tilpino,
1587 1334 1614 1383 et
1628 1325 1738 1399 quando

71 1418 135 1474 bus
152 1417 271 1475 clericos
283 1417 451 1473 ordinandos
460 1416 488 1472 in
498 1417 603 1473 eisdem
613 1417 737 1474 ecclesiis
752 1418 888 1489 episcopis
937 1425 1000 1490 post
1013 1435 1077 1476 eum
1089 1419 1193 1476 vacarit
1204 1419 1386 1491 episcopatus,
1404 1417 1453 1473 sed
1463 1415 1627 1482 ethiario,
1638 1413 1737 1484 Eboni,

68 1506 263 1579 propriarum
288 1505 478 1577 parochiamm
505 1505 655 1579 dirigerem
678 1521 740 1563 oum
763 1505 888 1562 libertate
938 1516 965 1564 et
979 1508 1099 1580 quandiu
1113 1507 1204 1579 ipsum
1218 1507 1404 1579 episcopatum
1427 1505 1514 1563 tenuit
1528 1503 1622 1573 Falco,
1638 1509 1741 1574 etpost

70 1593 277 1652 ecclesiastica
290 1600 316 1648 et
330 1593 427 1649 litteris
441 1594 510 1650 meis
530 1594 698 1650 ordinandos
711 1594 888 1667 presbyteros
938 1613 1002 1653 eum
1015 1598 1097 1663 Noto,
1114 1596 1164 1653 sed
1179 1604 1205 1652 et
1220 1596 1285 1651 mihi
1305 1596 1363 1666 jarn
1377 1612 1427 1668 per
1442 1594 1539 1668 viginti
1554 1593 1674 1667 quinque
1687 1605 1739 1647 an-

68 1683 105 1739 in
126 1681 256 1754 prefatis
279 1681 403 1737 ecclesiis
424 1682 487 1736 misi
502 1699 509 1737 ι
527 1689 554 1738 ει
577 1681 698 1751 Simeon,
722 1690 752 1739 ut
773 1682 887 1755 predixi
902 1700 992 1776 Bnos
1018 1685 1047 1740 in
1073 1686 1241 1742 Mensorum
1263 1684 1329 1741 sede
1351 1682 1516 1740 ministranti
1538 1683 1670 1739 hactenus
1698 1687 1741 1737 est

68 1772 203 1829 missum
217 1785 233 1825 a
247 1786 291 1826 me
306 1769 358 1825 sibi
372 1770 566 1826 haimeradum
586 1771 721 1829 ordinavit
740 1772 887 1844 presbyte·
941 1782 1101 1831 conservata
1124 1773 1241 1846 amplius
1264 1787 1349 1845 quam
1361 1789 1413 1844 per
1425 1780 1536 1829 centum
1554 1786 1651 1838 annos,
1667 1768 1742 1827 velut

68 1877 157 1927 mm,
174 1867 203 1916 et
219 1859 336 1915 domnus
350 1859 491 1915 liothadus
504 1876 575 1917 mee
588 1860 711 1917 missioni
731 1877 786 1918 non
800 1861 890 1917 resul-
939 1880 990 1936 per
1002 1862 1137 1921 veridicas
1157 1862 1301 1920 chronicas
1325 1861 1490 1934 computari,
1515 1867 1543 1917 et
1565 1859 1613 1916 tibi
1625 1873 1740 1931 possum

68 1958 157 2019 tans,
171 1949 231 2019 jam
244 1948 272 2003 in
286 1948 392 2005 luliaco
407 1948 475 2005 duos
489 1964 506 2004 a
519 1966 564 2005 me
579 1949 631 2006 sibi
650 1949 749 2006 missos
773 1950 889 2007 clericos
940 1952 1095 2019 ostendere,
1124 1968 1187 2010 cum
1211 1959 1317 2009 constet
1335 1951 1453 2025 legibus,
1483 1957 1510 2006 et
1528 1948 1612 2006 sacris
1635 1948 1740 2020 regulis

66 2037 227 2095 ordinauit
238 2038 427 2110 presbyteros,
444 2045 469 2094 et
485 2054 538 2111 ego
552 2038 615 2111 ipsi,
628 2039 677 2094 sed
687 2048 713 2096 et
723 2039 784 2096 aliis
799 2039 891 2112 coepi·
940 2050 1058 2109 cautum,
1074 2041 1137 2114 quia
1162 2040 1231 2097 siout
1247 2041 1327 2097 nobis
1340 2056 1392 2113 pro
1406 2046 1500 2096 nostro
1512 2037 1591 2096 libitu
1606 2036 1740 2093 nonlicet

60 2127 178 2199 'scopis
192 2126 295 2182 nostris
314 2126 343 2181 in
365 2128 497 2198 parochia
520 2136 611 2183 nostra
632 2129 764 2184 ecclesias
788 2129 890 2185 baben·
939 2130 1083 2204 parochias
1107 2130 1257 2187 msticanas
1280 2129 1427 2202 antiquitus
1442 2128 1602 2186 constitutas
1616 2125 1675 2182 sine
1689 2138 1738 2181 ra-

65 2217 168 2283 tibus,
184 2215 315 2272 eumdem
326 2216 459 2272 honorem
474 2216 543 2273 sicut
558 2225 585 2272 et
597 2218 816 2289 predecessores
835 2217 890 2274 mei
939 2220 1013 2275 tione
1027 2218 1148 2276 dividere
1165 2237 1172 2274 :
1188 2219 1226 2275 ita
1240 2219 1322 2275 etiam
1335 2218 1464 2276 nonlicet
1478 2215 1653 2275 confundere.
1669 2212 1739 2283 Quia

63 2305 196 2362 illorum
212 2304 463 2377 predecessoribus
478 2304 611 2375 lecerunt,
624 2322 767 2363 conservo.
784 2308 819 2363 Et
833 2322 891 2362 rec·
939 2324 1005 2365 vero
1027 2308 1117 2380 ipsum
1140 2308 1270 2365 clericum
1294 2315 1390 2365 contra
1408 2307 1518 2380 regulas
1533 2303 1674 2375 ordinasti,
1690 2319 1739 2360 re·

64 2404 137 2452 turn
168 2402 214 2450 est
234 2401 263 2449 ut
285 2401 314 2450 tn
335 2394 454 2466 antique
474 2395 628 2451 auctoritati
651 2403 679 2450 et
700 2394 891 2451 consuetudini
939 2397 1012 2470 gule
1028 2411 1115 2453 sacre
1129 2397 1317 2453 demonstrant
1331 2396 1454 2455 dicentes
1469 2413 1476 2450 :
1491 2393 1686 2462 admittuntur,
1701 2392 1740 2448 in·

62 2492 131 2541 tue
160 2483 310 2555 metropoli
332 2497 350 2539 a
370 2483 423 2538 tuis
446 2483 695 2555 predecessoribus
719 2492 890 2540 conservatae
940 2486 998 2559 quit
1023 2487 1078 2541 Leo
1107 2486 1135 2541 in
1164 2486 1278 2558 epistola
1301 2487 1337 2542 ad
1358 2485 1502 2542 universos
1526 2483 1671 2556 episcopos
1690 2497 1740 2554 per

60 2590 133 2631 non
164 2573 287 2646 deroges
308 2588 315 2626 :
337 2572 490 2643 presertim
510 2589 573 2629 curn
597 2573 632 2628 sit
659 2573 832 2629 constitutum
861 2572 889 2628 in
939 2575 1081 2630 universas
1102 2574 1257 2647 proiincias
1271 2575 1444 2641 constitutos,
1456 2572 1557 2647 passim
1567 2571 1603 2628 ad
1613 2571 1739 2627 ordinem

58 2663 175 2735 primo
189 2660 262 2717 libro
276 2661 457 2732 capitulorum
471 2661 645 2733 synodalium
653 2670 774 2732 tempore
785 2664 890 2733 Augus·
940 2679 1056 2731 sacmm‚
1073 2664 1170 2737 quibus
1185 2664 1261 2720 nulla
1275 2663 1414 2731 natalium,
1433 2662 1509 2719 nulla
1523 2677 1631 2717 morum
1645 2658 1739 2733 digni·

56 2760 175 2809 torum
191 2758 345 2806 nostrorum
356 2765 373 2806 a
383 2750 483 2806 nostris
493 2750 644 2820 majoribus
654 2758 887 2817 conservatorum,
940 2761 979 2808 tas
994 2751 1176 2824 suffragatur;
1193 2760 1220 2808 et
1234 2752 1295 2825 quia
1311 2752 1429 2809 dominis
1443 2752 1499 2809 suis
1512 2750 1739 2808 libertatemcon-

55 2849 98 2898 ut
138 2839 207 2896 sina
241 2839 417 2906 auctoritate,
449 2839 496 2895 vel
528 2855 664 2896 consensu
698 2840 889 2911 episcoporum
940 2841 1018 2915 sequi
1047 2841 1159 2898 minime
1185 2849 1339 2914 potuerunt,
1363 2842 1399 2897 ad
1421 2840 1560 2913 fastigium
1581 2837 1738 2906 sacerdotii,

56 2927 241 3003 presbyteri
254 2927 282 2982 in
297 2928 463 3000 quibuslibet
477 2928 602 2984 ecclesiis
617 2928 825 2993 constituantur,
839 2944 889 2986 nec
939 2939 1070 3004 tanquam
1084 2930 1191 2988 servilis
1213 2931 1304 2988 vilitas
1317 2932 1390 2989 hunc
1403 2931 1536 2987 honorem
1558 2928 1655 3001 capiat,
1670 2941 1739 3001 pro·
1776 2935 1780 2937 ’

56 3017 276 3092 expellentem
293 3023 320 3072 et
334 3016 358 3073 si
372 3017 434 3074 laici
454 3016 570 3074 clericos
592 3017 740 3089 probabilis
764 3017 835 3083 vita,
863 3026 890 3073 et
939 3022 1082 3088 vehuntur,
1094 3028 1121 3076 et
1134 3020 1245 3093 probari
1259 3021 1318 3077 Deo
1331 3035 1414 3092 posse
1429 3019 1555 3087 creditur,
1567 3018 1614 3090 qui
1628 3016 1740 3073 domino

57 3106 220 3165 doctrine
234 3105 371 3178 episcopis
380 3106 593 3173 consecrandos,
605 3106 716 3179 suisque
725 3106 753 3161 in
764 3106 888 3162 ecclesiis
904 3077 989 3166 Gsuo
1004 3108 1122 3166 necdum
1137 3110 1257 3181 probare
1271 3124 1302 3165 se
1315 3108 1411 3180 potuit.
1428 3107 1534 3179 Duplex
1543 3106 1637 3178 itaque
1650 3106 1678 3161 in
1687 3105 1740 3163 baa

57 3195 294 3255 constituendos
320 3195 482 3265 obtulerint,
505 3195 580 3251 nulla
601 3195 721 3267 qualibet
745 3195 889 3252 occasione
938 3207 1015 3271 parte
1035 3206 1128 3254 reatus
1151 3205 1201 3265 est,
1218 3198 1291 3270 quod
1306 3205 1333 3254 et
1351 3212 1461 3254 sacrum
1481 3194 1662 3250 ministerium
1677 3192 1739 3249 talis

60 3303 122 3344 eos
158 3283 306 3355 rejiciant3
336 3292 363 3340 et
392 3284 490 3340 exinde
513 3300 600 3357 nuper
623 3284 651 3340 in
673 3284 773 3356 placito
797 3284 890 3358 domni
939 3287 1069 3344 consortii
1083 3286 1186 3343 vilitate
1205 3286 1344 3358 polluitur,
1360 3292 1387 3342 et
1401 3284 1584 3351 dominorum,
1607 3289 1739 3355 quantum

61 3374 172 3432 nostri
188 3373 267 3445 regis
281 3372 372 3429 Caroli
387 3374 459 3444 apud
474 3373 560 3428 Pistas
574 3375 750 3430 constitutum
765 3375 889 3446 estquod
938 3377 972 3432 nd
1002 3375 1101 3432 illicite
1128 3375 1311 3447 usurpationis
1339 3373 1517 3431 temeritatem
1538 3372 1657 3444 partinet
1677 3371 1740 3440 iura

66 3473 96 3521 et
113 3472 168 3519 tua
183 3462 369 3518 consensione
392 3462 509 3519 firmasti
531 3463 688 3534 capitulum,
714 3478 768 3535 quo
792 3463 891 3519 dicitur
939 3464 1090 3523 solvuntur.
1105 3465 1148 3519 Ab
1163 3464 1206 3519 his
1220 3464 1321 3535 itaque,
1341 3462 1440 3519 iratres
1463 3461 1626 3529 charissimi,
1641 3475 1739 3518 omnes

71 3562 100 3610 ut
117 3553 147 3608 si
162 3551 292 3618 abbates,
308 3551 353 3607 vel
366 3551 520 3620 abbatisse,
537 3560 583 3607 aut
597 3553 721 3621 comites,
746 3568 795 3608 seu
815 3550 889 3609 vassi
938 3560 1039 3612 vestre
1050 3553 1199 3626 provincie
1213 3552 1367 3608 abstineant
1381 3552 1548 3622 sacerdotes,
1564 3559 1591 3607 et
1604 3566 1659 3607 non
1674 3557 1739 3606 tan·

74 3642 178 3712 nostri,
205 3647 253 3696 aut
274 3640 366 3697 ceteri
387 3640 450 3698 laici
473 3640 588 3697 clericos
609 3641 757 3713 probabilis
779 3641 840 3697 vitae
863 3648 890 3698 et
939 3652 996 3700 tum
1018 3643 1053 3698 ab
1068 3643 1121 3711 his,
1137 3642 1186 3698 sed
1199 3650 1226 3699 et
1244 3642 1281 3698 ab
1294 3642 1355 3698 aliis
1369 3641 1461 3709 etiam,
1477 3640 1524 3714 qui
1539 3638 1675 3712 originali,
1691 3645 1739 3696 ant

82 3732 220 3789 doctrine
235 3729 372 3802 episcopis
386 3731 519 3787 canonice
538 3731 750 3796 consecrandos,
777 3729 889 3802 suisque
938 3732 1019 3789 alicui
1041 3731 1190 3788 conditioni
1213 3731 1325 3804 obligati
1349 3738 1421 3798 sunt,
1437 3729 1564 3787 volumus
1578 3727 1736 3800 temperari,

84 3818 255 3877 hecclesiis
274 3818 479 3875 constituendos
494 3820 651 3887 obtulerint,
674 3818 749 3874 nulla
771 3819 891 3891 qualibet
938 3822 991 3877 nisi
1006 3821 1076 3878 iorte
1097 3837 1192 3877 eorum
1216 3820 1309 3893 petitio
1323 3827 1371 3876 aut
1384 3819 1511 3877 voluntas
1530 3817 1678 3875 accesserit
1691 3815 1739 3889 qui

86 3908 235 3966 occasione
268 3922 317 3964 eos
345 3909 468 3981 episcopi
491 3909 535 3965 vel
562 3909 678 3964 ministri
706 3924 802 3966 eorum
824 3909 889 3979 reji·
939 3910 1043 3983 aliquid
1057 3910 1108 3966 sibi
1122 3911 1151 3964 in
1164 3925 1211 3966 eos
1225 3909 1364 3966 vindicant
1385 3909 1528 3981 potestatis
1544 3925 1551 3964 :
1567 3906 1649 3963 debet
1665 3905 1739 3963 enim

89 3998 169 4054 ciant.
940 4016 1001 4056 esse
1024 3998 1150 4054 immunis
1164 3998 1199 4054 ab
1214 3998 1274 4054 aliis
1287 3999 1334 4071 qni
1356 3997 1456 4055 divine
1474 3997 1576 4054 militie
1591 3995 1673 4054 luent
1685 4010 1738 4068 ag·

117 4088 276 4158 Propterea
290 4085 314 4142 si
327 4086 387 4158 ipse
402 4087 517 4144 clericus
531 4087 695 4144 criminosus
719 4103 773 4144 non
790 4095 841 4154 est,
863 4095 890 4143 et
939 4088 1109 4162 gregandus,
1125 4094 1155 4143 ut
1164 4104 1179 4143 a
1188 4087 1285 4144 castris
1295 4087 1438 4145 dominicis
1453 4087 1552 4160 quibus
1565 4100 1665 4144 nornen
1680 4085 1740 4154 eJus

91 4175 214 4234 docibilis
230 4183 284 4246 est,
300 4177 374 4248 quod
389 4177 471 4232 etiam
485 4177 513 4232 in
528 4178 658 4250 episcopo
672 4192 792 4234 canones
817 4175 890 4232 sacri
939 4176 1084 4233 ascribitur
1106 4176 1188 4232 nullis
1209 4176 1378 4233 necessitatis
1409 4176 1524 4233 vinculis
1551 4174 1737 4231 abstrahatur.

91 4266 240 4339 requirunt,
258 4266 384 4338 quoniam
400 4266 509 4322 anobis
523 4267 571 4321 tibi
585 4266 752 4322 ordinandus
765 4264 887 4332 offertur,
939 4267 973 4321 Et
986 4275 1048 4338 post
1072 4267 1210 4322 decretam
1238 4264 1367 4320 natalium
1394 4266 1564 4319 honestatem
1591 4277 1738 4335 moresque

94 4370 141 4411 non
157 4355 248 4411 debes
262 4355 338 4410 illum
351 4355 386 4411 ab
401 4355 570 4411 ordinatione
585 4355 614 4410 in
628 4354 741 4411 ecclesia
755 4357 816 4426 ipsa
828 4353 889 4423 reii·
939 4356 1152 4412 ordinandomm
1174 4353 1341 4421 describens,
1367 4352 1436 4408 hanc
1450 4350 1653 4408 conclusionem
1669 4348 1738 4406 sub·

93 4458 157 4512 cere,
173 4445 219 4501 cui
234 4460 286 4516 per
299 4451 373 4499 tanta
385 4452 510 4515 tempora
524 4445 646 4500 eamdem
661 4442 805 4500 ecclesiam
819 4459 888 4499 con·
903 4444 929 4505 D
937 4445 1035 4516 jungit.
1053 4445 1110 4500 Hoc
1124 4443 1215 4515 itaque
1229 4441 1377 4497 admonitio
1390 4448 1484 4495 nostra
1497 4439 1646 4506 denuntiat,
1664 4437 1738 4510 qaod

97 4534 223 4590 sensisti:
241 4549 304 4589 cum
318 4541 429 4589 sanctus
447 4533 620 4591 Innocentius
640 4533 667 4588 in
692 4532 808 4588 decretis
833 4533 889 4588 suis
938 4534 1038 4607 siquis
1056 4532 1170 4588 fratrum
1194 4538 1290 4589 contra
1304 4532 1363 4587 hec
1377 4529 1522 4586 constituta
1535 4528 1630 4586 venire
1644 4534 1736 4584 tenta-

96 4623 121 4675 ιι
133 4622 304 4678 martianum
318 4622 489 4678 Naisitanum
504 4623 661 4694 episcopum
676 4621 710 4677 de
727 4623 910 4694 quibusdam·
939 4623 1018 4692 verit,
1042 4630 1069 4679 et
1092 4620 1227 4693 prohibita
1246 4620 1327 4676 suerit
1341 4635 1424 4676 ausus
1443 4618 1597 4687 admittere,
1611 4632 1627 4671 a
1642 4631 1691 4672 suo
1705 4632 1737 4675 se

96 4710 258 4782 presbyteris
272 4711 319 4782 qui
334 4711 361 4765 in
375 4711 503 4782 parochia
524 4711 597 4768 illius
620 4710 776 4783 aliquandiu
790 4721 888 4768 tenue·
938 4712 1044 4769 noverit
1057 4711 1145 4768 officio
1164 4709 1390 4779 submovendum,
1406 4724 1458 4766 neo
1471 4704 1670 4764 communionis
1683 4719 1737 4762 no-

96 4808 149 4854 runt
163 4799 310 4869 ecclesias,
326 4800 375 4855 sed
389 4801 506 4872 quadam
516 4801 659 4858 occasione
669 4802 889 4858 communionem
939 4810 1002 4858 stre
1016 4801 1134 4857 laturum
1148 4815 1210 4857 esse
1225 4807 1390 4865 consortem,
1406 4798 1453 4870 qni
1469 4797 1560 4853 socius
1574 4811 1636 4852 esse
1650 4794 1738 4852 noluit

91 4880 157 4944 llius
171 4887 277 4944 mereri
291 4903 345 4944 non
370 4897 495 4960 poterant
518 4890 590 4946 dicat
606 4907 612 4944 :
629 4891 731 4957 Frater,
752 4890 886 4964 inquiens,
939 4890 1098 4962 disciplinas.
1130 4887 1276 4946 Sciendum
1304 4902 1371 4945 vero
1396 4894 1438 4943 est
1466 4885 1510 4942 hic
1531 4900 1587 4942 non
1607 4899 1738 4942 vacares

89 4973 257 5042 charissime,
285 4978 308 5032 si
332 4993 427 5034 eorum
449 4980 563 5035 assertio
588 4978 670 5034 fidem
693 4978 788 5051 recipit
812 4979 886 5046 reri,
939 4980 1113 5046 discretione,
1138 4994 1171 5033 er
1194 4976 1305 5033 rationis
1327 4975 1496 5048 specialitate
1512 4974 1570 5033 brac
1584 4990 1736 5047 pronomen

82 5065 278 5138 suscipiendos
292 5082 353 5122 esse
367 5067 508 5141 ambigere
524 5084 578 5124 non
593 5069 688 5138 debes,
705 5070 776 5141 quod
795 5068 888 5123 tandiu
938 5067 1051 5140 pluralis
1072 5067 1186 5136 numeri,
1211 5081 1274 5122 cum
1289 5065 1372 5130 dicit;
1388 5063 1486 5136 siquis
1510 5062 1627 5121 fratrum
1641 5071 1737 5121 contra

78 5155 219 5211 ecelesias
235 5154 288 5209 sibi
302 5155 418 5211 creditas
432 5172 529 5228 passus
544 5158 574 5212 es
589 5158 717 5213 retinere.
731 5158 798 5213 Etsi
813 5172 889 5212 eum·
938 5159 996 5214 hec
1023 5156 1168 5213 constituta
1195 5154 1289 5212 venire
1317 5154 1470 5221 tentaverit,
1495 5154 1650 5227 etreliqua,
1667 5153 1737 5209 sicut

78 5232 148 5299 dem
161 5243 297 5301 clericum
309 5244 338 5299 in
352 5245 447 5301 eadem
463 5246 578 5301 ecclesia
592 5247 635 5301 vis
650 5247 785 5315 ordinare,
798 5246 889 5303 scribe
939 5246 1088 5303 secundum
1099 5243 1207 5300 Domini
1216 5243 1318 5301 dictum
1330 5258 1337 5299 :
1349 5244 1408 5303 loto
1417 5261 1509 5302 anum
1518 5248 1650 5316 dolopes
1659 5258 1736 5302 anat

74 5327 150 5387 mibi
164 5333 319 5389 secundum
332 5350 447 5404 morem,
465 5343 491 5390 et
506 5351 558 5409 ego
573 5335 611 5389 illi
628 5335 779 5390 libertatem
797 5335 888 5391 eccle·
938 5354 955 5392 n
972 5337 1030 5408 lege
1043 5351 1100 5391 non
1112 5333 1240 5405 preterit
1255 5333 1366 5405 (llotlb.
1383 5333 1423 5406 v).

75 5410 223 5478 Siasticam
237 5422 319 5478 dabo.
335 5423 363 5479 Si
377 5432 469 5480 autem
485 5425 543 5496 ipse
558 5423 673 5482 clericus
695 5424 737 5480 cui
751 5440 802 5497 per
817 5432 889 5480 tanta
973 5434 1139 5504 Repetamus
1153 5431 1297 5503 superiora
1311 5431 1390 5501 hujus
1402 5430 1523 5503 epistole
1537 5430 1565 5485 in
1581 5446 1634 5503 qua
1649 5429 1732 5487 dicits

77 5498 213 5593 tempore
226 5520 317 5592 ipsam
330 5521 477 5580 ecclesiam
497 5524 526 5581 in
548 5522 753 5598 Follanehrayo
776 5524 887 5599 habere,
937 5521 1121 5582 Admittuntur
1135 5519 1238 5599 passim
1251 5519 1418 5583 adordinent
1433 5535 1543 5580 aarum
1552 5518 1736 5599 quibusnullt
