3794 6104
57 246 110 301 su
705 240 882 302 umsroua
901 242 946 298 nr
973 246 1146 305 nanuum.
1661 254 1716 321 ιω
1744 282 1748 289 ,

58 367 176 424 ventilet
207 367 386 425 discussionis
413 368 565 426 ventilabro
593 377 620 425 et
645 367 766 432 invento,
794 368 868 441 quod
883 366 1058 428 Anientibus
1072 372 1181 428 illorum
1197 372 1231 429 sit
1243 382 1307 430 nota
1321 373 1450 446 iniquitas
1465 382 1492 431 el
1514 377 1652 435 ctmsortio
1676 393 1719 434 sa·

58 457 165 527 justum
180 464 223 512 est
232 458 364 514 mnonice
395 457 528 513 decernat
549 465 575 513 et
589 459 727 514 communi
754 456 866 512 lratrum
917 473 972 514 cre
987 460 1121 517 Ecclesiae
1136 462 1281 518 videantur
1294 463 1430 519 extranei.

61 560 179 602 censura
192 544 317 602 diffiniat.
1235 550 1396 606 cccxliv.

402 636 538 692 (χχχιι,
1105 634 1279 677 mutamuu
1295 635 1519 679 murnentanus.

154 738 192 777 uo
206 738 400 780 caurauocuu
414 739 567 781 sniscouuu
582 737 778 780 reuersum.
1170 693 1269 764 Ff⁸ll¹⁰
1285 722 1319 732 ··
1333 694 1397 762 (1¹¹¹-
1412 697 1480 762 ¹110·)

303 795 412 866 fragm,
429 825 464 836 -
481 797 544 867 (qn,
561 796 627 866 iffi)
952 785 1042 841 Sedet
1055 787 1203 856 provinciis
1218 795 1316 843 vestrae
1344 786 1480 844 fidelitatis
1503 789 1582 845 robis
1595 791 1716 864 iujungi-

68 881 145 950 pr
159 883 289 939 mmo,
303 883 444 940 pompm-da
469 899 525 939 „on
541 888 631 956 pomp
658 886 690 940 a„
710 881 866 939 „cardolio
916 888 988 936 mus,
1004 880 1033 927 ut
1048 889 1109 929 cum
1125 875 1260 946 aliquibus
1274 876 1389 931 navibus
1404 886 1511 933 vestros
1524 877 1624 934 milites
1638 880 1719 935 robu-

397 971 523 1011 monerc.
916 960 1054 1016 atissimos
1067 963 1274 1032 praesentialiter
1288 964 1439 1032 destinetis,
1463 965 1509 1037 qui
1536 967 1718 1041 quadraginta

100 1039 187 1094 lliror
199 1039 290 1095 minus
309 1041 417 1097 doctam
435 1043 578 1098 scientiam
596 1050 671 1098 tuam
695 1043 866 1099 sacerdotem
916 1046 1079 1116 Saracenos,
1096 1050 1142 1120 qui
1157 1050 1258 1106 dudum
1274 1052 1434 1108 Graecorum
1453 1063 1609 1109 nostrorum
1636 1055 1717 1112 navi-

63 1134 162 1198 putsre
176 1137 237 1199 post
253 1138 434 1200 perpetratum
448 1131 622 1187 homicidium
639 1132 762 1203 possein
777 1147 867 1187 sacer·
916 1136 967 1191 ltus
981 1135 1008 1191 in
1022 1153 1098 1192 mare
1113 1137 1217 1209 lugere,
1234 1139 1334 1210 quique
1349 1149 1445 1211 postea
1469 1142 1638 1198 terrestrium
1662 1159 1714 1201 no·

62 1215 139 1272 dotio
154 1216 328 1285 ministrare,
343 1218 409 1285 imo,
420 1220 494 1290 quod
505 1228 546 1274 est
560 1220 647 1290 pejus,
664 1219 744 1275 nobis
752 1219 867 1275 suadere
916 1232 1033 1280 atrorum
1059 1225 1174 1280 militurn
1200 1227 1343 1297 exspoliati
1357 1229 1440 1283 armis
1457 1230 1582 1286 omnibus
1606 1231 1714 1300 ιιιιιιιο,

64 1304 145 1370 velle,
159 1312 188 1358 ut
203 1305 256 1376 ipsi
270 1304 317 1361 tali
341 1308 544 1378 presumptioni
560 1309 745 1379 preberemus
768 1322 865 1362 asseu-
915 1312 942 1366 in
957 1313 1058 1367 montis
1071 1313 1159 1369 Circei
1173 1313 1291 1369 latibulis
1304 1324 1456 1382 evaseruut,
1469 1333 1524 1373 una
1538 1334 1599 1374 cum
1613 1321 1717 1376 nostris

62 1408 133 1447 sum.
143 1391 212 1460 Quis
227 1393 299 1448 enim
313 1402 367 1448 tarn
382 1395 497 1451 demens
511 1405 619 1467 tamque
633 1396 866 1467 perversisensus
915 1400 1087 1470 pedestribus
1116 1403 1329 1473 apprehendant,
1362 1404 1426 1475 quia
1453 1421 1503 1460 nos
1530 1423 1579 1476 pro
1602 1407 1716 1464 tantillis

63 1480 118 1535 tale
134 1481 199 1551 quid
213 1481 371 1548 estimaret,
389 1483 432 1538 uel
446 1492 508 1555 post
524 1491 761 1555 quantamcunque
775 1484 866 1554 poeni·
917 1488 1063 1544 Saracenis
1080 1489 1225 1545 dromones
1240 1499 1349 1546 nostros
1365 1491 1481 1564 inligare
1495 1495 1629 1564 nolumus,
1648 1496 1714 1552 dum

64 1568 178 1623 tentiam
193 1570 410 1637 concedendurn,
427 1587 488 1627 curn
504 1572 577 1627 omni
587 1573 622 1627 sit
636 1571 866 1628 canonicandisei·
916 1576 951 1630 de
966 1576 1043 1631 vobis
1058 1574 1197 1633 considere
1208 1577 1289 1647 (sicut
1307 1588 1334 1634 et
1349 1579 1401 1649 ipsi
1409 1580 1478 1636 velle
1492 1580 1625 1655 dicimini)
1651 1599 1717 1654 pro·

63 1655 147 1727 plinrc
163 1657 352 1712 contrarium?
367 1658 454 1715 Debet
480 1675 548 1733 ergo
561 1660 716 1716 sacerdotio
744 1660 866 1731 privatus
916 1679 1043 1719 vocamur
1055 1664 1144 1719 modis
1159 1665 1285 1720 omnibus
1300 1665 1478 1723 confidentes.
1504 1668 1576 1738 Quia
1601 1671 1625 1725 si
1651 1672 1718 1728 obs·

60 1743 249 1815 lacrymarum
259 1743 333 1801 tonte
343 1746 473 1818 flagitium
488 1756 542 1802 tarn
564 1747 683 1804 immane
707 1748 866 1813 diluerent
917 1751 1025 1807 dientiae
1041 1761 1138 1807 vestre
1153 1753 1331 1808 constantiam
1346 1763 1372 1809 et
1398 1753 1462 1810 iidei
1485 1757 1631 1826 puritatem
1654 1774 1717 1816 curn

60 1832 162 1886 talibus
177 1832 273 1888 saltem
282 1835 410 1890 remediis
421 1844 537 1903 curatus,
556 1836 651 1892 salutis
672 1836 759 1908 possit
785 1836 864 1892 inve·
915 1840 1021 1894 uirtutis
1035 1839 1153 1896 efficacia
1174 1840 1247 1897 cirea
1261 1841 1289 1896 S.
1315 1841 1348 1896 ll.
1363 1842 1397 1898 E.
1426 1843 1526 1899 amodo
1544 1847 1717 1903 consenseri-

61 1920 125 1977 nire
139 1918 311 1995 suffragium.
914 1944 985 1994 mus,
1014 1943 1068 1984 nou
1095 1929 1182 1984 solum
1196 1930 1231 1985 de
1242 1929 1284 1984 his
1293 1930 1378 1984 tribus
1389 1931 1487 2001 quibus
1503 1948 1551 1987 vos
1565 1933 1636 1989 ultra
1650 1950 1718 1990 con·

391 2012 541 2069 cccxlii.
808 2079 812 2086 ,
916 2016 1087 2071 suetudinem
1117 2026 1305 2089 praegravatos
1325 2018 1424 2085 dicitis,
1440 2019 1467 2073 in
1494 2027 1623 2090 quantum
1645 2022 1717 2080 ratio

261 2095 298 2136 ΑΒ
315 2098 466 2138 ³¹³¹SC⁰P⁰⁸
480 2098 649 2140 ΒΜΤᾸΝΝΙΕ·
915 2104 1100 2175 postulaverit,
1117 2104 1305 2177 levigabimus,
1321 2107 1509 2161 verumetiam
1531 2115 1561 2162 ut
1575 2108 1716 2178 propriam

231 2245 237 2257 ,
296 2245 301 2257 ,
389 2155 452 2225 (ΑΠ’
469 2155 537 2224 ἐπ’)
776 2243 781 2256 ,
916 2191 945 2246 S.
961 2192 1035 2246 Petri
1049 2190 1180 2247 familiam
1194 2192 1403 2265 terminarique
1422 2209 1472 2250 vos
1498 2195 1576 2265 tueri,
1597 2196 1715 2254 manino

123 2244 163 2300 Dc
177 2244 316 2300 ordinatas
328 2244 362 2298 ob
375 2244 525 2300 licclocoro
538 2242 635 2298 abbate
649 2243 805 2299 morracios.
915 2278 1094 2347 consonante,
1123 2281 1301 2336 studebimus.

208 2348 286 2403 (tlara
300 2347 372 2394 Thes.
385 2346 486 2402 anecd..
511 2348 570 2392 tom.
582 2349 654 2401 lll.1³·
670 2345 729 2402 ml
1237 2387 1384 2444 ccchv,

102 2436 231 2492 Jotnuas
246 2436 375 2492 Romane
390 2436 464 2491 sedis
478 2435 634 2507 episcopus,
657 2434 758 2491 dilecto
784 2443 866 2506 atque
1147 2471 1183 2511 A„
1200 2472 1318 2513 com„
1334 2474 1468 2516 comm·

59 2525 194 2596 praeclaro
208 2523 262 2579 filio
276 2527 370 2579 Mutuo
384 2534 397 2559 ⁸
411 2524 626 2594 archiepiscopo,
642 2539 748 2579 necnon
778 2531 804 2578 et
818 2538 867 2579 ce.
1235 2532 1297 2599 (An.
1315 2530 1383 2600 inc.)

65 2612 133 2668 teris
166 2613 302 2684 episcopis
317 2629 366 2683 per
381 2613 544 2667 Britanniam
567 2612 799 2668 commanentibus
816 2611 855 2684 [al
917 2618 955 2671 lle
970 2615 1028 2671 illis
1043 2617 1100 2688 qui,
1117 2618 1253 2672 uxoribus
1262 2617 1320 2672 sois
1329 2617 1508 2684 dirraissis,od
1517 2618 1590 2676 alias
1599 2621 1715 2694 cupitos

68 2700 314 2774 commorantibus]
344 2700 458 2756 salutern
485 2709 512 2756 et
532 2701 709 2772 apostolicam
751 2700 866 2756 benedi·
1228 2688 1408 2743 ”amimal-

61 2790 193 2846 edonem.
954 2791 1038 2846 Porro
1045 2806 1092 2846 eos
1103 2790 1149 2862 qui
1155 2807 1254 2847 irrores
1265 2807 1329 2847 suas
1347 2792 1517 2863 dimiserunt,
1530 2793 1574 2850 vel
1591 2795 1626 2852 ad
1640 2794 1717 2864 alias,

96 2879 200 2934 Notum
215 2877 249 2933 sit
265 2877 342 2933 vobis
358 2877 497 2948 quomodo
510 2877 658 2950 llesgallon
668 2875 804 2932 etCorvili
817 2876 865 2949 [ol.
918 2877 972 2933 illis
981 2879 1142 2947 viventibus,
1159 2879 1267 2951 nuptias
1278 2881 1475 2953 migraverunt,
1490 2883 1581 2938 tandiu
1592 2900 1641 2939 eos
1655 2899 1718 2941 cum

64 2983 113 3023 rex
128 2966 229 3022 Gallou
242 2974 268 3021 et
285 2965 400 3038 Gorvili]
416 2983 477 3022 cum
489 2966 549 3020 aliis
571 2965 713 3021 monachis
751 2980 868 3036 corpora
919 2967 1111 3022 consentaneis
1139 2984 1231 3023 eorum
1260 2969 1536 3037 excommunicamus,
1565 2987 1719 3044 quousque,

61 3055 249 3126 apostolorum
261 3055 411 3119 visitarunt,
427 3062 574 3126 nostraque
599 3053 625 3108 in
646 3054 790 3125 praeseutia
818 3070 867 3109 ve·
884 3055 1118 3126 Cposterioribus
1133 3057 1254 3126 remot'n,
1266 3058 1371 3128 priores
1385 3059 1543 3130 poenitendo
1558 3061 1721 3131 receperint.

61 3151 170 3200 nemnt.
188 3145 285 3198 Postea
299 3143 333 3198 de
357 3143 466 3197 illorum
494 3142 665 3197 ordinatione
695 3149 721 3197 et
750 3141 866 3197 aliorum
918 3143 1081 3199 sicutenim
1098 3145 1352 3215 nuptiaealleo,ita
1368 3147 1722 3216 divor-tiumadiaboloest,

60 3231 261 3287 monachorum
275 3230 517 3304 perignorantiarn
539 3230 573 3285 ab
588 3230 739 3286 llcclocaro
768 3231 866 3286 abbate
917 3239 988 3285 testa
1005 3232 1271 3302 sanctolugustino,
1287 3241 1434 3303 repertum.
1449 3235 1524 3301 Quod
1546 3237 1625 3291 enim
1648 3237 1723 3290 licus

61 3328 178 3391 accepta
190 3320 381 3388 judicavimus,
408 3329 435 3374 ut
464 3319 488 3373 si
517 3319 575 3392 ipse
591 3319 702 3392 indigue
717 3319 866 3390 usurpavit,
916 3319 1078 3390 conjecerit,
1088 3320 1168 3375 lromo
1182 3335 1239 3375 non
1254 3324 1366 3391 separet
1380 3321 1489 3391 (deltis.
1504 3319 1722 3393 xvltprecipue

62 3409 111 3482 qui
127 3408 160 3480 [s.
178 3408 260 3480 quod]
275 3424 290 3462 a
305 3407 412 3463 nemine
436 3407 508 3461 illius
523 3407 603 3463 officii
627 3408 784 3462 ordinatore
812 3406 866 3460 mi-
918 3421 980 3461 cum
992 3405 1052 3463 haec
1067 3405 1186 3477 pessima
1202 3408 1372 3463 cousuetudo
1387 3423 1420 3463 ex
1446 3423 1617 3480 paganorum
1645 3423 1722 3465 more

63 3498 141 3553 nime
156 3496 293 3567 acceperit
309 3515 316 3562 ;
332 3496 391 3551 istis
406 3504 496 3551 tamen
512 3496 546 3550 sit
573 3493 691 3567 perlecta
719 3495 864 3561 ordinatio,
921 3495 1094 3559 remanserit,
1110 3511 1225 3566 quorum
1239 3494 1265 3549 in
1281 3495 1379 3551 talibus
1408 3512 1462 3552 nou
1491 3497 1560 3553 alias
1589 3496 1642 3554 nisi
1660 3495 1720 3569 ipse

65 3586 130 3658 quia
146 3585 210 3640 mali
224 3593 338 3656 possunt
353 3584 425 3640 bona
440 3585 509 3640 bene
532 3584 697 3649 ministrare,
722 3600 783 3639 cum
813 3583 867 3637 sint
925 3582 1049 3637 diabolus
1062 3590 1119 3637 crat
1129 3583 1261 3656 magister
1272 3591 1299 3638 et
1314 3593 1416 3640 auctor.

64 3690 195 3746 nequam.
212 3673 338 3728 lllevero
352 3672 469 3743 amplius
496 3673 631 3727 nemiuem
646 3672 753 3728 ordinet
767 3687 866 3743 quous·
953 3669 1163 3725 Prudentissime
1179 3672 1228 3736 vir,
1245 3671 1322 3726 stude
1339 3681 1365 3727 et
1379 3671 1498 3743 praevide
1514 3680 1542 3727 ιιι
1550 3673 1605 3730 duo
1622 3674 1720 3731 viriili

62 3778 119 3835 que
135 3763 169 3818 sit
177 3761 220 3817 sui
233 3761 351 3832 contagii
366 3762 445 3816 nodis
460 3762 573 3817 solutus.
602 3762 657 3816 llos
672 3760 817 3815 suademus
833 3760 867 3815 de
918 3758 964 3829 qui
979 3774 1078 3814 uxores
1092 3774 1166 3824 suas,
1184 3774 1251 3831 quas
1265 3761 1337 3815 Deus
1350 3759 1403 3814 illis
1414 3762 1576 3832 preparavit
1587 3764 1717 3833 etjunxit,

72 3859 176 3907 caetero
191 3866 266 3905 suam
282 3858 462 3922 procurantes
476 3850 610 3924 requiam,
627 3858 656 3904 ut
671 3848 769 3904 iratres
786 3864 818 3904 ac
833 3847 866 3902 sr-
917 3846 1076 3916 abjecerunt
1093 3891 1099 3912 ,
1115 3862 1161 3901 eas
1188 3846 1321 3917 repellere
1361 3847 1471 3904 minime
1507 3850 1716 3920 permittantur:

59 3939 106 3995 liis
121 3939 155 4012 [s.
172 3938 253 4012 filios]
268 3938 403 4002 alacriter.
420 3938 494 3994 omni
504 3938 648 3994 occasione
667 3936 828 4009 postposita,
840 3936 867 3990 in
919 3935 982 4006 quia
996 3934 1108 4005 impium
1122 3943 1163 3990 est
1177 3942 1205 3990 ut
1225 3935 1281 4007 qui,
1299 3945 1410 3993 auctore
1425 3937 1494 4004 Deo,
1514 3938 1596 4010 legali
1612 3937 1716 3996 loederc

62 4044 115 4085 suo
132 4027 299 4082 monasterio
314 4026 435 4097 recipiat,
451 4027 484 4081 ad
496 4027 627 4096 deinceps
643 4026 745 4081 bonurn
760 4040 828 4097 erga
836 4040 867 4079 se
918 4023 1034 4093 copulati
1049 4031 1120 4090 sunt,
1137 4040 1188 4095 pro
1204 4024 1324 4079 humano
1334 4023 1422 4091 libitu,
1436 4025 1491 4080 imo
1506 4024 1602 4082 fraude
1622 4028 1715 4084 diabo

63 4117 186 4171 studium
196 4131 316 4186 suosque
329 4114 467 4183 subjectos
485 4114 575 4180 faciat,
592 4130 626 4170 ue
646 4122 720 4170 sator
748 4113 867 4168 zizanio·
917 4111 1714 4189 licaseparentur.idemcomruonitoriumPouloepiscopo.

61 4220 126 4260 rum
146 4203 188 4258 sui
202 4203 296 4276 gregis
311 4203 344 4257 sit
359 4220 481 4274 sparsor,
493 4210 520 4258 et
530 4220 564 4259 ne
584 4203 682 4258 uostris
697 4203 793 4256 iterum
823 4215 868 4254 au·
918 4199 1125 4254 Praevideutde
1141 4200 1312 4270 separatione
1335 4202 1541 4271 conjugatorum
1568 4203 1716 4258 maximam
1811 4212 1816 4217 '

63 4291 140 4347 ribus
155 4292 190 4346 de
200 4291 246 4346 illo
256 4291 447 4363 proclametur,
461 4299 489 4346 ut
504 4291 597 4365 regula
616 4291 665 4345 rite
678 4287 819 4360 judicabit,
834 4286 868 4342 ed
918 4301 1015 4341 euram
1030 4301 1121 4358 geras,
1139 4286 1173 4340 ita
1183 4294 1210 4340 ut
1221 4287 1265 4357 qui
1282 4301 1298 4340 a
1313 4287 1485 4357 susceptione
1507 4288 1580 4343 sedis
1603 4299 1717 4359 aposto·

60 4381 105 4437 eis
119 4387 245 4452 peragat,
879 4373 977 4469 D¹i⁰ae
1000 4373 1147 4428 litterarum
1176 4373 1296 4443 separati
1320 4381 1390 4443 sunt,
1421 4372 1556 4444 inculpate
1584 4375 1715 4431 reducant

393 4467 555 4523 ccchlll,
916 4460 1021 4532 priores
1036 4476 1145 4526 uxores,
1162 4459 1282 4530 injuncta
1301 4458 1472 4516 convenienti
1489 4460 1655 4531 pteniteutia,
1672 4462 1714 4517 di·

299 4551 335 4592 lb
360 4553 472 4593 aaran!
488 4552 652 4619 Ettsqotvtt·
917 4548 1009 4603 missis
1023 4564 1092 4620 quas
1106 4549 1279 4618 postmodum
1294 4556 1356 4603 sunt
1371 4547 1466 4604 sortiti.
1483 4546 1560 4618 Quod
1576 4549 1599 4605 si
1621 4548 1717 4605 nolue-

305 4608 415 4682 Fllllm·
432 4640 466 4648 “
481 4610 543 4679 (tn.
561 4610 627 4676 1110·)
919 4636 982 4701 rint,
998 4645 1075 4691 extra
1089 4635 1235 4692 ecclesiam
1248 4635 1327 4693 iacite
1342 4652 1394 4690 una
1409 4651 1469 4691 cum
1490 4636 1532 4690 his
1547 4634 1593 4709 qui
1621 4652 1669 4692 eos
1687 4635 1715 4692 iu

102 4698 131 4754 Si
147 4696 287 4752 Deodtlus
297 4697 482 4769 effilssdffl'ilss
498 4703 597 4750 ⁵¹⁸¹1¹¹0
617 4695 675 4765 jam
696 4703 819 4766 ῑΘῙῺΡΟΓθ
834 4693 867 4748 “d
919 4723 1112 4780 commuuione
1126 4724 1260 4796 recipiunt
1272 4769 1278 4790 ,
1289 4726 1377 4781 donec
1387 4724 1531 4780 emendent
1551 4739 1612 4797 quae
1625 4723 1715 4780 admi·

67 4801 120 4842 nos
134 4785 231 4841 venire
244 4793 270 4840 et
284 4785 377 4841 omnia
388 4786 462 4854 juste
476 4793 558 4855 atque
574 4783 705 4840 canonice
720 4783 868 4839 emendare
918 4820 1019 4868 serum·

63 4873 290 4944 contempserint,
307 4873 479 4945 grauioribus
495 4888 542 4928 eos
553 4872 676 4943 perpetui
691 4870 869 4927 anathematis
1229 4898 1388 4954 CCCXLVL

64 4961 185 5019 vinculis
199 4961 401 5025 innodabimus,
419 4977 568 5032 eorumque
590 4960 696 5016 scelera
720 4968 745 5016 et
760 4974 868 5016 excom·
1059 4981 1240 5026 mmmm
1255 4985 1292 5025 Μ
1305 4984 1372 5024 ‚m
1383 4983 1580 5027 mmmm,

63 5049 273 5117 municationes,
290 5058 317 5105 et
330 5049 664 5105 anathematascribentes
681 5058 744 5104 ante
759 5051 872 5106 sanctis·
1237 5042 1300 5108 (tn.
1318 5040 1384 5109 isse-l

66 5140 167 5195 simam
182 5138 254 5194 beati
270 5137 340 5194 Petri
356 5138 472 5210 apostoli
495 5137 643 5210 imaginem
669 5147 869 5208 suspendemus
955 5138 1078 5208 itemque
1094 5152 1126 5191 ex
1143 5143 1237 5191 nostra
1252 5135 1379 5207 presenti
1408 5136 1599 5191 constitutione
1623 5130 1666 5190 bis
1689 5132 1718 5191 in

67 5237 98 5282 ut
114 5226 244 5284 omnibus
258 5227 292 5282 de
307 5234 363 5282 toto
378 5227 480 5282 mundo
494 5224 633 5280 adlimiua
648 5225 795 5296 apostolica
819 5242 869 5282 ve·
919 5240 1014 5280 mense
1027 5224 1071 5280 vel
1087 5239 1120 5278 eo
1135 5223 1261 5295 amplius,
1278 5223 1321 5278 vel
1335 5223 1407 5295 apud
1422 5223 1497 5279 illurn
1521 5220 1654 5279 velillum
1681 5222 1720 5279 ti·

99 5353 219 5406 allerito
242 5353 397 5404 turonenses
432 5353 457 5403 in
487 5352 614 5414 responsis
657 5351 687 5401 ad
709 5351 804 5414 objecta
820 5353 871 5403 bo·
920 5349 1006 5401 titulus
1027 5348 1161 5414 sequentis,
1184 5347 1225 5399 ubl
1247 5347 1358 5400 bolensis
1389 5349 1516 5414 episcopua
1532 5349 1611 5402 soban
1637 5349 1722 5403 nontl-

66 5421 174 5473 lensium
205 5424 319 5470 asserunt
339 5419 467 5483 scriptoris
504 5419 597 5469 incuria
633 5428 723 5468 nomen
747 5418 871 5480 arculept·
920 5420 1000 5468 natur.

71 5487 145 5552 scopi
168 5485 334 5551 nrcpsnseu
357 5486 427 5538 titulo
450 5483 524 5547 butus
545 5483 761 5548 epistotsmuquc
791 5485 872 5549 arqult
