3794 6104
112 196 166 270 tos
862 208 1048 270 nersroan.
1634 206 1642 213 “
1707 221 1762 276 ero

114 335 203 409 ipsius
220 334 372 408 parochiae,
398 343 424 392 et
449 334 483 392 de
507 336 706 392 rusticanarum
727 336 916 406 parochiarum
931 336 1026 398 Arum
1040 346 1178 408 pastorem
1194 336 1295 411 eligite,
1308 336 1353 410 qui
1367 339 1465 396 merito
1476 339 1539 397 vitae
1551 349 1576 396 et
1586 340 1706 398 scientiae
1716 342 1764 404 do·

116 425 299 498 preshyteris,
313 433 455 481 occurrant
468 424 570 490 vicarii,
587 424 812 480 commorantium
826 440 919 480 secum
968 425 1055 480 ctrina
1069 425 1145 481 vobis
1158 442 1278 497 praeesse
1299 427 1386 482 valeat
1407 437 1433 484 et
1457 429 1599 500 prodesse,
1623 429 1723 501 quique
1746 447 1761 485 a

118 513 268 570 concordia
283 521 348 570 vota
361 513 489 582 ferentes,
506 512 555 568 sed
566 520 592 568 et
606 512 667 568 laici
678 512 782 568 nobiles
799 512 918 568 accires
969 514 1119 569 canonibus
1133 514 1216 569 sacris
1231 531 1285 570 non
1299 514 1448 588 discrepet.
1476 518 1516 573 De
1538 518 1614 587 cujus
1629 518 1762 575 electione

120 602 218 658 adesse
231 602 381 667 debebunt,
398 602 525 674 quoniam
540 602 573 656 ab
589 601 714 656 omnihus
738 600 819 656 debet
843 600 917 672 eligi,
968 601 1107 657 decretum
1123 603 1283 659 canonicum
1297 604 1417 659 unanimi
1432 611 1495 662 voto
1509 620 1601 677 agere,
1621 614 1648 662 et
1663 606 1762 677 sigilla·

121 689 161 747 cui
175 690 260 745 debet
275 689 311 744 ab
327 689 454 744 omnibus
468 688 584 744 obediri.
607 689 642 744 Et
663 688 686 742 si
701 696 761 758 post
776 686 919 743 lectionem
969 689 1017 744 tim
1031 691 1150 745 omnium
1174 700 1293 746 vestrum
1317 692 1441 747 manibus
1460 692 1488 747 in
1513 694 1659 764 praesentia
1681 694 1762 764 hujus

122 779 214 834 iormae
230 777 371 834 electionis
386 794 402 832 a
417 777 495 833 nohis
516 793 566 848 per
591 784 663 832 tuam
686 776 858 833 dilectionem
880 775 919 830 eis
968 777 1117 833 visitatoris
1132 779 1215 834 vestri
1230 779 1359 836 roborare
1375 780 1502 853 satagite.

123 866 302 933 transmissas,
318 867 469 922 concordes
482 881 578 921 omnes
593 865 621 921 iu
636 879 826 938 quamcunque
840 880 920 936 regu·

122 955 204 1011 larem
233 970 380 1026 personam
403 954 550 1021 inveneris,
575 969 687 1009 moneas
709 969 757 1010 eos
781 953 919 1008 decretum
1247 947 1417 1003 EPISTOLA
1435 949 1495 1004 Ll·
1583 1007 1585 1010 Α

124 1043 283 1100 “micum
297 1042 386 1098 abeis
401 1039 470 1110 fieri,
486 1057 519 1098 ³⁰
534 1041 673 1113 Sillfflafim
689 1042 809 1098 Omnium
829 1040 919 1096 mini*
973 1075 1053 1114 ccam
1073 1075 1108 1115 ar
1128 1075 1222 1116 enanis
1243 1076 1435 1117 mnnunausrs
1456 1079 1493 1118 nn
1512 1079 1676 1124 nmcuanuu
1696 1082 1769 1123 nnn-

124 1131 172 1186 bus
186 1130 333 1197 roborari3
350 1137 377 1185 et
392 1145 453 1186 cum
468 1129 732 1195 decretocanonico,
754 1137 836 1201 atque
857 1144 920 1184 cum

126 1219 201 1274 onds
230 1219 278 1291 qui
311 1217 475 1274 sufficienter
501 1218 621 1274 omnium
649 1217 708 1273 vice
737 1215 920 1273 testimonium

125 1307 206 1362 electo
220 1306 295 1363 terre
307 1306 423 1378 possint,
442 1322 504 1362 oum
527 1307 567 1362 eis
590 1305 767 1372 mandavero,
792 1304 920 1362 eumdem

1173 1173 1288 1213 MENSE!
1311 1175 1558 1219 rtucfllaetscorbll.

1158 1284 1210 1340 Pro
1225 1286 1403 1343 ordinatione
1418 1287 1573 1358 lledenutfi.

124 1395 234 1452 electum
250 1395 287 1451 ad
301 1411 352 1451 nos
367 1394 504 1452 adducere
518 1402 621 1451 curent.

379 1544 548 1602 Eatstona
563 1544 662 1600 XLIX.

1171 1399 1213 1451 (Ex
1225 1399 1292 1446 Actis
1307 1410 1378 1456 pror.
1392 1402 1456 1448 Ecoi.
1470 1402 1565 1457 lthemt

1007 1503 1122 1559 Domino
1138 1505 1368 1562 reverendissimo
1383 1515 1409 1563 et
1423 1507 1597 1563 sanctissimo
1619 1507 1766 1563 limosano

970 1590 1184 1664 archiepiscopo,
1201 1594 1363 1667 caeterisque
1379 1603 1480 1652 nostrae
1496 1595 1647 1652 dioeceseos
1667 1596 1768 1652 sanctis

173 1677 210 1717 ΑΒ
230 1676 418 1764 ΗΑΒΒΒΨΗΜ
436 1674 683 1718 Sstl'fficfssliffl
698 1674 862 1717 ⁸⁹¹⁵⁰⁰⁹¹¹¹·
933 1679 1096 1747 BPetribus
1111 1687 1138 1736 et
1148 1680 1294 1753 episcopis,
1307 1683 1397 1739 clerus
1407 1683 1604 1750 laudunensis,
1616 1683 1770 1740 cumtotius

132 1779 161 1835 b't
174 1778 333 1835 visitatoris
349 1776 436 1847 officio
449 1775 634 1858 sementaria
648 1775 785 1832 electione
802 1774 923 1846 episcopi
967 1768 1094 1839 paroecia
1117 1768 1257 1839 plebibus,
1283 1778 1310 1825 et
1335 1771 1387 1826 sibi
1411 1771 1563 1841 conjunctis
1586 1771 1766 1844 praesulibus,

967 1864 1098 1913 aetcruam
1113 1856 1140 1911 in
1155 1857 1270 1913 Domino
1284 1860 1349 1913 lesu
1365 1859 1471 1915 Christo
1490 1860 1603 1915 salutem
1618 1868 1645 1916 et
1659 1876 1766 1932 pacem.

1003 1944 1145 2001 Canonicis
1160 1945 1261 2018 regulis
1277 1955 1303 2000 et
1317 1947 1474 2018 apostolicis
1487 1947 1700 2004 institutionibus
1710 1956 1765 2004 ata·

967 2040 1052 2088 tutum
1076 2047 1137 2088 esse
1161 2032 1318 2102 recolimus,
1343 2043 1372 2089 ut
1392 2034 1497 2106 quoties
1522 2035 1649 2107 quaelihet
1669 2035 1764 2093 civitas

966 2120 1117 2177 ministerio
1132 2119 1296 2192 pontificalis
1306 2121 1446 2194 dignitatis
1458 2123 1586 2191 camerit,
1597 2123 1763 2196 proprioque

967 2215 1075 2280 pastore
1090 2209 1238 2278 vacaverit,
1255 2225 1316 2267 oum
1332 2211 1443 2268 decreto
1465 2211 1615 2278 electionis,
1638 2211 1763 2285 singulo-

415 1847 629 1903 Beltocncensrs.

396 1967 476 2023 tlpud
486 1967 560 2014 Labb.
571 1967 639 2021 ibid.)

153 2075 262 2132 Eodem
277 2078 321 2131 ert
336 2091 369 2133 nc
383 2075 553 2146 precedens,
565 2075 614 2131 boc
626 2078 740 2130 tontum
753 2073 919 2130 discrimine

122 2164 189 2238 qood
204 2165 257 2220 rob
267 2164 385 2219 initiam
395 2163 507 2235 adjecto
517 2166 560 2219 ert
569 2163 676 2219 mentio
684 2177 836 2220 convensus
846 2161 918 2233 rapti

122 2253 167 2310 boe
182 2251 268 2309 modo
279 2272 289 2307 .·
302 2249 396 2307 Officio
407 2249 563 2317 visitatoris,
575 2264 711 2306 consensu
721 2248 824 2305 domini
834 2247 920 2303 nostri

121 2339 251 2396 ludovici
267 2338 353 2412 regis,
369 2346 470 2394 nostrae
488 2337 654 2403 humilitatis,
678 2346 730 2394 etc.
755 2338 810 2396 Sub
831 2337 917 2406 finem

121 2445 192 2498 cero,
209 2429 303 2498 verbis
318 2428 377 2483 illia
391 2427 512 2496 omnib,
528 2443 590 2482 cum
601 2426 822 2490 eismaudavero,
832 2425 917 2498 ponto
985 2474 990 2485 .

122 2512 229 2585 bnpius
244 2513 377 2567 excurrit
387 2512 417 2566 in
428 2509 503 2566 banc
513 2511 627 2568 modom
638 2509 789 2565 :Eumdem
800 2508 917 2564 electum

121 2599 151 2655 ad
165 2614 219 2656 nos
235 2598 373 2654 adducere
387 2606 477 2653 tecum
490 2598 699 2653 examinandum
713 2611 839 2668 procura.
861 2596 916 2651 Tua
993 2645 998 2656 ,

121 2695 206 2744 antem
222 2686 344 2753 dilectio,
359 2686 441 2742 irater
455 2685 626 2752 charissime,
638 2683 731 2741 solerti
744 2700 809 2740 cura
822 2683 850 2738 in
864 2684 917 2740 hnc

121 2775 254 2833 electione
278 2774 402 2847 invigilet
420 2793 427 2828 :
445 2775 595 2845 praesertim
618 2789 681 2831 cum
705 2773 845 2829 nobiscum
869 2771 917 2827 tibi

121 2880 232 2921 necesse
246 2863 300 2919 erit
315 2863 341 2918 ei
354 2863 400 2934 qui
414 2863 583 2918 ordinandus
597 2869 638 2918 est
651 2878 746 2917 manus
756 2861 914 2932 imponare;

123 2953 162 3023 qui
177 2953 250 3008 bene
266 2951 352 3006 nostri
373 2951 584 3023 praeceptionem
607 2951 679 3007 beati
703 2949 776 3004 Pauli
798 2947 914 3022 apostola

123 3055 167 3110 per
181 3040 315 3112 Spiritum
328 3039 380 3095 Dei
393 3039 530 3106 emissam,
543 3053 596 3112 qua
610 3039 638 3094 in
651 3053 769 3110 persona
782 3036 951 3104 Timotheic

125 3127 237 3182 omnium
271 3127 370 3183 Christi
402 3127 574 3183 sacerdotum
602 3142 731 3183 numerus
763 3124 912 3181 eruditur:

126 3216 233 3285 proinde
248 3214 396 3287 uuicuique
410 3223 532 3270 nostrum
547 3215 643 3270 dicitur
659 3233 665 3269 ε
683 3216 781 3271 Munus
805 3214 914 3269 nemini

129 3304 174 3360 cito
189 3305 366 3376 imposueris,
383 3304 800 3376 neqoecommoniceapcccotir
810 3302 913 3358 olienis

131 3390 148 3460 tl
161 3393 228 3448 Tim.
245 3408 274 3457 v,
291 3392 347 3463 ἥ),
364 3400 418 3448 etc.

409 3531 579 3588 EPISTOLA
593 3533 623 3587 L.

215 3643 253 3685 nn
273 3644 384 3685 mneos
402 3644 437 3685 nr
455 3644 564 3686 amnas
583 3641 814 3685 camalecensis.

134 3755 157 3811 b't
164 3759 331 3815 cononicam
339 3758 506 3882 electichm
514 3757 699 3881 sactiontcom
707 3756 853 3812 visitatore
862 3752 915 3810 sibi

457 3842 552 3898 crepon
567 3842 595 3882 c.

395 3949 474 4006 (Apud
485 3948 560 3996 chb
574 3948 644 4004 ibid.)

156 4055 320 4111 munaus
331 4063 431 4110 sanctae
441 4056 600 4127 metropolis
609 4056 739 4112 Ecclesiae
749 4056 916 4111 lihemorum

133 4144 274 4216 episcopus,
290 4159 325 4200 ac
339 4143 427 4215 plebis
441 4145 491 4200 Dei
504 4144 632 4212 famulus,
656 4145 729 4202 clero
749 4154 775 4201 et
796 4145 870 4216 plebi
888 4145 916 4199 in

134 4232 249 4300 parochia
263 4233 454 4288 Cameracensi
469 4233 638 4289 consistenti.

966 2313 1026 2354 rum
1045 2297 1195 2369 petentium
1216 2299 1342 2354 manibus
1364 2300 1498 2369 roborato,
1524 2299 1763 2371 metropolitanum

966 2385 1041 2441 adire
1055 2386 1211 2457 pontificem
1225 2388 1353 2455 debeant,
1366 2395 1393 2444 et
1408 2389 1443 2444 de
1456 2387 1655 2457 substituendo,
1666 2388 1763 2447 iuloco

968 2489 1025 2545 epus
1040 2474 1086 2546 qui
1101 2474 1229 2542 decessit,
1247 2483 1366 2546 pastore,
1382 2475 1512 2546 petitione
1520 2477 1634 2548 supplici
1646 2491 1765 2534 commo·

966 2577 1043 2629 nere,
1060 2570 1193 2633 quatenus
1207 2572 1232 2618 et
1247 2563 1341 2619 civitas
1354 2564 1534 2620 sollicitudine
1555 2564 1687 2635 pastorali
1711 2565 1762 2620 de-

967 2653 1057 2700 statuta
1081 2647 1192 2718 proprio
1214 2655 1387 2718 recuperetur
1406 2647 1554 2718 pontifice;
1578 2656 1604 2703 et
1622 2649 1667 2721 qui
1686 2648 1762 2705 ordi·

966 2733 1073 2788 naudus
1102 2741 1152 2800 est,
1176 2734 1320 2806 gratiosius
1345 2734 1432 2806 possit
1453 2735 1585 2792 accedere
1606 2754 1614 2790 ε
1636 2736 1699 2808 quia
1718 2737 1763 2793 oui

967 2821 1047 2877 dehet
1062 2821 1095 2875 ab
1110 2821 1237 2877 omnibus
1250 2822 1366 2890 obediri,
1382 2822 1474 2896 utique
1489 2823 1570 2880 debet
1584 2831 1610 2879 et
1623 2824 1658 2879 ab
1673 2824 1764 2880 omni·

966 2909 1017 2964 bus
1036 2909 1120 2982 eligi;
1142 2927 1177 2965 ne
1199 2910 1292 2967 civitas
1316 2927 1371 2967 non
1396 2918 1515 2983 optatum
1538 2912 1696 2984 episcopum
1719 2919 1766 2969 aut

965 3005 1130 3067 contemnat,
1147 3008 1192 3054 aut
1206 2999 1310 3067 oderit;
1327 3008 1354 3056 et
1368 2998 1413 3054 fiat
1426 3001 1516 3056 minus
1531 2999 1670 3073 religiosa,
1682 3017 1765 3074 quam

966 3087 1100 3154 convenit,
1117 3086 1161 3142 cui
1175 3102 1230 3143 non
1244 3087 1318 3143 licuit
1332 3088 1434 3143 habere
1445 3104 1527 3159 quem
1541 3089 1625 3146 voluit
1640 3107 1645 3143 :
1662 3089 1764 3147 hirero

963 3174 1009 3246 qui
1023 3174 1173 3230 ordinaturi
1189 3184 1259 3245 sunt,
1276 3176 1413 3247 inquiam
1429 3176 1547 3233 viderint
1567 3177 1686 3233 omnium
1702 3185 1765 3233 vota

963 3263 1126 3334 propensius
1149 3264 1327 3329 concordare,
1357 3265 1510 3336 promptius
1535 3264 1703 3337 liberiusque
1724 3265 1764 3320 illi

963 3367 1060 3407 manus
1074 3351 1214 3422 imponere
1228 3359 1350 3422 possent.
1370 3350 1542 3424 Quapropter
1565 3368 1627 3408 cum
1650 3353 1761 3409 decreto

963 3438 1764 3513 nostraeelectionismanibussingulorumnostmrumroho·

964 3535 1022 3582 rato
1037 3527 1071 3582 cd
1086 3527 1274 3599 paternitatem
1289 3535 1409 3584 vestram
1430 3529 1602 3597 accedentes,
1624 3529 1763 3586 Hedeuul·

965 3614 1022 3670 ium
1037 3615 1169 3671 Ecclesiae
1182 3623 1283 3672 nostrae
1296 3615 1392 3685 lilium,
1416 3623 1443 3672 ct
1462 3617 1490 3672 in
1512 3617 1637 3674 Ecclesia
1660 3625 1761 3686 nostra,

964 3701 1174 3775 suffragantibus
1189 3704 1385 3775 stipendiorum
1399 3704 1513 3776 meritis,
1535 3706 1571 3761 ad
1591 3722 1660 3763 onus
1674 3722 1763 3778 usque

966 3792 1132 3849 sacerdotale
1151 3801 1315 3864 promotum,
1339 3792 1394 3850 vita
1417 3802 1444 3850 et
1467 3795 1590 3850 moribus
1612 3809 1644 3852 ac
1668 3789 1769 3852 sancta‘

966 3881 1172 3938 conversatione
1186 3882 1314 3939 idoneum
1322 3883 1511 3954 approbatum,
1524 3899 1605 3955 quem
1614 3900 1664 3955 per
1677 3883 1764 3940 licen·

967 3969 1031 4023 tiam
1052 3979 1185 4037 vestram,
1208 3971 1314 4027 favente
1339 3970 1572 4027 Cirristianissimo
1596 3971 1763 4043 imperatore

966 4056 1074 4124 Carolo‚
1091 4059 1151 4129 pari
1164 4075 1301 4116 consensu
1313 4075 1345 4115 ac
1360 4060 1491 4116 concordi
1506 4059 1660 4129 devotione,
1682 4068 1763 4134 atque

966 4145 1092 4202 unanima
1105 4148 1240 4204 voluntate
1254 4148 1398 4220 elegimus,
1415 4165 1464 4219 per
1477 4164 1576 4204 manus
1590 4157 1707 4218 vestros,
1730 4164 1764 4206 ac

966 4243 1127 4292 caeterorum
1142 4244 1241 4292 vestrae
1262 4235 1413 4292 dioeceseos
1437 4244 1593 4292 sanctorum
1615 4237 1763 4309 episcopo·

159 4315 224 4385 Quia
237 4315 369 4373 defuncto
388 4317 485 4373 dilecto
508 4326 535 4373 et
556 4318 706 4373 venerabili
727 4316 861 4373 contraire
883 4331 915 4374 ac
968 4323 1353 4394 rum,consecrari,nobisque
1368 4331 1395 4379 et
1408 4324 1539 4379 Ecclesia
1554 4332 1655 4380 nostrae
1669 4325 1763 4380 docto·

135 4405 314 4462 masscerdote
327 4414 432 4475 nostro,
443 4406 521 4461 Patre
531 4406 697 4463 videlicetac
706 4413 814 4477 pastore
824 4414 915 4462 vestro
929 4394 1025 4462 Drem
1039 4414 1119 4477 atque
1134 4405 1288 4479 pontificem
1302 4407 1403 4461 institui
1418 4406 1603 4477 imploramus,
1616 4422 1761 4477 precamur

136 4489 230 4559 imane,
246 4509 363 4550 necesse
377 4502 460 4549 estut
474 4494 509 4549 de
522 4493 648 4566 eligendo
659 4503 739 4566 atque
750 4494 915 4550 constituen-

138 4579 248 4639 dovobis
261 4590 375 4655 pastore
390 4589 416 4638 et
429 4583 539 4639 doctore
554 4584 704 4639 secundum
716 4583 914 4640 ecclesiasticas

140 4670 230 4741 regulas
243 4671 315 4727 votis
330 4671 431 4726 nostris
444 4671 472 4726 in
487 4688 572 4727 unum
581 4672 698 4728 Domino
707 4670 841 4727 mediante
853 4687 915 4727 con·

141 4759 301 4832 radientibus,
317 4761 466 4832 premissis
479 4760 589 4830 jejuniis
604 4775 635 4816 ac
656 4761 809 4815 litaniarum
830 4760 914 4816 obse-

142 4847 293 4916 crationibus,
314 4856 433 4905 tractare
457 4849 615 4920 quantocius
639 4849 790 4916 maturetis,
814 4857 841 4903 et
865 4865 914 4903 ex-

143 4944 200 4991 emto
212 4953 243 4994 eo
257 4955 272 4993 a
287 4954 341 5010 qno
355 4945 397 4994 est
412 4953 494 4994 omne
507 4938 608 4994 dotum
621 4941 769 5011 optimum,
791 4941 819 4992 et
832 4953 914 4993 omne

143 5019 226 5081 boum
237 5031 406 5099 perfectum,
419 5027 519 5098 quique
528 5026 593 5082 iacit
602 5026 744 5082 unanimes
756 5025 875 5080 habitare
886 5025 914 5080 in

144 5106 220 5183 domo;
233 5116 268 5172 ita
283 5132 333 5173 tos
346 5131 402 5172 nna
415 5132 476 5172 cum
491 5115 587 5171 studiis
602 5115 681 5184 hujus
694 5114 843 5171 venerandi
856 5113 913 5169 ira·

966 4511 998 4551 ac
1011 4496 1138 4567 petimus.
1154 4495 1294 4566 Elegimus
1307 4503 1396 4551 autem
1410 4512 1473 4552 eum
1487 4495 1566 4551 nobis
1587 4495 1646 4551 iore
1669 4503 1762 4565 pasto-

964 4600 1021 4639 rem
1038 4600 1118 4656 quem
1132 4583 1288 4655 apostolicae
1301 4583 1407 4652 lormae,
1431 4600 1485 4656 qua
1504 4584 1660 4655 episcopum
1674 4598 1758 4639 orna·

965 4679 1020 4726 tum
1034 4672 1128 4728 beatus
1143 4672 1239 4727 Paulus
1259 4689 1320 4728 esse
1342 4681 1468 4745 oportere
1490 4672 1667 4740 demonstrat,
1693 4687 1758 4728 con·

964 4777 1081 4833 gruere,
1111 4768 1138 4816 et
1164 4761 1247 4816 sacris
1271 4778 1324 4817 non
1344 4750 1459 4817 ¹obviare
1484 4761 1633 4816 canonibus
1659 4759 1758 4816 Christi
1832 4806 1837 4822 ,

964 4850 1050 4922 gratia
1063 4859 1227 4923 cooperante
1241 4851 1411 4907 confidimus.
1438 4847 1555 4905 Oramus
1571 4857 1691 4905 sanctam
1706 4865 1757 4920 pa-

964 4938 1117 4995 ternitatem
1131 4950 1250 4996 vestram
1265 4955 1336 4995 nrrnc
1350 4947 1376 4994 et
1390 4954 1498 5010 semper
1520 4938 1548 4993 in
1567 4939 1673 4994 Christo
1688 4939 1757 4994 bene

964 5027 1067 5085 valere.

999 5117 1098 5173 Datum
1112 5116 1205 5189 quinto
1218 5117 1352 5172 Kalendas
1363 5115 1479 5189 Apriles,
1491 5117 1639 5175 inbasilicn
1654 5122 1755 5172 sanctae

143 5197 177 5252 lo's
187 5216 213 5258 ac
225 5205 378 5276 coepiscopi
393 5205 489 5270 noshi,
501 5204 704 5260 cuisecundum
717 5203 914 5260 institutionem
963 5206 1053 5263 Marias
1067 5206 1204 5279 genitricis
1219 5206 1268 5260 Dei
1283 5213 1309 5261 et
1323 5206 1430 5261 Domini
1445 5207 1531 5263 nostri
1554 5206 1619 5263 Jesu
1642 5201 1755 5272 Christi,

143 5293 276 5349 monitam
291 5295 438 5350 visitatoris
452 5292 569 5349 officium
583 5292 915 5362 iulleclesiacujusamo-
963 5310 1034 5350 anno
1064 5293 1258 5349 iucarnationis
1289 5294 1411 5364 ejusdem
1438 5294 1545 5351 Domini
1577 5295 1663 5350 nostri
1690 5294 1755 5350 Jesu

143 5389 164 5429 re
174 5393 199 5435 cc
210 5382 300 5456 rigore
315 5382 454 5445 fovemini,
470 5381 665 5452 delegavimus,
684 5382 710 5436 in
726 5381 857 5437 electione
872 5397 914 5438 re·
963 5382 1062 5438 Christi
1077 5385 1137 5448 ato,
1154 5383 1230 5453 regni
1244 5382 1336 5439 domni
1351 5384 1440 5440 Caroli
1455 5383 1626 5454 imperatoris
1648 5397 1751 5456 xxxvi,

141 5464 209 5533 illiti
221 5471 392 5529 concorditer
405 5469 513 5527 uniatis.
530 5470 624 5527 Talem
638 5479 729 5526 autem
746 5470 824 5526 vobis
839 5469 913 5527 lutn-
963 5480 990 5528 et
1001 5470 1105 5543 imperii
1120 5472 1217 5544 primo,
1233 5471 1379 5531 indictione
1395 5489 1474 5528 nona.
