3794 6104
53 218 103 273 877

56 430 105 484 riis
116 429 215 494 causis,
232 437 351 483 uestram
367 429 573 500 adimplebimus
589 430 753 484 voluntatem
772 449 777 482 :
795 431 858 500 quia

56 526 151 572 restro
166 518 256 588 sagaci
283 517 396 572 consilio
419 518 609 588 communique
634 534 779 582 consensu,
797 534 857 588 quae

56 622 109 676 pro
123 622 193 677 pacc
208 606 329 661 lratcrna
343 613 367 659 et
383 622 433 675 pro
449 614 527 659 terra
543 616 640 660 nostrae
650 623 681 661 ac
696 615 793 660 restrae
809 607 857 659 de-

55 693 192 759 fensione,
209 694 265 748 sire
277 694 475 749 Saracenorum
487 694 647 763 perditione,
660 694 857 748 consideranda

56 790 84 836 et
99 780 266 852 perlicienda
283 790 355 847 sunt,
371 797 506 854 peragere
522 782 654 851 cupimus.
673 781 854 852 Quapropter,

55 870 128 926 sicut
144 886 195 926 nos
218 879 336 925 restrum
360 870 483 924 volumus
505 870 671 926 desiderium
686 879 711 924 ct
727 871 856 924 honorem

56 959 144 1014 alacri
172 966 263 1013 mente
290 957 410 1028 implere,
437 959 472 1012 ita
494 974 600 1029 quoque
622 966 648 1012 ct
672 974 721 1012 ros
736 957 780 1010 illa
796 973 856 1027 quae

55 1056 153 1102 nostro
180 1045 329 1117 apostolico
359 1046 469 1100 culmini
498 1054 559 1098 sunt
587 1045 728 1110 decentia,
759 1047 857 1099 rlcrota

55 1143 149 1189 mente
164 1134 269 1189 debetis
285 1149 430 1204 peragere;
456 1134 580 1203 quamvis
595 1133 620 1186 in
637 1134 688 1187 lroc
704 1134 856 1202 reprehen-

56 1223 137 1278 sione
160 1237 215 1277 non
236 1221 342 1277 modica
364 1220 440 1292 digni
465 1220 627 1286 videamini,
648 1221 721 1292 quod
743 1220 856 1289 sumptis

55 1311 142 1367 armis
157 1317 252 1366 contra
266 1294 420 1380 Capuanos,
447 1309 517 1363 inter
539 1309 664 1363 assiduas
688 1324 856 1380 paganorum

57 1399 249 1469 persecutione
278 1397 471 1461 consistentes,
501 1397 627 1466 persequi
650 1406 675 1451 et
698 1397 857 1468 impugnare

56 1486 299 1556 praesumpseritis,
316 1493 458 1555 antequam
474 1501 569 1538 eorum
584 1484 678 1554 culpas
689 1484 768 1537 nobis
784 1499 857 1537 vcra·

57 1575 129 1630 citer
150 1574 274 1644 cognitas
302 1572 444 1626 fecissetis.
471 1573 554 1625 Porro
577 1573 611 1625 de
635 1572 772 1626 mancosis
788 1586 857 1641 quos

56 1679 110 1733 pro
125 1662 283 1717 defensione
299 1669 377 1716 terrae
401 1661 429 1715 S.
456 1661 524 1715 Petri
540 1660 665 1714 dedimus
682 1669 707 1714 le
723 1668 857 1730 praesente
874 1686 900 1745 Β

56 1749 241 1815 amalfitanis,
258 1748 382 1805 uolumus
391 1758 418 1803 ιιι
430 1749 541 1802 eosdem
549 1763 692 1803 mancosos
703 1748 755 1818 ipsi
768 1748 858 1802 Amal·

58 1838 135 1894 titani
150 1837 271 1894 delerent
286 1853 379 1892 secum
396 1836 505 1905 nauigio
520 1852 606 1906 usque
622 1836 649 1889 in
664 1844 769 1905 portum
784 1835 859 1890 urbis
930 1877 934 1886 .

59 1927 201 1989 Romanae,
218 1924 345 1996 quoniam
361 1924 428 1977 salvi
453 1932 479 1978 et
502 1924 591 1978 securi
607 1923 643 1977 ibi
658 1925 818 1986 manehunt3
834 1930 860 1977 et

59 2023 124 2068 tnnc
140 2021 253 2083 accepta
278 2029 293 2066 a
315 2012 394 2066 nobis
423 2012 500 2082 prius
529 2011 681 2066 securitatis
701 2011 858 2081 sponsione,

59 2100 136 2172 ipsos
152 2101 231 2156 nobis
245 2115 390 2155 mancosos
416 2100 532 2153 reddere
551 2108 708 2168 procurent,
726 2107 860 2169 quatenus
945 2140 950 2150 .

58 2198 156 2245 nosha
170 2188 365 2259 recipientibus
380 2188 468 2249 nobis,
486 2187 586 2240 nnllam
595 2202 646 2256 pro
656 2187 698 2240 his
713 2187 746 2241 dc
762 2196 860 2241 caetero

59 2278 198 2348 patientur
212 2276 382 2331 calumniam.

421 2461 507 2515 cett.

290 2588 326 2626 tn
340 2585 453 2625 eunucu
468 2582 633 2622 aarscoeua.

366 2697 456 2761 (Anno
472 2695 546 2755 879.)

65 2824 145 2878 Dolet
163 2822 262 2904 Capera
287 2819 451 2903 discordias·
464 2833 523 2900 esse
546 2816 862 2899 eaecitateaqsichifirot

98 2909 128 2947 se
141 2893 300 2963 Trayectom
309 2894 429 2954 iterem,
442 2889 532 2959 rbrqee
544 2887 575 2940 de
588 2887 728 2956 hardulfo
738 2901 863 2957 episcopo

97 2964 199 3027 eiecto,
215 2964 296 3033 cajus
309 2960 555 3027 confirmationem
570 2959 702 3029 petierat,
719 2961 861 3011 acturam.

98 3074 338 3133 Reuerendissimn
354 3081 381 3127 ct
397 3072 568 3127 sanctissimo
584 3072 670 3125 [ιιοιι
685 3070 824 3141 episcopo.

98 3163 299 3221 Sacerdotalem
315 3177 408 3218 euram
433 3170 459 3215 et
482 3159 700 3221 sollicitudinem,
717 3174 797 3228 quam
814 3173 864 3228 pro

659 218 834 274 littstotn
853 219 898 274 ET
917 220 1089 276 nectura.

55 350 82 396 et
98 351 163 397 tunc
180 341 237 397 sire
253 342 286 396 de
302 341 414 411 praelato
431 341 526 404 elireto,
540 342 595 396 sive
606 343 640 395 de
656 342 716 396 aliis
731 357 858 397 necessa·
874 343 899 404 Α

1256 344 1354 400 ccttt.

1082 455 1117 494 tn
1139 455 1305 498 sannuncurt
1322 457 1531 499 assentaneus.

1217 512 1307 567 (Anno
1323 513 1397 582 879.)

909 607 1018 659 tondeat
1028 623 1093 661 eam
1103 609 1173 678 quod
1183 608 1220 662 ad
1229 611 1578 693 propinquorumsuoram
1585 613 1697 669 insidia·

944 677 1089 732 eeitcndos
1105 678 1198 748 Caprea
1208 682 1298 748 fueret
1313 696 1448 750 opressus,
1469 686 1498 737 et
1514 684 1545 736 in
1559 683 1705 741 discordiis

943 747 1075 802 sectandis
1086 749 1373 820 elaboret,·sipnificat
1389 752 1547 822 Trajcctam
1556 769 1585 808 ae
1595 755 1702 810 ttarrrrr

944 817 1034 887 ibique
1044 818 1077 871 de
1088 821 1148 887 ejas
1159 819 1295 875 electione
1311 820 1543 877 deliberaturum.

945 911 1093 965 lasnutro
1107 913 1253 968 venerabili
1267 916 1429 987 presbytero
1444 925 1470 972 et
1483 917 1579 975 electo.

944 998 1012 1065 Quia
1028 999 1239 1055 discordantium
1250 1011 1393 1072 parentum
1406 1013 1512 1059 tuorum
1528 1005 1640 1061 insidias
1653 1006 1702 1063 de·

907 1087 1043 1151 elinando,
1061 1096 1087 1141 et
1102 1104 1134 1142 ex
1149 1089 1215 1142 urbc
1238 1090 1363 1161 Capuana
1387 1093 1565 1162 egrediendo,
1591 1093 1618 1149 ia
1633 1094 1706 1150 anti-

908 1190 962 1244 qua
977 1183 1077 1229 sanctae
1093 1175 1360 1247 ecclcsiaeCapuanae
1370 1179 1445 1248 sede,
1455 1180 1565 1237 nomine
1579 1181 1707 1240 videlicet

908 1262 935 1316 S.
949 1263 1076 1332 Stephani
1092 1265 1296 1335 protomartyris
1319 1265 1480 1340 relulgente,
1496 1284 1567 1326 nunc
1581 1269 1705 1328 habitere

908 1357 933 1404 te
948 1351 1059 1416 asseris,
1076 1360 1158 1422 atque
1174 1368 1236 1408 cum
1260 1352 1355 1408 vicinis
1377 1355 1511 1426 episcopie
1534 1357 1642 1413 assidue
1657 1359 1706 1416 de·

908 1447 1008 1503 certas,
1023 1447 1051 1491 ut
1065 1439 1136 1493 male
1148 1439 1250 1495 divisos
1273 1441 1393 1496 adunare
1415 1452 1496 1514 atque
1517 1441 1706 1503 discordantes

907 1524 1061 1594 pacilicare,
1080 1527 1138 1581 Dco
1154 1525 1272 1597 serente,
1289 1529 1390 1600 possis,
1412 1537 1520 1602 gratum
1541 1533 1708 1604 recepimus.

908 1611 978 1680 Quia
990 1622 1016 1667 et
1030 1621 1091 1668 ante
1114 1624 1271 1686 susceptum
1295 1603 1412 1672 officium
1432 1633 1547 1690 eaquae
1565 1628 1629 1676 suat
1641 1620 1706 1679 boni

908 1701 1024 1771 pastoris
1039 1702 1158 1774 peragis,
1170 1703 1197 1756 in
1214 1719 1267 1775 quo
1283 1704 1386 1761 scilicet
1400 1712 1429 1760 ut
1443 1722 1605 1777 perseveres
1619 1709 1709 1769 horta·

909 1806 969 1843 mur
985 1806 1069 1859 usquc
1092 1791 1125 1844 ad
1147 1799 1270 1845 nostrum
1294 1791 1439 1864 specialem
1464 1795 1619 1865 adventum,
1637 1812 1708 1868 quo·

909 1892 991 1943 mam,
1016 1878 1073 1931 neo
1097 1878 1223 1948 propitio,
1249 1895 1299 1950 pro
1319 1890 1441 1935 vestrum
1464 1881 1585 1939 omniun
1609 1883 1707 1953 salute,

909 1965 1053 2019 concordia
1082 1973 1107 2019 et
1136 1981 1213 2036 pace,
1243 1967 1371 2023 Kalendis
1400 1968 1566 2025 Octobribus
1582 1970 1708 2031 volumus

909 2053 1060 2121 trajectum
1089 2054 1191 2120 venire,
1221 2053 1313 2125 ibique
1341 2071 1404 2112 cum
1427 2056 1565 2114 Guaileric
1583 2057 1707 2130 glorioso

910 2141 1042 2211 principe,
1059 2149 1086 2195 et
1101 2158 1163 2197 cum
1176 2141 1237 2196 aliis
1262 2142 1368 2198 eximiis
1382 2145 1540 2214 parentibus
1554 2144 1608 2201 tuis
1621 2145 1705 2220 loqui,

910 2237 935 2283 ct
950 2229 1076 2284 ordinare
1091 2230 1208 2300 primum
1224 2247 1256 2285 ea
1270 2248 1330 2302 quae
1350 2232 1430 2288 nobis
1444 2239 1470 2288 et
1484 2233 1562 2290 vobis
1577 2242 1642 2291 sunt
1654 2250 1707 2292 ne·

910 2317 1031 2372 cessaria
1045 2325 1197 2389 vestraeque
1210 2318 1270 2389 paci
1285 2327 1311 2374 et
1325 2319 1431 2376 utilitati
1453 2319 1584 2392 proficua,
1600 2329 1629 2379 et
1641 2329 1707 2382 tunc

804 2456 811 2463 ,
911 2404 1116 2475 protectionem
1131 2414 1204 2460 tuam
1217 2407 1369 2463 secundum
1390 2423 1485 2465 sacros
1505 2424 1634 2480 mones,
1650 2424 1708 2469 cm·

911 2492 990 2546 nibus
1004 2491 1164 2563 pacificatis,
1180 2511 1322 2568 peragere.

1271 2591 1385 2648 Cssllll.

1112 2703 1149 2742 tn
1168 2703 1313 2744 anement(
1331 2701 1513 2747 ementem

1221 2760 1399 2831 (moras.)

914 2853 1013 2923 ‚trpeit
1044 2854 1099 2908 eod
1110 2870 1162 2909 trec
1175 2855 1266 2926 scedas
1280 2871 1346 2911 cnm
1354 2858 1475 2940 paganis
1486 2857 1579 2914 atam
1587 2859 1711 2930 ruperit,

949 2940 999 2978 acc
1035 2924 1152 2979 itionem
1166 2926 1261 2979 sancti
1275 2925 1364 2995 Petri,
1375 2931 1451 2982 emet
1469 2928 1648 2999 promiserat,
1663 2927 1714 2983 de·

949 2993 1093 3061 teuderii:
1105 2996 1240 3077 precipit
1255 2998 1289 3049 at
1300 2997 1453 3068 peceatum
1467 3013 1518 3070 pro
1528 3013 1562 3054 ec
1576 2998 1714 3056 relictam

951 3063 987 3117 od
997 3080 1025 3118 sc
1039 3068 1179 3119 rerrtrttat.

952 3160 1057 3216 Dilecto
1073 3161 1132 3215 tiro
1148 3161 1268 3215 euacua
1282 3161 1421 3232 praelecto.

60 3254 198 3311 Ecclesia
211 3252 260 3308 Dei
277 3249 389 3304 utilitate
413 3248 561 3319 populique
585 3246 732 3302 concordia
756 3253 782 3300 et
796 3261 865 3315 pace
952 3248 1004 3303 l‘ro
1021 3247 1107 3302 salute
1130 3248 1229 3302 anima
1252 3257 1305 3303 tuae
1329 3265 1362 3304 ac
1385 3263 1434 3319 pro
1457 3248 1618 3306 defensione
1632 3250 1714 3308 tetius

62 3357 200 3416 peragere
219 3339 313 3410 procul
335 3337 419 3392 dubio
442 3337 541 3393 debent
564 3334 671 3389 Domini
694 3334 862 3397 sacerdotes,

59 3430 158 3486 litteris
173 3429 225 3483 tuis
240 3427 357 3494 relectis,
375 3433 401 3479 te
417 3424 523 3480 lucillae
537 3423 639 3477 habere
655 3421 863 3494 cognoscimus;

59 3520 129 3574 dum
145 3517 194 3571 Dei
209 3515 380 3586 proximique
396 3512 541 3567 dilectione
557 3510 699 3575 sollicitus,
717 3509 793 3564 doles
810 3509 864 3563 Ca-

58 3621 179 3679 puanos,
196 3603 302 3658 nobiles
324 3601 426 3657 scilicet
447 3600 532 3664 uiros,
554 3598 674 3654 fraterno
696 3597 799 3652 hedera
815 3613 864 3666 per

58 3692 251 3765 jusjurandum
266 3691 337 3744 inter
361 3705 408 3743 eos
431 3687 524 3742 habito
548 3687 673 3757 nequiter
686 3692 812 3754 corrupto
828 3684 864 3738 ad

916 3335 1132 3404 Christianitatis
1158 3351 1232 3406 quae.
1259 3343 1286 3390 te
1307 3351 1369 3391 cum
1391 3337 1508 3409 paganis
1529 3344 1638 3408 pactum
1660 3339 1713 3395 he·

915 3424 1007 3487 beate,
1025 3422 1144 3493 quotidie
1160 3423 1334 3493 depraedatur
1358 3431 1438 3496 atque
1461 3424 1592 3481 inditam
1605 3425 1715 3484 metiar

915 3511 1110 3581 captiuitatem,
1136 3509 1221 3564 multa
1242 3511 1289 3565 tibi
1314 3520 1340 3566 et
1360 3511 1459 3583 populo
1474 3519 1530 3578 luc,
1547 3520 1716 3586 quaepatie-

916 3599 987 3663 lasti,
1004 3598 1119 3654 lecimus
1135 3598 1216 3652 bona.
1232 3598 1347 3669 Insuper
1362 3599 1457 3655 decem
1471 3599 1559 3656 millia
1572 3615 1716 3659 mmcccc-

915 3703 976 3740 rum
1004 3685 1109 3756 argenti
1137 3686 1264 3740 dedimus
1286 3686 1334 3740 tibi
1356 3693 1385 3741 ut
1408 3695 1509 3743 terrem
1530 3688 1713 3746 sanciretur·

61 3798 157 3839 aeram
171 3779 334 3835 discordiam
354 3785 380 3832 et
402 3774 571 3831 inimicitiam
591 3773 761 3844 peruenisse,
777 3771 863 3826 etad·
914 3783 994 3845 rupto
1010 3773 1115 3828 loedere
1131 3788 1299 3845 paganorum
1314 3772 1491 3842 detenderes3
1508 3775 1581 3848 quod
1603 3783 1633 3832 tu
1650 3790 1713 3834 cum

60 3873 117 3926 huc
139 3870 166 3924 in
189 3885 221 3922 ea
242 3864 393 3938 improuida
415 3872 504 3919 mente
527 3861 687 3924 consistere,
711 3869 792 3931 atque
812 3875 863 3930 pro
914 3862 966 3916 tuis
981 3878 1029 3932 per
1040 3861 1231 3930 jusjurandum
1255 3860 1344 3918 lacere
1365 3861 1525 3934 promisisti,
1550 3863 1599 3920 scd
1613 3863 1712 3922 durare

59 3957 199 4016 tantulo
213 3953 362 4011 venerabili
378 3952 548 4022 presbytero,
575 3957 601 4004 ει
615 3948 822 4004 electoarobis
838 3955 864 4002 ct
911 3949 1007 4016 judicii
1023 3949 1073 4004 Dei
1088 3949 1251 4020 postposito,
1283 3966 1373 4021 neque
1392 3959 1500 4021 pactum
1520 3950 1645 4024 iniquum
1663 3951 1717 4009 dla-

59 4046 141 4104 omni
156 4041 317 4100 sacerdotali
331 4048 403 4097 coetu
417 4040 601 4109 nobiliumque
616 4047 736 4100 catena,
753 4044 863 4091 cuncto·
914 4053 1042 4107 rumpere
1058 4036 1176 4099 uoluisti,
1194 4053 1283 4109 neque
1297 4046 1409 4109 propter
1419 4038 1610 4108 jusjurandum
1623 4039 1714 4098 littora

58 4150 117 4209 que
131 4131 233 4204 populo
247 4132 383 4200 Capuanae
397 4127 522 4191 ciuitatis,
539 4123 677 4196 pontificio
692 4132 784 4179 nostro
799 4139 863 4194 sup·
914 4134 1005 4180 nostra
1015 4124 1173 4190 defendere,
1184 4125 1232 4180 sed
1242 4125 1333 4195 potius
1348 4125 1502 4196 depraedari
1512 4126 1648 4186 diabolico
1658 4128 1716 4198 jttm

57 4224 161 4297 plicas,
190 4226 320 4291 quatenus
350 4233 411 4271 cum
435 4231 488 4270 non
511 4212 667 4268 dilleramus
689 4227 775 4267 sacrae
790 4209 861 4281 plebi
909 4213 964 4266 turi
980 4212 1129 4281 subjectus,
1145 4212 1289 4281 permittis,
1315 4220 1342 4268 et
1356 4213 1383 4267 in
1398 4214 1496 4270 animae
1511 4222 1564 4269 tae
1577 4215 1711 4285 perditio-

57 4312 201 4382 Capuanae
216 4306 360 4362 antistitem
381 4304 518 4358 ordinare.
540 4301 597 4356 Nos
616 4309 715 4364 autem,
731 4297 861 4369 pastorali
920 4316 981 4354 nem
997 4299 1134 4353 consentis
1150 4314 1215 4352 ores
1229 4298 1349 4369 pretioso
1374 4298 1473 4355 Christi
1486 4315 1583 4359 cruore
1597 4302 1715 4374 acqrusi·
1736 4311 1741 4330 ¹

59 4395 248 4455 sollicitudine
272 4394 346 4460 moti,
371 4392 511 4446 vobiscum
537 4389 661 4442 similiter
684 4385 861 4441 condolemus
875 4374 901 4432 D
913 4395 951 4440 tas
966 4386 1029 4441 duci
1043 4385 1174 4456 captivus.
1190 4386 1223 4438 Et
1239 4385 1300 4440 ideo
1314 4385 1427 4456 dignum
1448 4392 1489 4440 est
1503 4395 1532 4441 ιιι
1545 4387 1620 4458 ipsos
1635 4404 1699 4445 man
1788 4407 1796 4419 ·

59 4488 166 4544 fratres
181 4492 207 4539 ει
222 4483 389 4554 propinquos
405 4495 455 4551 pro
466 4478 556 4534 saculi
567 4476 712 4547 cupiditate
723 4474 750 4528 in
760 4480 861 4527 tantam
911 4489 1001 4539 cosos,
1018 4489 1087 4543 quos
1103 4472 1150 4527 tibi
1174 4488 1223 4543 pro
1244 4471 1403 4528 defensione
1423 4480 1503 4528 terrae
1518 4481 1619 4532 nostrae
1634 4475 1710 4533 dedi·

58 4572 212 4632 discordia
236 4580 262 4626 et
285 4568 431 4625 inimicitia
455 4565 611 4636 uoraginem
636 4564 791 4625 demersos,
813 4574 862 4630 pro
912 4578 981 4626 mus,
1010 4560 1182 4630 recipiamus.
1213 4558 1385 4632 Quapropter
1404 4560 1529 4617 volumus
1551 4562 1708 4620 utecsdern

61 4662 167 4736 quibus
194 4675 269 4724 sane,
291 4659 351 4714 Dec
378 4654 504 4727 propitio,
530 4650 714 4724 pacificandis,
739 4648 863 4704 uolumus
913 4665 1056 4704 rnancoscs
1071 4666 1121 4719 per
1136 4656 1196 4703 tuos
1211 4647 1307 4705 fideles
1316 4647 1494 4705 tmdntanos
1504 4664 1590 4722 usque
1605 4650 1633 4705 ia
1646 4666 1710 4724 por·

60 4749 198 4807 Kalendis
222 4745 387 4802 Octobribus
410 4744 562 4811 Traiectum
577 4740 680 4804 venire,
708 4744 733 4791 et
748 4736 785 4790 ibi
801 4750 864 4790 cum
913 4746 970 4792 tum
984 4737 1060 4791 urbis
1075 4737 1205 4793 hnmanae
1219 4737 1297 4792 nobis
1312 4736 1421 4808 navigio
1442 4736 1582 4793 venientes
1596 4752 1709 4794 reman-

60 4836 210 4895 Guailerio
222 4834 355 4907 principe,
372 4841 452 4903 atque
471 4829 621 4896 uobiscum,
637 4835 739 4881 etcum
756 4825 864 4895 Capua·
914 4826 973 4892 des,
991 4825 1117 4897 quoniam
1132 4825 1184 4895 ipsi
1200 4823 1353 4879 amalfitani
1368 4823 1436 4878 salvi
1450 4831 1477 4878 et
1491 4823 1581 4880 securi
1596 4824 1633 4880 ibi
1647 4841 1709 4883 ma·

61 4927 109 4984 nis
126 4924 286 4996 carensque
301 4917 593 4988 vestratibusloqui,et
608 4915 734 4969 ordinare
748 4912 865 4983 primum
915 4915 1025 4980 nebunt,
1056 4921 1082 4968 et
1111 4922 1173 4968 tunc
1201 4919 1313 4981 accepta
1332 4911 1407 4981 prius
1430 4911 1545 4967 anobis
1558 4912 1709 4971 recantatis

61 5031 97 5072 ea
113 5029 177 5085 quaa
190 5011 269 5067 nobis
293 5019 319 5065 et
342 5008 419 5065 robis
444 5014 506 5062 sunt
527 5002 697 5068 neccssaria3
715 5008 740 5054 et
755 5008 818 5054 tunc
832 4999 866 5053 dc
916 5003 1073 5073 sponsione,
1089 4999 1215 5071 praelatos
1230 5014 1375 5054 mancosos
1391 4999 1470 5053 nobis
1484 5000 1601 5056 reddere
1610 5015 1711 5072 precu-

60 5106 127 5175 ipso
141 5101 229 5157 electo
245 5107 362 5155 uestram
377 5095 524 5152 secundum
542 5106 635 5147 sacros
649 5105 769 5145 canones
785 5087 868 5142 adim·
917 5097 986 5156 rent,
1010 5097 1141 5160 quatenus
1165 5094 1259 5141 nostra
1281 5085 1454 5156 recipientes,
1480 5086 1581 5143 nullam
1604 5087 1652 5143 tibi
1667 5088 1713 5146 rel

55 5189 205 5266 ⁴plebimus
219 5189 383 5245 voluntatem
399 5203 405 5237 :
423 5182 565 5239 etidcirco
580 5194 662 5251 grave
677 5177 868 5232 rronrideatur
916 5177 1016 5249 populo
1029 5183 1075 5230 tuo
1090 5174 1237 5230 inieramus
1261 5172 1435 5229 calumniam.
1461 5174 1529 5229 Nam
1553 5182 1580 5230 et
1600 5176 1712 5238 dromo·

62 5277 211 5339 dilectioni
225 5285 323 5333 uestrae
338 5282 472 5340 nostrum,
490 5279 518 5324 ut
532 5270 633 5323 dictum
648 5273 698 5333 ast,
723 5263 867 5335 specialem
917 5266 996 5319 nibus
1025 5262 1126 5317 nostris
1154 5261 1333 5333 precepimus
1357 5269 1386 5316 ut
1409 5260 1578 5322 nullomodo
1593 5261 1713 5337 aliquem

60 5365 224 5442 praeceleri
248 5366 403 5420 adventum.
431 5363 518 5419 Unam
541 5358 627 5412 talem
652 5352 792 5408 adelchisi
807 5351 868 5422 cpi·
918 5351 1018 5422 populo
1042 5358 1086 5404 tuo
1109 5347 1209 5405 iaciant
1232 5347 1459 5446 contrarietatem,
1483 5348 1505 5404 si
1530 5351 1715 5415 temerantur

63 5474 173 5529 acopo:
185 5456 345 5510 etaltercm
355 5453 467 5520 lupera
483 5449 617 5520 episcopo.
919 5440 992 5511 ipsos
1014 5451 1157 5492 mancosos
1172 5436 1263 5491 salros
1279 5434 1440 5490 reddideras.
