3794 6104
134 221 186 276 ott
319 246 322 253 ·
769 221 918 280 tOtNNts
946 225 1042 285 PAPAE
1071 231 1142 288 vttl.
1732 245 1803 304 otta

135 343 284 412 desiderat,
300 342 324 400 si
343 359 391 400 rex
404 343 458 401 dici
473 344 564 412 debet,
581 345 627 418 qui
650 361 738 418 neque
762 362 820 416 vos,
841 364 930 421 neque
939 354 968 414 Α
983 353 1146 423 Saracenos,
1163 374 1231 430 quos
1242 360 1300 429 iam
1314 376 1363 432 per
1376 375 1441 417 suos
1455 360 1695 434 familiarissimos,
1706 381 1803 439 aeque

134 433 309 504 semetipsum
324 449 423 506 regere
437 433 530 500 valuit,
546 434 690 506 quominus
707 436 827 491 absentis
841 436 931 493 fratris
982 441 1145 514 Saracenos,
1175 446 1366 515 invitaverant,
1400 450 1428 505 in
1452 450 1602 506 Romanam
1629 453 1728 509 urbem
1748 454 1803 515 etl

134 521 213 596 regni
235 537 332 594 pacem
350 523 561 593 corrumperet),
596 539 679 594 quam
711 531 826 580 cunctos
849 526 931 581 vestri
980 531 1162 601 perditionem
1176 535 1295 591 omnium
1323 538 1505 595 intromittere
1519 540 1681 596 valuissent.
1698 542 1803 598 Curn-

135 610 215 682 regni
228 610 363 677 homines,
379 609 538 666 vocelibers
552 611 730 678 moneatis,et
744 611 780 668 ab
790 612 931 671 invasione
981 635 1033 690 que
1043 635 1093 676 nos
1108 630 1201 678 contra
1217 631 1360 697 utramque
1379 625 1514 698 fraudem,
1527 627 1642 696 juvante
1652 630 1803 699 Domino.

137 698 195 753 sive
209 699 389 769 oppressione
417 697 523 770 imperii
538 699 629 755 dilecti
656 698 704 754 filii
728 700 813 756 nostri
842 701 930 757 Caroli
980 717 1150 779 praeparatos
1164 712 1306 781 vidissent,
1324 721 1351 769 et
1365 714 1509 771 imminere
1524 715 1575 771 sibi
1589 716 1690 785 judicii
1705 725 1803 774 statu-

135 801 245 856 semper
257 787 374 858 Augusti
388 785 507 842 funditus
531 786 673 844 retrahatis
694 807 701 854 ;
735 804 930 862 nunquamque
980 803 1037 851 turn
1051 797 1124 853 diem
1137 809 1346 873 cognoscerent,
1358 802 1466 874 decepti
1480 820 1510 859 se
1534 820 1598 861 curn
1616 805 1803 877 quibusdan

133 873 167 929 de
182 872 296 945 reliquo,
311 875 370 930 sive
384 872 585 943 blandimentis,
597 875 655 933 sive
665 876 826 942 terroribus,
838 892 932 933 assen-
980 884 1037 940 suis
1051 887 1239 957 complicibus,
1256 889 1382 945 videlieet
1396 890 1529 949 formoso
1548 893 1694 965 episcopo,
1722 895 1796 952 Ste-

133 976 193 1018 sum
214 961 371 1034 quemlibet,
396 960 554 1019 favoremve
574 964 708 1034 praestetis
735 964 770 1019 ad
793 963 930 1020 funestum
978 972 1070 1042 phano
1084 975 1282 1043 secundicerio,
1299 985 1325 1033 et
1340 977 1438 1051 Sergio
1451 979 1587 1053 magistro
1612 981 1742 1049 militum,
1758 993 1796 1044 et

132 1049 254 1123 praelium
268 1048 451 1131 inferendum,
476 1058 504 1107 et
518 1051 733 1107 Christianorum
749 1053 927 1124 sanguinem,
979 1060 1157 1119 Constantino
1172 1065 1403 1121 nomenculatoris
1416 1066 1482 1136 lilio,
1502 1084 1572 1140 quos
1602 1084 1659 1125 non
1684 1078 1788 1133 uostrae

131 1137 205 1211 qnod
219 1138 351 1194 Dominus
364 1138 502 1205 averterit,
529 1137 733 1195 effundendum·
750 1140 820 1195 ΝΜ
835 1141 928 1210 cnjus·
978 1150 1165 1207 conventionis
1176 1151 1317 1222 judicium,
1335 1154 1384 1210 sed
1398 1163 1491 1211 reatus
1505 1156 1629 1228 propriae
1639 1159 1784 1217 conscien-

131 1242 238 1299 cunquc
256 1227 292 1282 sit
316 1225 489 1282 sublimitatis
516 1225 691 1298 digniitiiste
714 1243 843 1298 per⁵0⁰82
868 1243 929 1301 quis
978 1236 1022 1293 tiae
1038 1237 1202 1310 stimulabat,
1224 1249 1319 1297 contra
1343 1242 1457 1299 salutern
1485 1244 1647 1316 reipublicae
1663 1254 1692 1302 et
1705 1251 1780 1322 regui

129 1313 309 1386 praesentibus
322 1312 419 1386 legatis
432 1313 542 1384 nostris,
557 1315 661 1370 Ioanne
680 1314 823 1385 Siculensi‚
847 1315 927 1371 item·
978 1324 1070 1382 dilecti
1094 1325 1141 1382 filii
1168 1329 1252 1384 nostri
1274 1329 1364 1385 Caroli
1384 1331 1551 1387 serenissimi
1571 1333 1721 1406 principis,
1740 1336 1775 1394 cui

131 1402 298 1474 queiotnne
308 1401 847 1474 Tuscanensi,venerabilibusepiseopis,
859 1419 928 1476 quos
977 1428 1088 1486 semper
1101 1415 1225 1472 infideles
1234 1415 1349 1484 fuemnt,
1366 1419 1480 1489 etcujus
1489 1422 1665 1491 provectioni
1676 1439 1774 1496 semper

128 1490 189 1546 vice
203 1496 296 1544 nostra
319 1488 411 1560 [Forte
433 1489 510 1546 deest
530 1489 664 1555 misimus,
692 1489 802 1563 litam]
825 1490 885 1546 ilias
899 1492 928 1547 in
978 1500 1165 1570 detraxerunt,
1181 1505 1370 1575 conspirantes
1394 1507 1533 1563 nescimus
1548 1524 1607 1581 quo
1621 1509 1769 1581 profecturi,

129 1584 221 1649 partes
231 1577 266 1632 ad
280 1576 461 1633 examinanda
475 1577 608 1651 simulque
617 1576 928 1650 diffiniendnennonice‚
977 1590 1064 1645 noctis
1079 1590 1186 1647 silentio
1196 1607 1258 1648 cum
1271 1593 1430 1649 adulterinis
1440 1594 1562 1651 clavibus
1573 1605 1673 1669 portas
1689 1598 1768 1666 Urbis,

130 1665 188 1722 site
200 1664 334 1738 lessaliitl‘a
351 1681 413 1738 (1¹1ae
426 1666 478 1722 ¹100
493 1680 565 1721 auno
579 1666 650 1722 issier
671 1675 803 1740 uirosque
827 1666 927 1724 fraires
941 1693 1040 1762 Bquae
1054 1685 1167 1734 vocatur
1188 1677 1274 1737 sancti
1302 1681 1449 1749 Pancratii,
1469 1692 1650 1756 aperuerunt,
1672 1694 1700 1742 ct
1720 1702 1768 1743 cun

129 1769 268 1810 emersere
279 1753 398 1827 negotia,
415 1753 598 1810 convenirein
607 1754 668 1811 loco
682 1755 718 1810 ab
732 1754 773 1811 eis
779 1754 927 1828 designato
979 1764 1035 1820 suis
1049 1766 1239 1837 complicibus,
1253 1785 1370 1841 eumque
1384 1771 1510 1827 omnibus
1523 1773 1667 1829 thesauris
1681 1782 1769 1831 sancta
1802 1824 1803 1830 ,

130 1841 224 1915 eisque
246 1841 404 1898 satisfacere
422 1841 558 1898 humiliter
585 1842 787 1910 detrectaverit,
810 1844 927 1900 auctori·
976 1852 1027 1907 Dei
1039 1853 1180 1924 Ecclesiae,
1198 1855 1340 1912 Saracenis
1354 1858 1474 1930 undique
1481 1858 1690 1930 populantibus,
1702 1861 1768 1918 diliu-

128 1937 183 1985 tate
205 1930 255 1985 Dei
282 1928 484 2001 omnipotentis,
507 1937 719 2004 sanctommque
739 1931 927 2003 apostolorum
976 1949 1094 2014 gerent:
1117 1951 1263 2015 portasque
1289 1953 1412 2015 patentes
1447 1947 1649 2019 relinquentes,
1689 1949 1765 2006 mulia

127 2018 280 2089 principum
296 2018 366 2074 Petri
380 2026 407 2073 ei
427 2018 512 2084 Pauli.
535 2026 690 2092 110⁸itaeq110
717 2019 924 2088 medi⁰⁰r518158›
976 2029 1130 2101 margaritis
1138 2028 1272 2104 fugiendi,
1283 2040 1310 2088 et
1321 2032 1467 2090 Saracenis
1477 2035 1656 2106 ingrediendi
1665 2036 1763 2108 adituro,

126 2105 233 2163 veniam
249 2105 301 2161 sibi
327 2105 458 2178 deinceps
471 2107 578 2163 noverit
593 2107 734 2180 denegari,
760 2123 811 2164 neo
825 2107 925 2164 amodo
975 2116 1028 2171 nisi
1036 2133 1086 2173 uos
1094 2117 1312 2176 divinacustodia
1322 2128 1455 2189 tueretur,
1466 2122 1564 2193 procul
1571 2124 1656 2180 cubio
1666 2125 1764 2196 relique

126 2194 325 2251 communionis
350 2202 453 2250 nostra
482 2193 599 2250 futurum
614 2195 674 2251 fore
697 2204 864 2264 consortem,
880 2194 926 2268 qui
976 2213 1048 2260 runs,
1065 2207 1159 2279 ltaque
1172 2207 1398 2279 obstupescentes
1407 2209 1436 2264 in
1445 2210 1556 2278 annus,
1569 2213 1761 2270 nominiqunet

127 2283 217 2339 sosius
240 2297 304 2338 esse
330 2281 449 2338 noluerit
471 2281 633 2353 disciplinae.
661 2283 795 2354 Optamus
809 2283 925 2358 gloriam
975 2293 1145 2350 Grimoldum
1160 2296 1332 2353 venerabiles
1346 2297 1492 2369 episcopos
1502 2299 1538 2354 ad
1546 2300 1760 2357 evoeandumens

125 2378 247 2427 vestram
266 2369 423 2441 apostolicis
436 2369 547 2426 monitis
561 2370 758 2443 obsequentem
773 2388 882 2444 semper
897 2372 924 2428 in
975 2380 1133 2438 direximus,
1163 2382 1217 2453 Qui
1240 2392 1410 2442 serenantes
1424 2386 1617 2443 nuntiaverunt
1633 2387 1686 2445 sibi
1699 2405 1713 2442 a
1724 2404 1758 2444 sa-

127 2459 236 2516 Christo
249 2459 320 2516 bene
334 2458 437 2515 valere.
972 2469 1102 2525 tellitibus
1117 2470 1173 2526 suis
1187 2470 1272 2528 fuisse
1286 2488 1459 2545 responsum,
1475 2475 1587 2532 nescire
1603 2491 1635 2532 se
1658 2490 1756 2548 qnontn

500 2545 602 2603 XXIV·
973 2556 1090 2629 profecti
1103 2557 1225 2615 fuissent.
1240 2560 1348 2617 iudicio
1362 2561 1472 2619 sanein
1487 2563 1562 2618 diem
1576 2564 1693 2622 alterum
1705 2579 1754 2636 pro-

234 2632 273 2674 ⁸⁰
293 2630 632 2760 ”minwffiffiswff
653 2631 813 2674 ⁰⁸¹¹ffl03·
973 2645 1065 2715 mitto,
1082 2661 1144 2702 cum
1159 2663 1208 2703 eos
1222 2647 1320 2705 iterum
1330 2649 1460 2721 synodice
1466 2650 1604 2724 unumque
1615 2659 1643 2708 et
1652 2651 1753 2725 legaliter

126 2781 164 2835 Dc
174 2777 357 2835 damnatione
372 2778 496 2834 Formosi
517 2779 656 2848 Episcopi,
674 2778 924 2849 Grcporiissomctt·
974 2750 1169 2834 quaefeoeinus’
1199 2736 1347 2835 et.h⁸.ber⁰
1368 2738 1486 2837 &imme
1514 2739 1682 2840 valeremus,
1706 2755 1750 2795 ⁶⁰⁰¹

161 2847 287 2913 clam,
303 2851 332 2902 εἰ
343 2848 466 2903 ,porum
480 2849 528 2919 qm·
542 2850 634 2903 Rom
644 2849 676 2903 m
685 2847 790 2919 ,mdo
804 2851 923 2919 swam
973 2836 1047 2877 omni
1061 2823 1112 2879 Det
1129 2822 1262 2880 Ecclestae
1276 2840 1304 2878 tn
1316 2825 1428 2882 basrhca
1442 2835 1545 2884 sanctae
1559 2829 1746 2903 Bergemtncts,

161 2917 412 2975 excommunicati.
973 2927 1034 2983 quae
1049 2910 1084 2966 ad
1099 2911 1235 2983 llartyres
1256 2922 1378 2984 vocatur,
1402 2915 1538 2986 synodum
1564 2917 1748 2980 vocavimuset

159 3006 296 3070 ioanuns,
307 3019 402 3059 servus
421 3017 560 3059 servorum
578 3002 639 3070 Dei,
655 3004 883 3061 reverentissimis
896 3013 924 3064 et
972 3006 1034 3071 post
1048 2999 1193 3071 regulares
1207 3000 1393 3069 allocutiones,
1410 3003 1560 3060 sententias
1570 3005 1599 3060 in
1613 3020 1661 3060 eos
1674 3008 1746 3075 protu-

125 3091 303 3149 sanctissimis
334 3090 515 3147 confratribus
552 3092 662 3159 nostris,
698 3092 921 3166 archiepiscopis,
971 3086 1063 3153 limus,
1091 3102 1205 3159 quarum
1229 3089 1353 3160 exempla
1377 3091 1529 3147 secundum
1553 3090 1744 3149 ecclesiasticum

125 3180 270 3254 episcopis,
286 3179 441 3246 abbatibus,
458 3179 657 3247 sacerdotibus,
675 3181 834 3254 cunctisque
845 3182 922 3252 judi·
971 3190 1075 3232 morem
1087 3176 1256 3248 generalitati
1270 3185 1368 3235 vestrae
1381 3179 1543 3249 dixerimus,
1561 3180 1677 3239 nevobis
1688 3192 1744 3235 son

124 3272 211 3339 cibus,
227 3277 254 3326 et
275 3269 403 3326 universo
431 3268 543 3341 populo,
573 3285 624 3340 per
647 3284 743 3325 omnes
766 3269 871 3326 Gallias
895 3278 922 3327 et
970 3263 1127 3320 municandi
1141 3266 1255 3323 cumeis
1270 3266 1423 3323 occasionis
1437 3268 1526 3325 aditus
1541 3270 1682 3328 tribuatur.

123 3359 284 3417 Germanias
299 3357 462 3414 constitutis.
1006 3351 1073 3421 Quae
1088 3352 1191 3409 scilicet
1205 3354 1341 3410 sententia
1354 3355 1392 3412 ita
1407 3356 1535 3413 sehabet
1552 3375 1560 3414 ε
1580 3381 1591 3412 ι
1608 3361 1743 3417 Formosum

158 3448 221 3503 Zelo
235 3446 395 3503 Christianae
402 3444 544 3519 religionis
551 3444 674 3501 Ecclesia
688 3445 740 3502 Dei
751 3462 811 3518 quae
823 3462 919 3518 penes,
970 3441 1147 3497 Portnensem
1158 3441 1326 3514 episcopum,
1340 3443 1405 3515 quia
1414 3445 1506 3502 beatae
1516 3450 1655 3506 memoriae
1668 3451 1744 3507 donno

122 3543 234 3603 uosest,
249 3534 432 3605 instinctuque
460 3532 553 3590 dilecti
581 3531 628 3588 filii
652 3534 738 3589 nostri
751 3534 921 3590 serenissimi
968 3529 1173 3600 praedecessore
1195 3540 1290 3586 nostro
1312 3547 1385 3604 papa
1410 3533 1532 3590 Nicolao
1547 3535 1576 3592 in
1591 3537 1744 3613 bulgarorum

121 3623 305 3697 imperatoris,
319 3622 375 3678 imo
390 3621 537 3693 spiramine
561 3621 679 3694 Spiritus
694 3623 782 3679 sancti
795 3638 920 3679 commo·
968 3617 1085 3688 patrimi
1108 3618 1272 3687 disimilis,
1295 3620 1404 3677 ¹10Viier
1432 3621 1460 3677 in
1483 3623 1592 3681 Christo
1617 3623 1745 3700 regensnii

121 3714 188 3783 nita,
198 3727 248 3784 pro
261 3711 378 3767 diversis
392 3709 524 3767 Ecclesiae
538 3709 589 3766 Dei
604 3709 725 3766 refendis
739 3710 920 3767 incommodis
968 3705 1043 3778 regis
1056 3705 1162 3762 animos
1176 3707 1311 3764 adeosuis
1325 3708 1514 3766 calliditatibus
1530 3712 1646 3783 vitiavit,
1666 3723 1690 3770 ut
1702 3723 1744 3770 ter·

119 3809 214 3858 contra
242 3798 408 3872 Gregorium
432 3798 692 3867 nomenculatorem,
718 3806 745 3853 et
770 3798 919 3872 Georgium
967 3793 1093 3850 ribilibus
1106 3795 1286 3852 sacramentis
1299 3812 1363 3852 eum
1377 3797 1429 3852 sibi
1447 3798 1629 3859 obstrinxisse
1652 3809 1743 3860 astatus

121 3903 254 3961 generum
269 3887 338 3955 ejus,
353 3884 408 3940 duo
431 3885 538 3940 scilicet
565 3884 714 3956 iniquitatis
728 3901 796 3943 vasa
825 3895 919 3943 eontra
968 3881 1012 3952 sit,
1027 3898 1062 3938 ne
1076 3898 1107 3937 sc
1121 3881 1183 3939 viso
1201 3884 1349 3955 quemlibet
1364 3885 1524 3959 episcopum
1538 3904 1556 3945 a
1569 3889 1637 3948 sede
1652 3896 1743 3963 aposto·

120 3975 221 4032 excelsi
248 3974 299 4029 ltei
327 3971 488 4045 religionem
511 3973 669 4046 pugnantia,
693 3981 747 4030 tam
779 3975 918 4048 praeterito
966 3969 1018 4026 lica
1032 3971 1208 4042 suscepisset,
1233 3988 1318 4043 seque
1340 3972 1430 4030 eidem
1444 3975 1615 4034 terribilibus
1629 3975 1744 4035 nihiloni-

120 4078 216 4120 mense
243 4060 392 4117 Februario
419 4061 561 4132 praesentis
589 4076 668 4118 nona·
688 4062 851 4133 indictionis,
867 4080 918 4136 ρετ
967 4074 1019 4113 nus
1029 4058 1201 4127 juramentis,
1216 4067 1244 4115 ut
1264 4061 1300 4117 ad
1321 4077 1384 4116 eum
1407 4064 1571 4135 quantocius
1597 4066 1691 4124 reverti
1705 4066 1743 4122 dc·

120 4152 229 4208 Petrum
243 4148 427 4207 venerabilem
445 4149 731 4221 Forosemproniatem
757 4151 917 4224 episcopum
967 4145 1080 4213 buissel,
1109 4147 1270 4204 Obsiricium
1293 4146 1377 4205 fuisse
1400 4150 1544 4221 professus
1567 4154 1613 4222 sit,
1637 4155 1745 4228 quiqnet

118 4255 205 4313 penes
214 4237 357 4312 praefatum
371 4237 521 4309 spiritalem
536 4236 622 4293 fitium
635 4238 841 4312 lacrymabilem
856 4257 919 4313 sug·
965 4235 1045 4290 nobis
1058 4233 1249 4306 proficiscendi
1263 4236 1328 4294 illuc
1342 4237 1488 4305 licentiam,
1504 4241 1610 4297 litteras
1625 4251 1652 4300 et
1665 4255 1743 4299 necet·

119 4329 273 4404 gestionem
287 4326 414 4398 deposuit
430 4343 437 4382 z
453 4343 534 4399 quum
548 4335 669 4383 nostram
685 4343 793 4400 quoque
807 4328 916 4401 pontifi-
965 4322 1179 4393 satiandjutoria
1194 4325 1347 4396 impetravit
1362 4344 1369 4381 :
1387 4328 1516 4400 quoniam
1530 4331 1686 4398 iamdudum
1705 4342 1742 4402 pet

118 4417 203 4475 odem
218 4414 423 4490 suggestionem
436 4415 525 4487 pridie
540 4415 675 4471 Kalendas
683 4416 785 4488 Aprilis
794 4417 839 4474 die
854 4433 916 4474 con·
928 4407 955 4468 D
966 4411 1141 4468 ambitionem
1155 4428 1171 4466 a
1186 4412 1284 4469 minori
1300 4414 1424 4471 Ecclesia
1437 4416 1466 4471 in
1481 4418 1625 4489 majorem,
1636 4418 1741 4475 videlicet

117 4515 160 4563 tra
187 4506 300 4562 eosdem
327 4520 377 4575 per
399 4504 570 4574 semetipsam
583 4503 681 4560 offerre
696 4506 811 4562 curavit.
842 4505 916 4575 Qua·
966 4507 1089 4557 sanctam
1103 4500 1197 4558 sedern
1212 4500 1401 4574 apostolicam,
1418 4504 1546 4575 prosilire
1562 4515 1683 4574 conatus,
1695 4505 1740 4577 plu·

117 4603 231 4669 propter
244 4609 295 4649 nos
309 4608 360 4663 per
373 4591 532 4647 Zachariam
542 4599 569 4647 et
585 4592 758 4648 Gaidericum
775 4594 917 4651 venerabi·
964 4589 1048 4645 nimos
1063 4588 1114 4644 sibi
1129 4590 1314 4646 consolatores
1324 4589 1424 4658 effecit,
1440 4601 1467 4648 et
1477 4609 1551 4652 nunc
1563 4611 1615 4668 per
1628 4601 1739 4668 repertttt

117 4685 158 4740 les
175 4683 330 4754 episcopos,
341 4687 367 4735 et
378 4679 602 4750 Christopbomm
613 4680 915 4754 sedisapostolicaepri-
964 4677 1130 4749 hypocrisim
1139 4686 1290 4734 retrorsum
1305 4679 1425 4746 rediens,
1443 4680 1503 4737 sine
1517 4682 1628 4739 licentia
1642 4683 1681 4742 vel
1692 4695 1739 4739 con

117 4771 269 4836 micerium,
285 4769 326 4825 eis
341 4767 546 4841 suggestionum
573 4769 799 4825 contestationem
820 4771 915 4827 emisi·
964 4765 1078 4822 scientia
1096 4773 1200 4831 nostra,
1217 4766 1358 4839 propriam
1372 4769 1521 4839 paroeoiam
1549 4772 1677 4837 deseruit,
1689 4767 1736 4826 urit

118 4876 189 4926 mus,
205 4860 383 4915 admonentes
398 4864 479 4929 atque
485 4855 612 4926 jubentes
621 4864 650 4910 ut
665 4855 688 4911 si
698 4856 843 4928 aliquidde
853 4874 916 4916 con·
964 4854 1098 4920 discessit,
1124 4862 1151 4909 et
1171 4863 1264 4911 contra
1287 4856 1403 4913 salutem
1425 4856 1596 4929 reipublitae.
1619 4859 1736 4930 dimidii

117 4947 238 5005 scientiae
252 4961 309 5001 suae
321 4944 435 5016 puritate
449 4944 628 5010 confiderent,
643 4944 678 5000 ad
698 4946 851 5003 candetum
864 4965 915 5004 ve·
964 4942 1012 4998 filii
1026 4942 1113 4997 nostri
1127 4942 1215 4999 Caroli
1229 4943 1336 5000 anobis
1350 4945 1430 5003 electi
1440 4953 1468 5001 et
1486 4947 1607 5015 ordbsti
1621 4944 1735 5021 principit,

117 5037 177 5093 nire
202 5035 344 5092 studerent
358 5048 480 5089 eramen.
496 5035 530 5089 nt
543 5032 583 5089 illi
597 5033 726 5089 mollibus
741 5037 914 5092 sermonibus
963 5045 1024 5086 cum
1039 5030 1095 5085 suis
1122 5030 1273 5087 fautoribus
1286 5033 1453 5105 conspiravit
1469 5052 1476 5089 ε
1492 5035 1546 5091 nisi
1565 5037 1661 5094 amodo
1684 5035 1734 5127 inttt

118 5135 144 5182 et
161 5121 303 5198 expuisitis
326 5121 563 5177 adinventionibus
582 5138 613 5178 se
636 5122 748 5194 quidem
775 5133 912 5193 venturos,
964 5118 1036 5174 diem
1059 5119 1206 5187 decimum,
1227 5119 1255 5175 id
1277 5129 1318 5176 esi
1341 5136 1372 5177 11¹
1388 5122 1528 5179 Ktlendts
1541 5124 1606 5182 binii
1619 5126 1736 5199 praestlii

117 5223 144 5270 et
165 5215 200 5270 ad
223 5214 393 5271 voluntatem
422 5217 545 5266 nostram
567 5218 705 5268 cunctase
719 5213 914 5269 emendaturos
956 5230 1042 5272 nona
1056 5215 1222 5284 indictionis,
1239 5217 1413 5288 praesentiam
1438 5234 1516 5275 suam
1546 5221 1627 5277 nobis
1647 5215 1734 5277 satisla

117 5301 252 5369 dixerunt,
269 5317 300 5357 se
314 5300 349 5355 de
371 5298 416 5354 die
443 5297 472 5351 in
498 5298 569 5354 diem
583 5299 634 5354 sub
647 5300 758 5356 obtentu
771 5301 914 5375 aegritudi·
962 5303 1059 5360 ciendo
1081 5307 1284 5372 monstraverit,
1310 5307 1471 5364 auctoritate
1486 5309 1538 5364 Dei
1558 5303 1736 5383 omnipotentis

118 5389 161 5444 nis
178 5390 271 5445 tandiu
287 5387 381 5458 judicii
405 5385 477 5443 diem
493 5387 662 5457 distulerunt,
686 5389 774 5446 donec
797 5399 841 5445 aut
863 5406 914 5446 nos
963 5400 1175 5466 sanctorumque
1190 5394 1376 5465 apostolorum
1391 5396 1547 5469 principum
1557 5397 1630 5455 Petri
1638 5407 1662 5454 et
1671 5390 1738 5456 tari,

91 5500 99 5516 =
118 5491 179 5534 cum
193 5476 319 5534 fidelibus
332 5475 465 5533 Ecclesiae
478 5475 530 5532 Dei
544 5476 695 5548 potuissent
709 5479 856 5548 perimere,
868 5486 915 5537 aut
962 5481 1036 5536 omui
1059 5482 1245 5539 ecclesiastica
1268 5484 1460 5541 communione
1483 5486 1619 5559 privatum
1633 5501 1691 5544 esse
1703 5483 1740 5540 d·
