<?xml version="1.0" encoding="UTF-8"?>
<!DOCTYPE html PUBLIC "-//W3C//DTD XHTML 1.0 Transitional//EN"
    "http://www.w3.org/TR/xhtml1/DTD/xhtml1-transitional.dtd">
<html xmlns="http://www.w3.org/1999/xhtml" xml:lang="en" lang="en">
 <head>
  <title>
</title>
<meta http-equiv="Content-Type" content="text/html;charset=utf-8" />
  <meta name='ocr-system' content='tesseract 3.04.00' />
  <meta name='ocr-capabilities' content='ocr_page ocr_carea ocr_par ocr_line ocrx_word'/>
</head>
<body>
  <div class='ocr_page' id='page_1' title='image "./patrologiaecurs81unkngoog/patrologiaecurs81unkngoog_0433.png"; bbox 0 0 3794 6104; ppageno 0'>
   <div class='ocr_carea' id='block_1_1' title="bbox 141 195 1779 253">
    <p class='ocr_par' dir='ltr' id='par_1_1' title="bbox 141 195 1779 253">
     <span class='ocr_line' id='line_1_1' title="bbox 141 195 1779 253; baseline -0.003 0"><span class='ocrx_word' id='word_1_1' title='bbox 141 199 194 253; x_wconf 65' lang='lat'><strong>8⁸⁸</strong></span> <span class='ocrx_word' id='word_1_2' title='bbox 745 195 893 252; x_wconf 79' lang='lat' dir='ltr'><strong>loannis</strong></span> <span class='ocrx_word' id='word_1_3' title='bbox 919 195 1016 250; x_wconf 76' lang='lat' dir='ltr'>PAPAE</span> <span class='ocrx_word' id='word_1_4' title='bbox 1047 196 1114 251; x_wconf 85' lang='lat' dir='ltr'><strong>Vlll.</strong></span> <span class='ocrx_word' id='word_1_5' title='bbox 1737 197 1779 249; x_wconf 77' lang='lat' dir='ltr'><strong>abb</strong></span> 
     </span>
    </p>
   </div>
   <div class='ocr_carea' id='block_1_2' title="bbox 135 319 1781 835">
    <p class='ocr_par' dir='ltr' id='par_1_2' title="bbox 135 319 1781 835">
     <span class='ocr_line' id='line_1_2' title="bbox 137 319 1779 391; baseline -0.001 -13"><span class='ocrx_word' id='word_1_6' title='bbox 137 338 199 380; x_wconf 88' lang='lat' dir='ltr'><strong>rum</strong></span> <span class='ocrx_word' id='word_1_7' title='bbox 213 323 265 385; x_wconf 83' lang='lat' dir='ltr'><strong>Dei</strong></span> <span class='ocrx_word' id='word_1_8' title='bbox 289 321 445 380; x_wconf 87' lang='lat' dir='ltr'><strong>sollicitudo</strong></span> <span class='ocrx_word' id='word_1_9' title='bbox 468 321 600 378; x_wconf 73' lang='lat' dir='ltr'><strong>incumbit</strong></span> <span class='ocrx_word' id='word_1_10' title='bbox 617 322 658 391; x_wconf 83' lang='lat' dir='ltr'><strong>(ll</strong></span> <span class='ocrx_word' id='word_1_11' title='bbox 671 321 729 376; x_wconf 82' lang='lat' dir='ltr'><strong>Cer.</strong></span> <span class='ocrx_word' id='word_1_12' title='bbox 750 321 800 391; x_wconf 78' lang='lat' dir='ltr'><strong>ar),</strong></span> <span class='ocrx_word' id='word_1_13' title='bbox 826 329 939 376; x_wconf 92' lang='lat' dir='ltr'><strong>contro·</strong></span> <span class='ocrx_word' id='word_1_14' title='bbox 948 326 976 389; x_wconf 78' lang='grc' dir='ltr'>Α</span> <span class='ocrx_word' id='word_1_15' title='bbox 990 319 1100 374; x_wconf 76' lang='lat' dir='ltr'><strong>familiae</strong></span> <span class='ocrx_word' id='word_1_16' title='bbox 1111 319 1219 374; x_wconf 86' lang='lat' dir='ltr'>Domini</span> <span class='ocrx_word' id='word_1_17' title='bbox 1234 327 1319 374; x_wconf 88' lang='lat' dir='ltr'><strong>status</strong></span> <span class='ocrx_word' id='word_1_18' title='bbox 1329 328 1355 374; x_wconf 90' lang='lat' dir='ltr'><strong>et</strong></span> <span class='ocrx_word' id='word_1_19' title='bbox 1365 320 1434 374; x_wconf 88' lang='lat' dir='ltr'><strong>orde</strong></span> <span class='ocrx_word' id='word_1_20' title='bbox 1445 319 1560 381; x_wconf 81' lang='lat' dir='ltr'><strong>nutabit,</strong></span> <span class='ocrx_word' id='word_1_21' title='bbox 1579 319 1685 390; x_wconf 88' lang='lat' dir='ltr'><strong>siquod</strong></span> <span class='ocrx_word' id='word_1_22' title='bbox 1700 324 1779 391; x_wconf 87' lang='lat' dir='ltr'><strong>requi·</strong></span> 
     </span>
     <span class='ocr_line' id='line_1_3' title="bbox 135 406 1781 504; baseline -0.005 -35"><span class='ocrx_word' id='word_1_23' title='bbox 135 412 257 469; x_wconf 80' lang='lat' dir='ltr'>versiam</span> <span class='ocrx_word' id='word_1_24' title='bbox 270 412 390 484; x_wconf 76' lang='lat' dir='ltr'><strong>aliquam</strong></span> <span class='ocrx_word' id='word_1_25' title='bbox 404 411 431 464; x_wconf 92' lang='lat' dir='ltr'><strong>in</strong></span> <span class='ocrx_word' id='word_1_26' title='bbox 446 409 571 466; x_wconf 80' lang='lat' dir='ltr'><strong>Ecclesia</strong></span> <span class='ocrx_word' id='word_1_27' title='bbox 593 409 642 463; x_wconf 87' lang='lat' dir='ltr'><strong>Dei</strong></span> <span class='ocrx_word' id='word_1_28' title='bbox 657 408 775 478; x_wconf 91' lang='lat' dir='ltr'><strong>amplius</strong></span> <span class='ocrx_word' id='word_1_29' title='bbox 795 422 938 464; x_wconf 88' lang='lat' dir='ltr'><strong>remanere</strong></span> <span class='ocrx_word' id='word_1_30' title='bbox 988 409 1055 462; x_wconf 91' lang='lat' dir='ltr'><strong>ritur</strong></span> <span class='ocrx_word' id='word_1_31' title='bbox 1069 407 1097 461; x_wconf 90' lang='lat' dir='ltr'><strong>iu</strong></span> <span class='ocrx_word' id='word_1_32' title='bbox 1112 423 1236 478; x_wconf 89' lang='lat' dir='ltr'><strong>corpore,</strong></span> <span class='ocrx_word' id='word_1_33' title='bbox 1262 424 1315 462; x_wconf 91' lang='lat' dir='ltr'><strong>non</strong></span> <span class='ocrx_word' id='word_1_34' title='bbox 1341 407 1373 462; x_wconf 90' lang='lat' dir='ltr'><strong>sit</strong></span> <span class='ocrx_word' id='word_1_35' title='bbox 1388 407 1415 460; x_wconf 92' lang='lat' dir='ltr'><strong>in</strong></span> <span class='ocrx_word' id='word_1_36' title='bbox 1431 408 1539 478; x_wconf 83' lang='lat' dir='ltr'><strong>capite;</strong></span> <span class='ocrx_word' id='word_1_37' title='bbox 1556 416 1583 461; x_wconf 92' lang='lat' dir='ltr'><strong>et</strong></span> <span class='ocrx_word' id='word_1_38' title='bbox 1605 407 1669 461; x_wconf 90' lang='lat' dir='ltr'><strong>inde</strong></span> <span class='ocrx_word' id='word_1_39' title='bbox 1682 406 1734 504; x_wconf 30' lang='lat' dir='ltr'><strong>‘iret</strong></span> <span class='ocrx_word' id='word_1_40' title='bbox 1759 419 1781 463; x_wconf 90' lang='lat' dir='ltr'><strong>ut</strong></span> 
     </span>
     <span class='ocr_line' id='line_1_4' title="bbox 135 495 1779 594; baseline -0.004 -38"><span class='ocrx_word' id='word_1_41' title='bbox 135 500 272 566; x_wconf 86' lang='lat' dir='ltr'><strong>nolentes,</strong></span> <span class='ocrx_word' id='word_1_42' title='bbox 288 501 361 564; x_wconf 88' lang='lat' dir='ltr'><strong>hune</strong></span> <span class='ocrx_word' id='word_1_43' title='bbox 370 500 459 571; x_wconf 90' lang='lat' dir='ltr'><strong>ipsum</strong></span> <span class='ocrx_word' id='word_1_44' title='bbox 471 498 650 569; x_wconf 80' lang='lat' dir='ltr'><strong>patriarcham</strong></span> <span class='ocrx_word' id='word_1_45' title='bbox 662 512 725 552; x_wconf 89' lang='lat' dir='ltr'><strong>cum</strong></span> <span class='ocrx_word' id='word_1_46' title='bbox 740 496 865 551; x_wconf 91' lang='lat' dir='ltr'><strong>omuibus</strong></span> <span class='ocrx_word' id='word_1_47' title='bbox 881 496 939 552; x_wconf 91' lang='lat' dir='ltr'><strong>sive</strong></span> <span class='ocrx_word' id='word_1_48' title='bbox 987 496 1076 550; x_wconf 90' lang='lat' dir='ltr'><strong>omnis</strong></span> <span class='ocrx_word' id='word_1_49' title='bbox 1087 495 1269 552; x_wconf 88' lang='lat' dir='ltr'><strong>ecclesiastica</strong></span> <span class='ocrx_word' id='word_1_50' title='bbox 1279 495 1420 566; x_wconf 82' lang='lat' dir='ltr'><strong>disciplina</strong></span> <span class='ocrx_word' id='word_1_51' title='bbox 1430 496 1603 564; x_wconf 81' lang='lat' dir='ltr'><strong>resolvatur,</strong></span> <span class='ocrx_word' id='word_1_52' title='bbox 1614 510 1703 550; x_wconf 76' lang='lat' dir='ltr'><strong>omnis</strong></span> <span class='ocrx_word' id='word_1_53' title='bbox 1720 496 1779 594; x_wconf 80' lang='lat' dir='ltr'><strong>ordo</strong></span> 
     </span>
     <span class='ocr_line' id='line_1_5' title="bbox 137 583 1781 681; baseline -0.005 -36"><span class='ocrx_word' id='word_1_54' title='bbox 137 588 283 661; x_wconf 78' lang='lat' dir='ltr'><strong>episcopis,</strong></span> <span class='ocrx_word' id='word_1_55' title='bbox 306 588 365 643; x_wconf 87' lang='lat' dir='ltr'><strong>sire</strong></span> <span class='ocrx_word' id='word_1_56' title='bbox 387 586 566 658; x_wconf 86' lang='lat' dir='ltr'><strong>presbyteris,</strong></span> <span class='ocrx_word' id='word_1_57' title='bbox 592 602 640 640; x_wconf 90' lang='lat' dir='ltr'><strong>seu</strong></span> <span class='ocrx_word' id='word_1_58' title='bbox 656 584 762 642; x_wconf 72' lang='lat' dir='ltr'><strong>caeteris</strong></span> <span class='ocrx_word' id='word_1_59' title='bbox 783 584 891 640; x_wconf 79' lang='lat' dir='ltr'><strong>clericis</strong></span> <span class='ocrx_word' id='word_1_60' title='bbox 912 592 938 640; x_wconf 88' lang='lat' dir='ltr'><strong>et</strong></span> <span class='ocrx_word' id='word_1_61' title='bbox 987 585 1121 639; x_wconf 78' lang='lat' dir='ltr'><strong>turbetur.</strong></span> <span class='ocrx_word' id='word_1_62' title='bbox 1136 585 1170 639; x_wconf 87' lang='lat' dir='ltr'><strong>Et</strong></span> <span class='ocrx_word' id='word_1_63' title='bbox 1185 584 1247 639; x_wconf 93' lang='lat' dir='ltr'><strong>ideo</strong></span> <span class='ocrx_word' id='word_1_64' title='bbox 1262 586 1312 639; x_wconf 91' lang='lat' dir='ltr'><strong>hoc</strong></span> <span class='ocrx_word' id='word_1_65' title='bbox 1328 585 1399 654; x_wconf 91' lang='lat' dir='ltr'><strong>quod</strong></span> <span class='ocrx_word' id='word_1_66' title='bbox 1414 600 1464 638; x_wconf 93' lang='lat' dir='ltr'><strong>nos</strong></span> <span class='ocrx_word' id='word_1_67' title='bbox 1480 584 1563 638; x_wconf 91' lang='lat' dir='ltr'><strong>modo</strong></span> <span class='ocrx_word' id='word_1_68' title='bbox 1584 599 1636 681; x_wconf 87' lang='lat' dir='ltr'><strong>pro</strong></span> <span class='ocrx_word' id='word_1_69' title='bbox 1660 583 1781 638; x_wconf 79' lang='lat' dir='ltr'><strong>eeclesia·</strong></span> 
     </span>
     <span class='ocr_line' id='line_1_6' title="bbox 137 672 1781 769; baseline -0.006 -33"><span class='ocrx_word' id='word_1_70' title='bbox 137 677 264 736; x_wconf 88' lang='lat' dir='ltr'><strong>omuibus</strong></span> <span class='ocrx_word' id='word_1_71' title='bbox 278 675 364 741; x_wconf 87' lang='lat' dir='ltr'><strong>laicis,</strong></span> <span class='ocrx_word' id='word_1_72' title='bbox 382 675 494 746; x_wconf 90' lang='lat' dir='ltr'><strong>inques</strong></span> <span class='ocrx_word' id='word_1_73' title='bbox 513 674 608 743; x_wconf 88' lang='lat' dir='ltr'><strong>judicii</strong></span> <span class='ocrx_word' id='word_1_74' title='bbox 624 672 711 728; x_wconf 88' lang='lat' dir='ltr'><strong>luerat</strong></span> <span class='ocrx_word' id='word_1_75' title='bbox 734 688 851 729; x_wconf 87' lang='lat' dir='ltr'><strong>censura</strong></span> <span class='ocrx_word' id='word_1_76' title='bbox 871 687 937 743; x_wconf 90' lang='lat' dir='ltr'><strong>pro·</strong></span> <span class='ocrx_word' id='word_1_77' title='bbox 987 673 1053 728; x_wconf 89' lang='lat' dir='ltr'><strong>stica</strong></span> <span class='ocrx_word' id='word_1_78' title='bbox 1068 673 1169 728; x_wconf 89' lang='lat' dir='ltr'><strong>unitate</strong></span> <span class='ocrx_word' id='word_1_79' title='bbox 1185 680 1211 727; x_wconf 89' lang='lat' dir='ltr'><strong>et</strong></span> <span class='ocrx_word' id='word_1_80' title='bbox 1229 688 1297 743; x_wconf 90' lang='lat' dir='ltr'><strong>paee</strong></span> <span class='ocrx_word' id='word_1_81' title='bbox 1313 688 1392 743; x_wconf 74' lang='lat' dir='ltr'><strong>equam</strong></span> <span class='ocrx_word' id='word_1_82' title='bbox 1408 672 1532 726; x_wconf 87' lang='lat' dir='ltr'><strong>Christus</strong></span> <span class='ocrx_word' id='word_1_83' title='bbox 1548 672 1684 726; x_wconf 76' lang='lat' dir='ltr'><strong>Dorulaus</strong></span> <span class='ocrx_word' id='word_1_84' title='bbox 1699 680 1781 769; x_wconf 83' lang='lat' dir='ltr'><strong>noster</strong></span> 
     </span>
     <span class='ocr_line' id='line_1_7' title="bbox 137 760 1780 835; baseline -0.003 -15"><span class='ocrx_word' id='word_1_85' title='bbox 137 765 201 835; x_wconf 86' lang='lat' dir='ltr'><strong>lata,</strong></span> <span class='ocrx_word' id='word_1_86' title='bbox 226 764 261 820; x_wconf 88' lang='lat' dir='ltr'><strong>ab</strong></span> <span class='ocrx_word' id='word_1_87' title='bbox 275 764 349 821; x_wconf 89' lang='lat' dir='ltr'><strong>omni</strong></span> <span class='ocrx_word' id='word_1_88' title='bbox 373 763 566 819; x_wconf 79' lang='lat' dir='ltr'><strong>ecclesiasticae</strong></span> <span class='ocrx_word' id='word_1_89' title='bbox 591 761 738 818; x_wconf 81' lang='lat' dir='ltr'><strong>sanctionis</strong></span> <span class='ocrx_word' id='word_1_90' title='bbox 762 760 870 817; x_wconf 86' lang='lat' dir='ltr'><strong>vinculo</strong></span> <span class='ocrx_word' id='word_1_91' title='bbox 886 760 937 814; x_wconf 91' lang='lat' dir='ltr'><strong>ab·</strong></span> <span class='ocrx_word' id='word_1_92' title='bbox 987 761 1065 816; x_wconf 92' lang='lat' dir='ltr'><strong>nobis</strong></span> <span class='ocrx_word' id='word_1_93' title='bbox 1076 761 1150 815; x_wconf 88' lang='lat' dir='ltr'><strong>dedit</strong></span> <span class='ocrx_word' id='word_1_94' title='bbox 1159 761 1313 816; x_wconf 90' lang='lat' dir='ltr'><strong>habendam</strong></span> <span class='ocrx_word' id='word_1_95' title='bbox 1323 770 1458 832; x_wconf 88' lang='lat' dir='ltr'><strong>utcunque</strong></span> <span class='ocrx_word' id='word_1_96' title='bbox 1470 761 1589 830; x_wconf 89' lang='lat' dir='ltr'><strong>patimur</strong></span> <span class='ocrx_word' id='word_1_97' title='bbox 1600 776 1665 814; x_wconf 87' lang='lat' dir='ltr'><strong>esse</strong></span> <span class='ocrx_word' id='word_1_98' title='bbox 1673 761 1780 826; x_wconf 78' lang='lat' dir='ltr'><strong>veniale,</strong></span> 
     </span>
    </p>
   </div>
   <div class='ocr_carea' id='block_1_3' title="bbox 46 848 1586 924">
    <p class='ocr_par' dir='ltr' id='par_1_3' title="bbox 46 848 1586 924">
     <span class='ocr_line' id='line_1_8' title="bbox 46 848 1586 924; baseline -0.005 -14"><span class='ocrx_word' id='word_1_99' title='bbox 46 866 52 874; x_wconf 86' lang='lat'>·</span> <span class='ocrx_word' id='word_1_100' title='bbox 138 853 278 924; x_wconf 62' lang='lat' dir='ltr'><strong>solvimus</strong></span> <span class='ocrx_word' id='word_1_101' title='bbox 302 861 458 924; x_wconf 77' lang='lat' dir='ltr'><strong>sanctaque</strong></span> <span class='ocrx_word' id='word_1_102' title='bbox 481 850 783 921; x_wconf 82' lang='lat' dir='ltr'><strong>Constantinopolitanae</strong></span> <span class='ocrx_word' id='word_1_103' title='bbox 807 848 937 904; x_wconf 74' lang='lat' dir='ltr'><strong>Ecclesiae</strong></span> <span class='ocrx_word' id='word_1_104' title='bbox 986 849 1100 904; x_wconf 89' lang='lat' dir='ltr'><strong>inultum</strong></span> <span class='ocrx_word' id='word_1_105' title='bbox 1115 850 1289 921; x_wconf 89' lang='lat' dir='ltr'><strong>postmodum</strong></span> <span class='ocrx_word' id='word_1_106' title='bbox 1304 865 1365 904; x_wconf 90' lang='lat' dir='ltr'><strong>ease</strong></span> <span class='ocrx_word' id='word_1_107' title='bbox 1380 864 1434 903; x_wconf 92' lang='lat' dir='ltr'><strong>nou</strong></span> <span class='ocrx_word' id='word_1_108' title='bbox 1449 848 1549 919; x_wconf 90' lang='lat' dir='ltr'><strong>poterit</strong></span> <span class='ocrx_word' id='word_1_109' title='bbox 1563 857 1586 902; x_wconf 78' lang='lat'><strong>².</strong></span> 
     </span>
    </p>
   </div>
   <div class='ocr_carea' id='block_1_4' title="bbox 85 937 1782 2068">
    <p class='ocr_par' dir='ltr' id='par_1_4' title="bbox 134 937 1782 1804">
     <span class='ocr_line' id='line_1_9' title="bbox 134 937 1782 1012; baseline -0.003 -14"><span class='ocrx_word' id='word_1_110' title='bbox 134 941 291 1010; x_wconf 83' lang='lat' dir='ltr'><strong>judicamus</strong></span> <span class='ocrx_word' id='word_1_111' title='bbox 304 941 428 1012; x_wconf 86' lang='lat' dir='ltr'><strong>recipere</strong></span> <span class='ocrx_word' id='word_1_112' title='bbox 443 940 546 1006; x_wconf 89' lang='lat' dir='ltr'><strong>sedem,</strong></span> <span class='ocrx_word' id='word_1_113' title='bbox 563 938 752 1008; x_wconf 88' lang='lat' dir='ltr'><strong>Dominicique</strong></span> <span class='ocrx_word' id='word_1_114' title='bbox 766 937 860 1009; x_wconf 76' lang='lat' dir='ltr'><strong>gregis</strong></span> <span class='ocrx_word' id='word_1_115' title='bbox 875 953 937 992; x_wconf 88' lang='lat' dir='ltr'><strong>esse</strong></span> <span class='ocrx_word' id='word_1_116' title='bbox 1022 939 1079 993; x_wconf 89' lang='lat' dir='ltr'><strong>lloc</strong></span> <span class='ocrx_word' id='word_1_117' title='bbox 1095 938 1177 993; x_wconf 90' lang='lat' dir='ltr'><strong>etiam</strong></span> <span class='ocrx_word' id='word_1_118' title='bbox 1191 938 1273 993; x_wconf 89' lang='lat' dir='ltr'><strong>modo</strong></span> <span class='ocrx_word' id='word_1_119' title='bbox 1287 939 1349 1003; x_wconf 91' lang='lat' dir='ltr'><strong>ista,</strong></span> <span class='ocrx_word' id='word_1_120' title='bbox 1366 937 1534 992; x_wconf 74' lang='lat' dir='ltr'><strong>excellentia</strong></span> <span class='ocrx_word' id='word_1_121' title='bbox 1549 944 1651 993; x_wconf 86' lang='lat' dir='ltr'><strong>vcstrae</strong></span> <span class='ocrx_word' id='word_1_122' title='bbox 1665 937 1782 1009; x_wconf 89' lang='lat' dir='ltr'><strong>precibus</strong></span> 
     </span>
     <span class='ocr_line' id='line_1_10' title="bbox 137 1024 1781 1101; baseline -0.002 -16"><span class='ocrx_word' id='word_1_123' title='bbox 137 1037 286 1101; x_wconf 86' lang='lat' dir='ltr'><strong>pastorem,</strong></span> <span class='ocrx_word' id='word_1_124' title='bbox 302 1029 349 1084; x_wconf 87' lang='lat' dir='ltr'><strong>illa</strong></span> <span class='ocrx_word' id='word_1_125' title='bbox 364 1029 469 1085; x_wconf 90' lang='lat' dir='ltr'><strong>scilicet</strong></span> <span class='ocrx_word' id='word_1_126' title='bbox 483 1034 616 1098; x_wconf 82' lang='lat' dir='ltr'><strong>potestate</strong></span> <span class='ocrx_word' id='word_1_127' title='bbox 630 1025 698 1091; x_wconf 82' lang='lat' dir='ltr'><strong>lulti,</strong></span> <span class='ocrx_word' id='word_1_128' title='bbox 717 1041 798 1096; x_wconf 88' lang='lat' dir='ltr'><strong>quam</strong></span> <span class='ocrx_word' id='word_1_129' title='bbox 814 1024 937 1080; x_wconf 85' lang='lat' dir='ltr'><strong>Ecclesia</strong></span> <span class='ocrx_word' id='word_1_130' title='bbox 986 1026 1060 1094; x_wconf 88' lang='lat' dir='ltr'><strong>moti,</strong></span> <span class='ocrx_word' id='word_1_131' title='bbox 1077 1025 1134 1081; x_wconf 80' lang='lat' dir='ltr'><strong>lteri</strong></span> <span class='ocrx_word' id='word_1_132' title='bbox 1155 1027 1293 1095; x_wconf 88' lang='lat' dir='ltr'><strong>jubemus,</strong></span> <span class='ocrx_word' id='word_1_133' title='bbox 1311 1027 1333 1080; x_wconf 88' lang='lat' dir='ltr'><strong>si</strong></span> <span class='ocrx_word' id='word_1_134' title='bbox 1349 1025 1407 1096; x_wconf 88' lang='lat' dir='ltr'><strong>ipse</strong></span> <span class='ocrx_word' id='word_1_135' title='bbox 1429 1025 1585 1096; x_wconf 89' lang='lat' dir='ltr'><strong>patriarcha</strong></span> <span class='ocrx_word' id='word_1_136' title='bbox 1611 1024 1781 1097; x_wconf 80' lang='lat' dir='ltr'><strong>Balgaromn</strong></span> 
     </span>
     <span class='ocr_line' id='line_1_11' title="bbox 138 1113 1782 1186; baseline -0.002 -14"><span class='ocrx_word' id='word_1_137' title='bbox 138 1125 195 1174; x_wconf 89' lang='lat' dir='ltr'><strong>toto</strong></span> <span class='ocrx_word' id='word_1_138' title='bbox 217 1117 283 1175; x_wconf 88' lang='lat' dir='ltr'><strong>orbe</strong></span> <span class='ocrx_word' id='word_1_139' title='bbox 305 1116 405 1174; x_wconf 82' lang='lat' dir='ltr'><strong>diffirsa</strong></span> <span class='ocrx_word' id='word_1_140' title='bbox 427 1116 511 1172; x_wconf 90' lang='lat' dir='ltr'><strong>credit</strong></span> <span class='ocrx_word' id='word_1_141' title='bbox 533 1114 612 1170; x_wconf 91' lang='lat' dir='ltr'><strong>nobis</strong></span> <span class='ocrx_word' id='word_1_142' title='bbox 626 1113 655 1167; x_wconf 89' lang='lat' dir='ltr'><strong>iu</strong></span> <span class='ocrx_word' id='word_1_143' title='bbox 669 1114 728 1185; x_wconf 91' lang='lat' dir='ltr'><strong>ipso</strong></span> <span class='ocrx_word' id='word_1_144' title='bbox 752 1113 937 1184; x_wconf 91' lang='lat' dir='ltr'><strong>apostolorum</strong></span> <span class='ocrx_word' id='word_1_145' title='bbox 987 1114 1126 1180; x_wconf 85' lang='lat' dir='ltr'><strong>dimcesin,</strong></span> <span class='ocrx_word' id='word_1_146' title='bbox 1153 1131 1232 1186; x_wconf 89' lang='lat' dir='ltr'><strong>quam</strong></span> <span class='ocrx_word' id='word_1_147' title='bbox 1256 1115 1308 1185; x_wconf 68' lang='lat' dir='ltr'><strong>pin</strong></span> <span class='ocrx_word' id='word_1_148' title='bbox 1328 1114 1468 1169; x_wconf 68' lang='lat' dir='ltr'><strong>memoriae</strong></span> <span class='ocrx_word' id='word_1_149' title='bbox 1483 1113 1617 1169; x_wconf 82' lang='lat' dir='ltr'><strong>Nicolaus</strong></span> <span class='ocrx_word' id='word_1_150' title='bbox 1640 1130 1782 1185; x_wconf 73' lang='lat' dir='ltr'><strong>praecessor</strong></span> 
     </span>
     <span class='ocr_line' id='line_1_12' title="bbox 137 1202 1780 1277; baseline -0.001 -17"><span class='ocrx_word' id='word_1_151' title='bbox 137 1205 261 1277; x_wconf 84' lang='lat' dir='ltr'><strong>principe</strong></span> <span class='ocrx_word' id='word_1_152' title='bbox 276 1220 293 1265; x_wconf 89' lang='lat' dir='ltr'><strong>a</strong></span> <span class='ocrx_word' id='word_1_153' title='bbox 307 1205 415 1261; x_wconf 87' lang='lat' dir='ltr'><strong>Christo</strong></span> <span class='ocrx_word' id='word_1_154' title='bbox 436 1205 493 1259; x_wconf 86' lang='lat' dir='ltr'><strong>Deo</strong></span> <span class='ocrx_word' id='word_1_155' title='bbox 508 1210 601 1258; x_wconf 91' lang='lat' dir='ltr'><strong>nostro</strong></span> <span class='ocrx_word' id='word_1_156' title='bbox 616 1217 677 1256; x_wconf 90' lang='lat' dir='ltr'><strong>esse</strong></span> <span class='ocrx_word' id='word_1_157' title='bbox 702 1216 870 1265; x_wconf 88' lang='lat' dir='ltr'><strong>concessam,</strong></span> <span class='ocrx_word' id='word_1_158' title='bbox 887 1217 936 1256; x_wconf 92' lang='lat' dir='ltr'><strong>eo·</strong></span> <span class='ocrx_word' id='word_1_159' title='bbox 987 1211 1089 1271; x_wconf 90' lang='lat' dir='ltr'><strong>noster,</strong></span> <span class='ocrx_word' id='word_1_160' title='bbox 1110 1203 1240 1258; x_wconf 83' lang='lat' dir='ltr'><strong>llichaele</strong></span> <span class='ocrx_word' id='word_1_161' title='bbox 1264 1202 1383 1273; x_wconf 90' lang='lat' dir='ltr'><strong>ipsorum</strong></span> <span class='ocrx_word' id='word_1_162' title='bbox 1398 1218 1464 1275; x_wconf 83' lang='lat' dir='ltr'><strong>rege</strong></span> <span class='ocrx_word' id='word_1_163' title='bbox 1479 1210 1602 1272; x_wconf 85' lang='lat' dir='ltr'><strong>petente,</strong></span> <span class='ocrx_word' id='word_1_164' title='bbox 1632 1203 1780 1274; x_wconf 76' lang='lat' dir='ltr'><strong>aposmlicis</strong></span> 
     </span>
     <span class='ocr_line' id='line_1_13' title="bbox 137 1289 1780 1362; baseline -0.001 -14"><span class='ocrx_word' id='word_1_165' title='bbox 137 1295 202 1350; x_wconf 88' lang='lat' dir='ltr'><strong>dam</strong></span> <span class='ocrx_word' id='word_1_166' title='bbox 214 1293 355 1351; x_wconf 79' lang='lat' dir='ltr'><strong>salvatore</strong></span> <span class='ocrx_word' id='word_1_167' title='bbox 378 1293 486 1348; x_wconf 87' lang='lat' dir='ltr'><strong>beatum</strong></span> <span class='ocrx_word' id='word_1_168' title='bbox 511 1292 621 1346; x_wconf 87' lang='lat' dir='ltr'><strong>Petrum</strong></span> <span class='ocrx_word' id='word_1_169' title='bbox 634 1289 786 1361; x_wconf 89' lang='lat' dir='ltr'><strong>apostolum</strong></span> <span class='ocrx_word' id='word_1_170' title='bbox 801 1305 856 1359; x_wconf 86' lang='lat' dir='ltr'><strong>prae</strong></span> <span class='ocrx_word' id='word_1_171' title='bbox 880 1305 936 1343; x_wconf 84' lang='lat' dir='ltr'><strong>cae-</strong></span> <span class='ocrx_word' id='word_1_172' title='bbox 986 1290 1117 1346; x_wconf 88' lang='lat' dir='ltr'><strong>doctrinis</strong></span> <span class='ocrx_word' id='word_1_173' title='bbox 1140 1292 1240 1356; x_wconf 90' lang='lat' dir='ltr'><strong>docuit,</strong></span> <span class='ocrx_word' id='word_1_174' title='bbox 1257 1299 1283 1346; x_wconf 91' lang='lat' dir='ltr'><strong>et</strong></span> <span class='ocrx_word' id='word_1_175' title='bbox 1303 1308 1352 1362; x_wconf 89' lang='lat' dir='ltr'><strong>per</strong></span> <span class='ocrx_word' id='word_1_176' title='bbox 1375 1291 1547 1346; x_wconf 75' lang='lat' dir='ltr'><strong>venerabiles</strong></span> <span class='ocrx_word' id='word_1_177' title='bbox 1570 1291 1705 1362; x_wconf 86' lang='lat' dir='ltr'><strong>epicopus</strong></span> <span class='ocrx_word' id='word_1_178' title='bbox 1726 1308 1780 1348; x_wconf 88' lang='lat' dir='ltr'><strong>suos</strong></span> 
     </span>
     <span class='ocr_line' id='line_1_14' title="bbox 137 1378 1778 1453; baseline -0.002 -16"><span class='ocrx_word' id='word_1_179' title='bbox 137 1382 203 1439; x_wconf 86' lang='lat' dir='ltr'><strong>teria</strong></span> <span class='ocrx_word' id='word_1_180' title='bbox 217 1381 375 1453; x_wconf 84' lang='lat' dir='ltr'><strong>specialiter</strong></span> <span class='ocrx_word' id='word_1_181' title='bbox 399 1379 543 1451; x_wconf 82' lang='lat' dir='ltr'><strong>delegante</strong></span> <span class='ocrx_word' id='word_1_182' title='bbox 560 1397 566 1433; x_wconf 93' lang='lat'>:</span> <span class='ocrx_word' id='word_1_183' title='bbox 588 1378 645 1434; x_wconf 77' lang='lat' dir='ltr'><strong>titt</strong></span> <span class='ocrx_word' id='word_1_184' title='bbox 659 1379 727 1434; x_wconf 85' lang='lat' dir='ltr'><strong>dubo</strong></span> <span class='ocrx_word' id='word_1_185' title='bbox 742 1379 833 1433; x_wconf 81' lang='lat' dir='ltr'><strong>clunes</strong></span> <span class='ocrx_word' id='word_1_186' title='bbox 858 1378 937 1448; x_wconf 82' lang='lat' dir='ltr'><strong>requi</strong></span> <span class='ocrx_word' id='word_1_187' title='bbox 987 1379 1051 1434; x_wconf 81' lang='lat' dir='ltr'><strong>lavit</strong></span> <span class='ocrx_word' id='word_1_188' title='bbox 1066 1380 1137 1432; x_wconf 91' lang='lat' dir='ltr'><strong>unda</strong></span> <span class='ocrx_word' id='word_1_189' title='bbox 1152 1379 1330 1451; x_wconf 90' lang='lat' dir='ltr'><strong>baptismatis,</strong></span> <span class='ocrx_word' id='word_1_190' title='bbox 1348 1379 1476 1450; x_wconf 92' lang='lat' dir='ltr'><strong>omnique</strong></span> <span class='ocrx_word' id='word_1_191' title='bbox 1491 1380 1681 1435; x_wconf 88' lang='lat' dir='ltr'><strong>ecclesiastica</strong></span> <span class='ocrx_word' id='word_1_192' title='bbox 1696 1381 1778 1453; x_wconf 85' lang='lat' dir='ltr'><strong>regula</strong></span> 
     </span>
     <span class='ocr_line' id='line_1_15' title="bbox 137 1467 1779 1541; baseline -0.001 -15"><span class='ocrx_word' id='word_1_193' title='bbox 137 1471 282 1537; x_wconf 74' lang='lat' dir='ltr'><strong>celorum,</strong></span> <span class='ocrx_word' id='word_1_194' title='bbox 309 1473 338 1526; x_wconf 82' lang='lat' dir='ltr'><strong>ct</strong></span> <span class='ocrx_word' id='word_1_195' title='bbox 361 1484 531 1541; x_wconf 72' lang='lat' dir='ltr'><strong>quecunque</strong></span> <span class='ocrx_word' id='word_1_196' title='bbox 557 1468 686 1538; x_wconf 82' lang='lat' dir='ltr'><strong>lipoccris</strong></span> <span class='ocrx_word' id='word_1_197' title='bbox 711 1480 792 1538; x_wconf 84' lang='lat' dir='ltr'><strong>super</strong></span> <span class='ocrx_word' id='word_1_198' title='bbox 817 1468 934 1532; x_wconf 84' lang='lat' dir='ltr'><strong>terrum,</strong></span> <span class='ocrx_word' id='word_1_199' title='bbox 986 1477 1011 1520; x_wconf 87' lang='lat' dir='ltr'><strong>et</strong></span> <span class='ocrx_word' id='word_1_200' title='bbox 1025 1467 1167 1537; x_wconf 87' lang='lat' dir='ltr'><strong>disciplina</strong></span> <span class='ocrx_word' id='word_1_201' title='bbox 1188 1476 1268 1537; x_wconf 90' lang='lat' dir='ltr'><strong>prout</strong></span> <span class='ocrx_word' id='word_1_202' title='bbox 1284 1468 1427 1538; x_wconf 87' lang='lat' dir='ltr'><strong>oportebat</strong></span> <span class='ocrx_word' id='word_1_203' title='bbox 1451 1468 1590 1533; x_wconf 85' lang='lat' dir='ltr'><strong>instruxit,</strong></span> <span class='ocrx_word' id='word_1_204' title='bbox 1618 1468 1719 1523; x_wconf 86' lang='lat' dir='ltr'><strong>amo&#39;do</strong></span> <span class='ocrx_word' id='word_1_205' title='bbox 1739 1486 1779 1524; x_wconf 91' lang='lat' dir='ltr'><strong>suo</strong></span> 
     </span>
     <span class='ocr_line' id='line_1_16' title="bbox 136 1554 1778 1628; baseline -0.001 -15"><span class='ocrx_word' id='word_1_206' title='bbox 136 1558 356 1628; x_wconf 77' lang='lat' dir='ltr'><strong>cruutllpalcct</strong></span> <span class='ocrx_word' id='word_1_207' title='bbox 366 1557 482 1612; x_wconf 74' lang='lat' dir='ltr'><strong>incentis</strong></span> <span class='ocrx_word' id='word_1_208' title='bbox 491 1577 500 1621; x_wconf 92' lang='lat'><em>;</em></span> <span class='ocrx_word' id='word_1_209' title='bbox 512 1561 718 1627; x_wconf 78' lang='lat' dir='ltr'><strong>etquoeccuque</strong></span> <span class='ocrx_word' id='word_1_210' title='bbox 728 1555 937 1625; x_wconf 81' lang='lat' dir='ltr'><strong>soluerissuper</strong></span> <span class='ocrx_word' id='word_1_211' title='bbox 983 1554 1039 1621; x_wconf 88' lang='lat' dir='ltr'><strong>juri</strong></span> <span class='ocrx_word' id='word_1_212' title='bbox 1053 1554 1192 1610; x_wconf 84' lang='lat' dir='ltr'><strong>vindicare</strong></span> <span class='ocrx_word' id='word_1_213' title='bbox 1207 1555 1250 1609; x_wconf 83' lang='lat' dir='ltr'><strong>rei</strong></span> <span class='ocrx_word' id='word_1_214' title='bbox 1266 1555 1399 1610; x_wconf 85' lang='lat' dir='ltr'><strong>remittere</strong></span> <span class='ocrx_word' id='word_1_215' title='bbox 1414 1556 1487 1609; x_wconf 79' lang='lat' dir='ltr'><strong>utillo</strong></span> <span class='ocrx_word' id='word_1_216' title='bbox 1503 1556 1588 1611; x_wconf 93' lang='lat' dir='ltr'><strong>modo</strong></span> <span class='ocrx_word' id='word_1_217' title='bbox 1603 1572 1778 1628; x_wconf 75' lang='lat' dir='ltr'><strong>praesumpse-</strong></span> 
     </span>
     <span class='ocr_line' id='line_1_17' title="bbox 136 1641 1779 1734; baseline 0.001 -36"><span class='ocrx_word' id='word_1_218' title='bbox 136 1648 254 1710; x_wconf 81' lang='lat' dir='ltr'><strong>terram,</strong></span> <span class='ocrx_word' id='word_1_219' title='bbox 271 1646 459 1701; x_wconf 74' lang='lat' dir='ltr'><strong>crementata</strong></span> <span class='ocrx_word' id='word_1_220' title='bbox 472 1644 628 1698; x_wconf 76' lang='lat' dir='ltr'><strong>clientelis</strong></span> <span class='ocrx_word' id='word_1_221' title='bbox 644 1642 754 1713; x_wconf 71' lang='lat' dir='ltr'><strong>(theeth.</strong></span> <span class='ocrx_word' id='word_1_222' title='bbox 773 1644 844 1711; x_wconf 81' lang='lat' dir='ltr'><strong>xvi).</strong></span> <span class='ocrx_word' id='word_1_223' title='bbox 861 1641 934 1696; x_wconf 86' lang='lat' dir='ltr'><strong>Sicut</strong></span> <span class='ocrx_word' id='word_1_224' title='bbox 948 1641 1029 1734; x_wconf 78' lang='lat' dir='ltr'><strong>Brit,</strong></span> <span class='ocrx_word' id='word_1_225' title='bbox 1047 1658 1098 1697; x_wconf 92' lang='lat' dir='ltr'><strong>nec</strong></span> <span class='ocrx_word' id='word_1_226' title='bbox 1105 1642 1223 1713; x_wconf 88' lang='lat' dir='ltr'><strong>aliquam</strong></span> <span class='ocrx_word' id='word_1_227' title='bbox 1236 1644 1422 1714; x_wconf 88' lang='lat' dir='ltr'><strong>cujuscunque</strong></span> <span class='ocrx_word' id='word_1_228' title='bbox 1430 1643 1543 1698; x_wconf 88' lang='lat' dir='ltr'><strong>honoris</strong></span> <span class='ocrx_word' id='word_1_229' title='bbox 1559 1643 1666 1699; x_wconf 89' lang='lat' dir='ltr'><strong>ibidem</strong></span> <span class='ocrx_word' id='word_1_230' title='bbox 1681 1645 1779 1700; x_wconf 88' lang='lat' dir='ltr'><strong>ordina-</strong></span> 
     </span>
     <span class='ocr_line' id='line_1_18' title="bbox 136 1729 1777 1804; baseline 0.001 -17"><span class='ocrx_word' id='word_1_231' title='bbox 136 1732 209 1789; x_wconf 86' lang='lat' dir='ltr'><strong>eninr</strong></span> <span class='ocrx_word' id='word_1_232' title='bbox 222 1732 312 1788; x_wconf 80' lang='lat' dir='ltr'><strong>cabis</strong></span> <span class='ocrx_word' id='word_1_233' title='bbox 325 1732 416 1788; x_wconf 88' lang='lat' dir='ltr'><strong>verbis</strong></span> <span class='ocrx_word' id='word_1_234' title='bbox 431 1730 498 1788; x_wconf 92' lang='lat' dir='ltr'><strong>nihil</strong></span> <span class='ocrx_word' id='word_1_235' title='bbox 519 1739 624 1787; x_wconf 87' lang='lat' dir='ltr'><strong>constat</strong></span> <span class='ocrx_word' id='word_1_236' title='bbox 646 1738 799 1800; x_wconf 82' lang='lat' dir='ltr'><strong>exceptum,</strong></span> <span class='ocrx_word' id='word_1_237' title='bbox 824 1729 864 1785; x_wconf 90' lang='lat' dir='ltr'><strong>sic</strong></span> <span class='ocrx_word' id='word_1_238' title='bbox 887 1745 935 1800; x_wconf 90' lang='lat' dir='ltr'><strong>per</strong></span> <span class='ocrx_word' id='word_1_239' title='bbox 985 1730 1085 1785; x_wconf 88' lang='lat' dir='ltr'><strong>tionem</strong></span> <span class='ocrx_word' id='word_1_240' title='bbox 1109 1729 1245 1785; x_wconf 82' lang='lat' dir='ltr'><strong>lecerit...</strong></span> <span class='ocrx_word' id='word_1_241' title='bbox 1263 1731 1364 1785; x_wconf 86' lang='lat' dir='ltr'><strong>ibidem</strong></span> <span class='ocrx_word' id='word_1_242' title='bbox 1388 1739 1449 1785; x_wconf 84' lang='lat' dir='ltr'><strong>sunt</strong></span> <span class='ocrx_word' id='word_1_243' title='bbox 1472 1731 1566 1787; x_wconf 90' lang='lat' dir='ltr'><strong>illicite</strong></span> <span class='ocrx_word' id='word_1_244' title='bbox 1589 1732 1708 1786; x_wconf 87' lang='lat' dir='ltr'><strong>ordinati</strong></span> <span class='ocrx_word' id='word_1_245' title='bbox 1727 1733 1777 1804; x_wconf 88' lang='lat' dir='ltr'><strong>epi-</strong></span> 
     </span>
    </p>

    <p class='ocr_par' dir='ltr' id='par_1_5' title="bbox 85 1818 1777 2068">
     <span class='ocr_line' id='line_1_19' title="bbox 136 1818 1777 1892; baseline 0.001 -18"><span class='ocrx_word' id='word_1_246' title='bbox 136 1819 292 1891; x_wconf 84' lang='lat' dir='ltr'><strong>apostelicae</strong></span> <span class='ocrx_word' id='word_1_247' title='bbox 305 1819 517 1891; x_wconf 87' lang='lat' dir='ltr'><strong>dispensationis</strong></span> <span class='ocrx_word' id='word_1_248' title='bbox 531 1818 649 1874; x_wconf 85' lang='lat' dir='ltr'><strong>officium</strong></span> <span class='ocrx_word' id='word_1_249' title='bbox 661 1826 778 1872; x_wconf 87' lang='lat' dir='ltr'><strong>ettotam</strong></span> <span class='ocrx_word' id='word_1_250' title='bbox 788 1834 935 1889; x_wconf 89' lang='lat' dir='ltr'><strong>possumus</strong></span> <span class='ocrx_word' id='word_1_251' title='bbox 985 1818 1060 1889; x_wconf 90' lang='lat' dir='ltr'><strong>scopi</strong></span> <span class='ocrx_word' id='word_1_252' title='bbox 1077 1819 1119 1873; x_wconf 83' lang='lat' dir='ltr'><strong>vel</strong></span> <span class='ocrx_word' id='word_1_253' title='bbox 1135 1819 1334 1874; x_wconf 79' lang='lat' dir='ltr'><strong>sacerdotes...</strong></span> <span class='ocrx_word' id='word_1_254' title='bbox 1356 1820 1575 1890; x_wconf 83' lang='lat' dir='ltr'><strong>archiepiscopo.</strong></span> <span class='ocrx_word' id='word_1_255' title='bbox 1592 1820 1639 1875; x_wconf 86' lang='lat' dir='ltr'><strong>vel</strong></span> <span class='ocrx_word' id='word_1_256' title='bbox 1654 1822 1777 1892; x_wconf 83' lang='lat' dir='ltr'><strong>episeopis</strong></span> 
     </span>
     <span class='ocr_line' id='line_1_20' title="bbox 85 1890 1776 1980; baseline -0.001 -16"><span class='ocrx_word' id='word_1_257' title='bbox 85 1890 87 1895; x_wconf 32' lang='lat'><strong><em>¹</em></strong></span> <span class='ocrx_word' id='word_1_258' title='bbox 132 1907 228 1978; x_wconf 88' lang='lat' dir='ltr'><strong>procul</strong></span> <span class='ocrx_word' id='word_1_259' title='bbox 236 1907 318 1964; x_wconf 90' lang='lat' dir='ltr'><strong>dubio</strong></span> <span class='ocrx_word' id='word_1_260' title='bbox 328 1907 625 1979; x_wconf 80' lang='lat' dir='ltr'><strong>generaliteralligare,</strong></span> <span class='ocrx_word' id='word_1_261' title='bbox 636 1915 662 1961; x_wconf 90' lang='lat' dir='ltr'><strong>et</strong></span> <span class='ocrx_word' id='word_1_262' title='bbox 672 1913 757 1961; x_wconf 92' lang='lat' dir='ltr'><strong>totum</strong></span> <span class='ocrx_word' id='word_1_263' title='bbox 765 1921 934 1977; x_wconf 91' lang='lat' dir='ltr'><strong>consequen·</strong></span> <span class='ocrx_word' id='word_1_264' title='bbox 984 1905 1030 1976; x_wconf 92' lang='lat' dir='ltr'><strong>qui</strong></span> <span class='ocrx_word' id='word_1_265' title='bbox 1053 1905 1153 1960; x_wconf 90' lang='lat' dir='ltr'><strong>ibidem</strong></span> <span class='ocrx_word' id='word_1_266' title='bbox 1177 1906 1303 1961; x_wconf 84' lang='lat' dir='ltr'><strong>videntur</strong></span> <span class='ocrx_word' id='word_1_267' title='bbox 1327 1907 1442 1962; x_wconf 82' lang='lat' dir='ltr'><strong>existere</strong></span> <span class='ocrx_word' id='word_1_268' title='bbox 1447 1948 1512 1962; x_wconf 89' lang='grc'>......</span> <span class='ocrx_word' id='word_1_269' title='bbox 1541 1925 1652 1963; x_wconf 89' lang='lat' dir='ltr'><strong>sacrum</strong></span> <span class='ocrx_word' id='word_1_270' title='bbox 1677 1909 1776 1980; x_wconf 88' lang='lat' dir='ltr'><strong>pallium</strong></span> 
     </span>
     <span class='ocr_line' id='line_1_21' title="bbox 134 1994 1776 2068; baseline 0.002 -18"><span class='ocrx_word' id='word_1_271' title='bbox 134 2003 177 2051; x_wconf 87' lang='lat' dir='ltr'><strong>ter</strong></span> <span class='ocrx_word' id='word_1_272' title='bbox 190 1996 345 2065; x_wconf 85' lang='lat' dir='ltr'><strong>absolvere,</strong></span> <span class='ocrx_word' id='word_1_273' title='bbox 361 1995 497 2067; x_wconf 88' lang='lat' dir='ltr'><strong>praecipue</strong></span> <span class='ocrx_word' id='word_1_274' title='bbox 513 2011 575 2051; x_wconf 90' lang='lat' dir='ltr'><strong>curn</strong></span> <span class='ocrx_word' id='word_1_275' title='bbox 594 2011 626 2050; x_wconf 88' lang='lat' dir='ltr'><strong>ex</strong></span> <span class='ocrx_word' id='word_1_276' title='bbox 643 1995 695 2049; x_wconf 91' lang='lat' dir='ltr'><strong>hoc</strong></span> <span class='ocrx_word' id='word_1_277' title='bbox 714 1995 801 2065; x_wconf 82' lang='lat' dir='ltr'><strong>magis</strong></span> <span class='ocrx_word' id='word_1_278' title='bbox 816 1994 933 2065; x_wconf 62' lang='lat' dir='ltr'><strong>praeberi</strong></span> <span class='ocrx_word' id='word_1_279' title='bbox 985 2011 1038 2064; x_wconf 91' lang='lat' dir='ltr'><strong>quo</strong></span> <span class='ocrx_word' id='word_1_280' title='bbox 1051 1994 1121 2048; x_wconf 91' lang='lat' dir='ltr'><strong>inter</strong></span> <span class='ocrx_word' id='word_1_281' title='bbox 1135 2010 1211 2050; x_wconf 89' lang='lat' dir='ltr'><strong>sacra</strong></span> <span class='ocrx_word' id='word_1_282' title='bbox 1233 1995 1378 2049; x_wconf 89' lang='lat' dir='ltr'><strong>missarum</strong></span> <span class='ocrx_word' id='word_1_283' title='bbox 1402 1996 1535 2051; x_wconf 89' lang='lat' dir='ltr'><strong>solemnia</strong></span> <span class='ocrx_word' id='word_1_284' title='bbox 1550 1997 1590 2051; x_wconf 91' lang='lat' dir='ltr'><strong>uti</strong></span> <span class='ocrx_word' id='word_1_285' title='bbox 1614 1997 1776 2068; x_wconf 81' lang='lat' dir='ltr'><strong>pontittcttus</strong></span> 
     </span>
    </p>
   </div>
   <div class='ocr_carea' id='block_1_5' title="bbox 128 2082 932 2595">
    <p class='ocr_par' dir='ltr' id='par_1_6' title="bbox 133 2082 931 2155">
     <span class='ocr_line' id='line_1_22' title="bbox 133 2082 931 2155; baseline 0 -16"><span class='ocrx_word' id='word_1_286' title='bbox 133 2084 237 2141; x_wconf 88' lang='lat' dir='ltr'><strong>cunctis</strong></span> <span class='ocrx_word' id='word_1_287' title='bbox 252 2092 378 2155; x_wconf 90' lang='lat' dir='ltr'><strong>oporteat</strong></span> <span class='ocrx_word' id='word_1_288' title='bbox 392 2083 547 2154; x_wconf 83' lang='lat' dir='ltr'><strong>apostolicae</strong></span> <span class='ocrx_word' id='word_1_289' title='bbox 570 2082 750 2137; x_wconf 87' lang='lat' dir='ltr'><strong>miserationis</strong></span> <span class='ocrx_word' id='word_1_290' title='bbox 768 2082 931 2152; x_wconf 88' lang='lat' dir='ltr'><strong>exemplum.</strong></span> 
     </span>
    </p>

    <p class='ocr_par' dir='ltr' id='par_1_7' title="bbox 128 2170 932 2595">
     <span class='ocr_line' id='line_1_23' title="bbox 166 2170 932 2244; baseline -0.003 -16"><span class='ocrx_word' id='word_1_291' title='bbox 166 2172 238 2228; x_wconf 86' lang='lat' dir='ltr'><strong>Nam</strong></span> <span class='ocrx_word' id='word_1_292' title='bbox 261 2180 288 2227; x_wconf 92' lang='lat' dir='ltr'><strong>et</strong></span> <span class='ocrx_word' id='word_1_293' title='bbox 311 2170 393 2244; x_wconf 76' lang='lat' dir='ltr'><strong>legati</strong></span> <span class='ocrx_word' id='word_1_294' title='bbox 417 2171 491 2226; x_wconf 88' lang='lat' dir='ltr'><strong>sedis</strong></span> <span class='ocrx_word' id='word_1_295' title='bbox 514 2170 671 2242; x_wconf 81' lang='lat' dir='ltr'><strong>apostolicae</strong></span> <span class='ocrx_word' id='word_1_296' title='bbox 694 2171 727 2223; x_wconf 90' lang='lat' dir='ltr'><strong>ab</strong></span> <span class='ocrx_word' id='word_1_297' title='bbox 757 2178 932 2226; x_wconf 90' lang='lat' dir='ltr'><strong>antecessore</strong></span> 
     </span>
     <span class='ocr_line' id='line_1_24' title="bbox 131 2259 932 2330; baseline 0 -16"><span class='ocrx_word' id='word_1_298' title='bbox 131 2268 235 2329; x_wconf 87' lang='lat' dir='ltr'><strong>nostro,</strong></span> <span class='ocrx_word' id='word_1_299' title='bbox 251 2259 372 2316; x_wconf 73' lang='lat' dir='ltr'><strong>Adriano</strong></span> <span class='ocrx_word' id='word_1_300' title='bbox 386 2259 640 2316; x_wconf 78' lang='lat' dir='ltr'><strong>videlicetalmilico</strong></span> <span class='ocrx_word' id='word_1_301' title='bbox 654 2259 782 2330; x_wconf 71' lang='lat' dir='ltr'><strong>presule,</strong></span> <span class='ocrx_word' id='word_1_302' title='bbox 799 2260 932 2316; x_wconf 89' lang='lat' dir='ltr'><strong>Constan-</strong></span> 
     </span>
     <span class='ocr_line' id='line_1_25' title="bbox 131 2346 931 2418; baseline 0.001 -17"><span class='ocrx_word' id='word_1_303' title='bbox 131 2346 273 2418; x_wconf 85' lang='lat' dir='ltr'><strong>tinopolim</strong></span> <span class='ocrx_word' id='word_1_304' title='bbox 286 2347 392 2412; x_wconf 88' lang='lat' dir='ltr'><strong>directi,</strong></span> <span class='ocrx_word' id='word_1_305' title='bbox 409 2348 514 2418; x_wconf 83' lang='lat' dir='ltr'><strong>synodo</strong></span> <span class='ocrx_word' id='word_1_306' title='bbox 535 2348 638 2403; x_wconf 90' lang='lat' dir='ltr'><strong>ibidem</strong></span> <span class='ocrx_word' id='word_1_307' title='bbox 651 2355 769 2417; x_wconf 70' lang='lat' dir='ltr'><strong>peracte</strong></span> <span class='ocrx_word' id='word_1_308' title='bbox 793 2349 931 2418; x_wconf 89' lang='lat' dir='ltr'><strong>usquead</strong></span> 
     </span>
     <span class='ocr_line' id='line_1_26' title="bbox 132 2434 930 2508; baseline -0.003 -16"><span class='ocrx_word' id='word_1_309' title='bbox 132 2435 297 2492; x_wconf 86' lang='lat' dir='ltr'><strong>voluntatem</strong></span> <span class='ocrx_word' id='word_1_310' title='bbox 322 2436 365 2490; x_wconf 84' lang='lat' dir='ltr'><strong>sui</strong></span> <span class='ocrx_word' id='word_1_311' title='bbox 386 2435 523 2507; x_wconf 86' lang='lat' dir='ltr'><strong>pontilicis</strong></span> <span class='ocrx_word' id='word_1_312' title='bbox 551 2435 672 2508; x_wconf 82' lang='lat' dir='ltr'><strong>vigilanti</strong></span> <span class='ocrx_word' id='word_1_313' title='bbox 696 2434 784 2489; x_wconf 86' lang='lat' dir='ltr'><strong>studio</strong></span> <span class='ocrx_word' id='word_1_314' title='bbox 807 2436 930 2491; x_wconf 88' lang='lat' dir='ltr'><strong>subscri-</strong></span> 
     </span>
     <span class='ocr_line' id='line_1_27' title="bbox 128 2522 930 2595; baseline 0 -17"><span class='ocrx_word' id='word_1_315' title='bbox 128 2532 242 2594; x_wconf 86' lang='lat' dir='ltr'><strong>pserunt</strong></span> <span class='ocrx_word' id='word_1_316' title='bbox 246 2563 335 2580; x_wconf 91' lang='grc'><strong>........</strong></span> <span class='ocrx_word' id='word_1_317' title='bbox 338 2539 389 2580; x_wconf 89' lang='lat' dir='ltr'><strong>nec</strong></span> <span class='ocrx_word' id='word_1_318' title='bbox 411 2525 447 2578; x_wconf 90' lang='lat' dir='ltr'><strong>ab</strong></span> <span class='ocrx_word' id='word_1_319' title='bbox 471 2522 619 2595; x_wconf 87' lang='lat' dir='ltr'><strong>apostolico</strong></span> <span class='ocrx_word' id='word_1_320' title='bbox 644 2539 754 2577; x_wconf 90' lang='lat' dir='ltr'><strong>manere</strong></span> <span class='ocrx_word' id='word_1_321' title='bbox 772 2541 778 2576; x_wconf 92' lang='lat'><strong>:</strong></span> <span class='ocrx_word' id='word_1_322' title='bbox 795 2525 859 2594; x_wconf 89' lang='lat' dir='ltr'><strong>quia</strong></span> <span class='ocrx_word' id='word_1_323' title='bbox 884 2540 930 2579; x_wconf 91' lang='lat' dir='ltr'><strong>se-</strong></span> 
     </span>
    </p>
   </div>
   <div class='ocr_carea' id='block_1_6' title="bbox 984 2081 1773 2156">
    <p class='ocr_par' dir='ltr' id='par_1_8' title="bbox 984 2081 1773 2156">
     <span class='ocr_line' id='line_1_28' title="bbox 984 2081 1773 2156; baseline 0.01 -22"><span class='ocrx_word' id='word_1_324' title='bbox 984 2081 1093 2136; x_wconf 89' lang='lat' dir='ltr'><strong>solitum</strong></span> <span class='ocrx_word' id='word_1_325' title='bbox 1109 2090 1159 2149; x_wconf 86' lang='lat' dir='ltr'><strong>est,</strong></span> <span class='ocrx_word' id='word_1_326' title='bbox 1176 2083 1235 2153; x_wconf 90' lang='lat' dir='ltr'><strong>ipse</strong></span> <span class='ocrx_word' id='word_1_327' title='bbox 1258 2083 1408 2154; x_wconf 88' lang='lat' dir='ltr'><strong>patriarcha</strong></span> <span class='ocrx_word' id='word_1_328' title='bbox 1432 2084 1541 2140; x_wconf 88' lang='lat' dir='ltr'><strong>mittere</strong></span> <span class='ocrx_word' id='word_1_329' title='bbox 1567 2087 1773 2156; x_wconf 84' lang='lat' dir='ltr'><strong>praesumpserit</strong></span> 
     </span>
    </p>
   </div>
   <div class='ocr_carea' id='block_1_7' title="bbox 982 2188 1774 2613">
    <p class='ocr_par' dir='ltr' id='par_1_9' title="bbox 982 2188 1774 2613">
     <span class='ocr_line' id='line_1_29' title="bbox 1020 2188 1773 2263; baseline 0.013 -22"><span class='ocrx_word' id='word_1_330' title='bbox 1020 2189 1102 2243; x_wconf 88' lang='lat' dir='ltr'><strong>Porro</strong></span> <span class='ocrx_word' id='word_1_331' title='bbox 1116 2204 1164 2260; x_wconf 92' lang='lat' dir='ltr'><strong>pro</strong></span> <span class='ocrx_word' id='word_1_332' title='bbox 1178 2188 1259 2244; x_wconf 90' lang='lat' dir='ltr'><strong>tantis</strong></span> <span class='ocrx_word' id='word_1_333' title='bbox 1282 2190 1540 2260; x_wconf 82' lang='lat' dir='ltr'><strong>perturbationibus,</strong></span> <span class='ocrx_word' id='word_1_334' title='bbox 1559 2193 1672 2263; x_wconf 87' lang='lat' dir='ltr'><strong>quibus,</strong></span> <span class='ocrx_word' id='word_1_335' title='bbox 1689 2196 1773 2251; x_wconf 87' lang='lat' dir='ltr'><strong>Eccle-</strong></span> 
     </span>
     <span class='ocr_line' id='line_1_30' title="bbox 983 2275 1774 2348; baseline 0.013 -19"><span class='ocrx_word' id='word_1_336' title='bbox 983 2275 1021 2329; x_wconf 88' lang='lat' dir='ltr'><strong>sia</strong></span> <span class='ocrx_word' id='word_1_337' title='bbox 1037 2285 1126 2331; x_wconf 88' lang='lat' dir='ltr'><strong>vestra</strong></span> <span class='ocrx_word' id='word_1_338' title='bbox 1140 2277 1222 2347; x_wconf 82' lang='lat' dir='ltr'><strong>longo</strong></span> <span class='ocrx_word' id='word_1_339' title='bbox 1234 2278 1291 2346; x_wconf 76' lang='lat' dir='ltr'><strong>ianr</strong></span> <span class='ocrx_word' id='word_1_340' title='bbox 1307 2287 1429 2348; x_wconf 90' lang='lat' dir='ltr'><strong>tempore</strong></span> <span class='ocrx_word' id='word_1_341' title='bbox 1444 2288 1535 2333; x_wconf 88' lang='lat' dir='ltr'><strong>manet</strong></span> <span class='ocrx_word' id='word_1_342' title='bbox 1552 2281 1674 2347; x_wconf 84' lang='lat' dir='ltr'><strong>turbata,</strong></span> <span class='ocrx_word' id='word_1_343' title='bbox 1690 2291 1774 2339; x_wconf 82' lang='lat' dir='ltr'><strong>restra</strong></span> 
     </span>
     <span class='ocr_line' id='line_1_31' title="bbox 983 2365 1773 2437; baseline 0.011 -20"><span class='ocrx_word' id='word_1_344' title='bbox 983 2365 1122 2434; x_wconf 75' lang='lat' dir='ltr'><strong>augustali</strong></span> <span class='ocrx_word' id='word_1_345' title='bbox 1137 2365 1239 2435; x_wconf 87' lang='lat' dir='ltr'><strong>pietati,</strong></span> <span class='ocrx_word' id='word_1_346' title='bbox 1264 2366 1362 2420; x_wconf 85' lang='lat' dir='ltr'><strong>obnixe</strong></span> <span class='ocrx_word' id='word_1_347' title='bbox 1384 2366 1560 2437; x_wconf 77' lang='lat' dir='ltr'><strong>suggerimus</strong></span> <span class='ocrx_word' id='word_1_348' title='bbox 1576 2378 1606 2423; x_wconf 93' lang='lat' dir='ltr'><strong>ut</strong></span> <span class='ocrx_word' id='word_1_349' title='bbox 1629 2371 1773 2426; x_wconf 85' lang='lat' dir='ltr'><strong>Constanti-</strong></span> 
     </span>
     <span class='ocr_line' id='line_1_32' title="bbox 982 2452 1772 2524; baseline 0.013 -20"><span class='ocrx_word' id='word_1_350' title='bbox 982 2452 1167 2521; x_wconf 90' lang='lat' dir='ltr'><strong>nopolitanum</strong></span> <span class='ocrx_word' id='word_1_351' title='bbox 1182 2453 1365 2524; x_wconf 84' lang='lat' dir='ltr'><strong>patriarcham</strong></span> <span class='ocrx_word' id='word_1_352' title='bbox 1386 2455 1469 2524; x_wconf 83' lang='lat' dir='ltr'><strong>digno</strong></span> <span class='ocrx_word' id='word_1_353' title='bbox 1489 2457 1597 2510; x_wconf 90' lang='lat' dir='ltr'><strong>honore</strong></span> <span class='ocrx_word' id='word_1_354' title='bbox 1612 2468 1772 2524; x_wconf 78' lang='lat' dir='ltr'><strong>venerantes,</strong></span> 
     </span>
     <span class='ocr_line' id='line_1_33' title="bbox 982 2539 1773 2613; baseline 0.013 -21"><span class='ocrx_word' id='word_1_355' title='bbox 982 2539 1060 2608; x_wconf 87' lang='lat' dir='ltr'><strong>quasi</strong></span> <span class='ocrx_word' id='word_1_356' title='bbox 1074 2548 1176 2610; x_wconf 90' lang='lat' dir='ltr'><strong>patrem</strong></span> <span class='ocrx_word' id='word_1_357' title='bbox 1192 2541 1348 2610; x_wconf 76' lang='lat' dir='ltr'><strong>spiritalem,</strong></span> <span class='ocrx_word' id='word_1_358' title='bbox 1364 2551 1390 2597; x_wconf 93' lang='lat' dir='ltr'><strong>et</strong></span> <span class='ocrx_word' id='word_1_359' title='bbox 1405 2551 1498 2613; x_wconf 90' lang='lat' dir='ltr'><strong>utpote</strong></span> <span class='ocrx_word' id='word_1_360' title='bbox 1508 2542 1583 2598; x_wconf 90' lang='lat' dir='ltr'><strong>inter</strong></span> <span class='ocrx_word' id='word_1_361' title='bbox 1597 2561 1649 2600; x_wconf 84' lang='lat' dir='ltr'><strong>vos</strong></span> <span class='ocrx_word' id='word_1_362' title='bbox 1658 2556 1685 2601; x_wconf 90' lang='lat' dir='ltr'><strong>et</strong></span> <span class='ocrx_word' id='word_1_363' title='bbox 1700 2548 1773 2602; x_wconf 89' lang='lat' dir='ltr'><strong>Deum</strong></span> 
     </span>
    </p>
   </div>
   <div class='ocr_carea' id='block_1_8' title="bbox 130 2611 1773 2789">
    <p class='ocr_par' dir='ltr' id='par_1_10' title="bbox 130 2611 1773 2789">
     <span class='ocr_line' id='line_1_34' title="bbox 132 2611 1773 2706; baseline 0.008 -40"><span class='ocrx_word' id='word_1_364' title='bbox 132 2611 182 2668; x_wconf 88' lang='lat' dir='ltr'><strong>des</strong></span> <span class='ocrx_word' id='word_1_365' title='bbox 196 2611 269 2668; x_wconf 87' lang='lat' dir='ltr'><strong>beati</strong></span> <span class='ocrx_word' id='word_1_366' title='bbox 283 2612 355 2667; x_wconf 89' lang='lat' dir='ltr'><strong>Petri</strong></span> <span class='ocrx_word' id='word_1_367' title='bbox 376 2612 495 2668; x_wconf 89' lang='lat' dir='ltr'><strong>coelestis</strong></span> <span class='ocrx_word' id='word_1_368' title='bbox 510 2613 590 2684; x_wconf 81' lang='lat' dir='ltr'><strong>regni</strong></span> <span class='ocrx_word' id='word_1_369' title='bbox 613 2611 743 2684; x_wconf 79' lang='lat' dir='ltr'><strong>clavigeri</strong></span> <span class='ocrx_word' id='word_1_370' title='bbox 767 2619 930 2682; x_wconf 85' lang='lat' dir='ltr'><strong>potestatem</strong></span> <span class='ocrx_word' id='word_1_371' title='bbox 981 2628 1159 2683; x_wconf 62' lang='lat' dir='ltr'><strong>mediatorem</strong></span> <span class='ocrx_word' id='word_1_372' title='bbox 1180 2629 1355 2701; x_wconf 53' lang='lat' dir='ltr'><strong>mimum,</strong></span> <span class='ocrx_word' id='word_1_373' title='bbox 1378 2630 1469 2685; x_wconf 69' lang='lat' dir='ltr'><strong>divina</strong></span> <span class='ocrx_word' id='word_1_374' title='bbox 1482 2632 1572 2700; x_wconf 66' lang='lat' dir='ltr'><strong>vohis,</strong></span> <span class='ocrx_word' id='word_1_375' title='bbox 1590 2649 1643 2704; x_wconf 67' lang='lat' dir='ltr'><strong>per</strong></span> <span class='ocrx_word' id='word_1_376' title='bbox 1663 2652 1721 2706; x_wconf 52' lang='grc' dir='ltr'><strong>φη</strong></span> <span class='ocrx_word' id='word_1_377' title='bbox 1745 2636 1773 2690; x_wconf 64' lang='grc' dir='ltr'><em>ω</em></span> 
     </span>
     <span class='ocr_line' id='line_1_35' title="bbox 130 2698 1770 2789; baseline 0.007 -23"><span class='ocrx_word' id='word_1_378' title='bbox 130 2700 221 2767; x_wconf 67' lang='grc'>00000,</span> <span class='ocrx_word' id='word_1_379' title='bbox 236 2698 322 2773; x_wconf 69' lang='lat' dir='ltr'><strong>ligni·</strong></span> <span class='ocrx_word' id='word_1_380' title='bbox 341 2700 467 2772; x_wconf 62' lang='lat' dir='ltr'><strong>nnaellbni</strong></span> <span class='ocrx_word' id='word_1_381' title='bbox 487 2698 644 2771; x_wconf 69' lang='lat' dir='ltr'><strong>l&gt;ontifieum</strong></span> <span class='ocrx_word' id='word_1_382' title='bbox 667 2715 786 2770; x_wconf 67' lang='lat' dir='ltr'>⁰⁰1¹g¹¹¹¹³</span> <span class='ocrx_word' id='word_1_383' title='bbox 808 2699 929 2754; x_wconf 66' lang='lat' dir='ltr'><strong>ffisiimn·</strong></span> <span class='ocrx_word' id='word_1_384' title='bbox 981 2731 1096 2786; x_wconf 76' lang='lat' dir='ltr'><strong>regnum</strong></span> <span class='ocrx_word' id='word_1_385' title='bbox 1111 2718 1277 2787; x_wconf 89' lang='lat' dir='ltr'><strong>perveniatis</strong></span> <span class='ocrx_word' id='word_1_386' title='bbox 1297 2727 1437 2785; x_wconf 84' lang='lat' dir='ltr'><strong>aetemum,</strong></span> <span class='ocrx_word' id='word_1_387' title='bbox 1455 2721 1551 2775; x_wconf 90' lang='lat' dir='ltr'><strong>sedule</strong></span> <span class='ocrx_word' id='word_1_388' title='bbox 1566 2723 1770 2789; x_wconf 84' lang='lat' dir='ltr'><strong>annuntiantem,</strong></span> 
     </span>
    </p>
   </div>
   <div class='ocr_carea' id='block_1_9' title="bbox 123 2786 1774 3760">
    <p class='ocr_par' dir='ltr' id='par_1_11' title="bbox 128 2786 1774 3319">
     <span class='ocr_line' id='line_1_36' title="bbox 130 2786 1773 2875; baseline 0.011 -25"><span class='ocrx_word' id='word_1_389' title='bbox 130 2787 205 2842; x_wconf 76' lang='lat' dir='ltr'><strong>nnnn</strong></span> <span class='ocrx_word' id='word_1_390' title='bbox 227 2787 380 2843; x_wconf 72' lang='lat' dir='ltr'><strong>nbnnllnnn·</strong></span> <span class='ocrx_word' id='word_1_391' title='bbox 407 2786 514 2859; x_wconf 64' lang='lat' dir='ltr'><strong>Quippe</strong></span> <span class='ocrx_word' id='word_1_392' title='bbox 539 2803 600 2842; x_wconf 68' lang='lat'><strong>⁰⁰¹⁰</strong></span> <span class='ocrx_word' id='word_1_393' title='bbox 622 2796 728 2844; x_wconf 77' lang='grc' dir='ltr'>000οῑοῑ</span> <span class='ocrx_word' id='word_1_394' title='bbox 753 2788 853 2843; x_wconf 68' lang='grc'>0001000</span> <span class='ocrx_word' id='word_1_395' title='bbox 872 2789 929 2856; x_wconf 65' lang='lat' dir='ltr'><strong>lam</strong></span> <span class='ocrx_word' id='word_1_396' title='bbox 980 2803 1025 2874; x_wconf 89' lang='lat' dir='ltr'><strong>pio</strong></span> <span class='ocrx_word' id='word_1_397' title='bbox 1036 2820 1145 2875; x_wconf 89' lang='lat' dir='ltr'><strong>semper</strong></span> <span class='ocrx_word' id='word_1_398' title='bbox 1158 2804 1256 2861; x_wconf 84' lang='lat' dir='ltr'><strong>affectu</strong></span> <span class='ocrx_word' id='word_1_399' title='bbox 1267 2807 1372 2872; x_wconf 89' lang='lat' dir='ltr'><strong>colatis,</strong></span> <span class='ocrx_word' id='word_1_400' title='bbox 1386 2816 1411 2862; x_wconf 88' lang='lat' dir='ltr'><strong>et</strong></span> <span class='ocrx_word' id='word_1_401' title='bbox 1422 2816 1447 2862; x_wconf 90' lang='lat' dir='ltr'><strong>ut</strong></span> <span class='ocrx_word' id='word_1_402' title='bbox 1457 2810 1601 2873; x_wconf 84' lang='lat' dir='ltr'><strong>condecet,</strong></span> <span class='ocrx_word' id='word_1_403' title='bbox 1620 2812 1773 2869; x_wconf 81' lang='lat' dir='ltr'><strong>inomnibus</strong></span> 
     </span>
     <span class='ocr_line' id='line_1_37' title="bbox 130 2875 1771 2968; baseline 0.007 -24"><span class='ocrx_word' id='word_1_404' title='bbox 130 2875 309 2944; x_wconf 66' lang='grc'>0000000000,</span> <span class='ocrx_word' id='word_1_405' title='bbox 326 2876 620 2931; x_wconf 62' lang='grc' dir='ltr'><strong>Ιι00000000010500ΠΙ</strong></span> <span class='ocrx_word' id='word_1_406' title='bbox 634 2875 800 2945; x_wconf 51' lang='lat' dir='ltr'><strong>&amp;cirillum</strong></span> <span class='ocrx_word' id='word_1_407' title='bbox 814 2877 929 2930; x_wconf 70' lang='lat' dir='ltr'><strong>Mfflffln·</strong></span> <span class='ocrx_word' id='word_1_408' title='bbox 980 2891 1138 2959; x_wconf 86' lang='lat' dir='ltr'><strong>honoretis;</strong></span> <span class='ocrx_word' id='word_1_409' title='bbox 1155 2894 1218 2964; x_wconf 89' lang='lat' dir='ltr'><strong>quia</strong></span> <span class='ocrx_word' id='word_1_410' title='bbox 1239 2896 1454 2966; x_wconf 89' lang='lat' dir='ltr'><strong>protemporali,</strong></span> <span class='ocrx_word' id='word_1_411' title='bbox 1482 2914 1566 2968; x_wconf 92' lang='lat' dir='ltr'><strong>quem</strong></span> <span class='ocrx_word' id='word_1_412' title='bbox 1582 2899 1624 2953; x_wconf 94' lang='lat' dir='ltr'><strong>illi</strong></span> <span class='ocrx_word' id='word_1_413' title='bbox 1639 2901 1771 2964; x_wconf 72' lang='lat' dir='ltr'><strong>exhibetis</strong></span> 
     </span>
     <span class='ocr_line' id='line_1_38' title="bbox 128 2961 1771 3053; baseline 0.009 -36"><span class='ocrx_word' id='word_1_414' title='bbox 128 2961 233 3029; x_wconf 76' lang='lat' dir='ltr'><strong>dl&#39;ill08,</strong></span> <span class='ocrx_word' id='word_1_415' title='bbox 250 2961 409 3017; x_wconf 76' lang='lat' dir='ltr'><strong>Flavianum</strong></span> <span class='ocrx_word' id='word_1_416' title='bbox 418 2970 445 3018; x_wconf 68' lang='lat' dir='ltr'><strong>ei</strong></span> <span class='ocrx_word' id='word_1_417' title='bbox 454 2962 587 3017; x_wconf 73' lang='lat' dir='ltr'><strong>loannem</strong></span> <span class='ocrx_word' id='word_1_418' title='bbox 603 2963 926 3034; x_wconf 78' lang='lat' dir='ltr'><strong>Constantinopolitanos,</strong></span> <span class='ocrx_word' id='word_1_419' title='bbox 980 2979 1092 3044; x_wconf 61' lang='lat' dir='ltr'><strong>honore,</strong></span> <span class='ocrx_word' id='word_1_420' title='bbox 1108 2972 1156 3037; x_wconf 61' lang='lat' dir='ltr'><strong>vos&#39;</strong></span> <span class='ocrx_word' id='word_1_421' title='bbox 1171 2990 1198 3036; x_wconf 67' lang='lat' dir='ltr'><strong>et</strong></span> <span class='ocrx_word' id='word_1_422' title='bbox 1211 2982 1254 3038; x_wconf 73' lang='lat' dir='ltr'><strong>hic</strong></span> <span class='ocrx_word' id='word_1_423' title='bbox 1269 2984 1445 3053; x_wconf 66' lang='lat' dir='ltr'><strong>temporalem</strong></span> <span class='ocrx_word' id='word_1_424' title='bbox 1468 2986 1707 3044; x_wconf 66' lang='lat' dir='ltr'><strong>honorificentiam</strong></span> <span class='ocrx_word' id='word_1_425' title='bbox 1728 2991 1771 3045; x_wconf 63' lang='lat' dir='ltr'><strong>hg.</strong></span> 
     </span>
     <span class='ocr_line' id='line_1_39' title="bbox 130 3049 1774 3146; baseline 0.011 -31"><span class='ocrx_word' id='word_1_426' title='bbox 130 3049 379 3121; x_wconf 69' lang='lat' dir='ltr'><strong>0²P⁰ll⁰hr0¹¹i¹¹m</strong></span> <span class='ocrx_word' id='word_1_427' title='bbox 399 3050 929 3122; x_wconf 64' lang='lat' dir='ltr'><strong>J0f0⁵0¹l¹¹¹l¹³¹11¹fflSlfl0di⁰ed³mni²·</strong></span> <span class='ocrx_word' id='word_1_428' title='bbox 981 3067 1089 3133; x_wconf 85' lang='lat' dir='ltr'><strong>babilis,</strong></span> <span class='ocrx_word' id='word_1_429' title='bbox 1117 3076 1143 3124; x_wconf 90' lang='lat' dir='ltr'><strong>et</strong></span> <span class='ocrx_word' id='word_1_430' title='bbox 1174 3070 1202 3123; x_wconf 94' lang='lat' dir='ltr'><strong>in</strong></span> <span class='ocrx_word' id='word_1_431' title='bbox 1226 3079 1357 3126; x_wconf 84' lang='lat' dir='ltr'><strong>aeternunr</strong></span> <span class='ocrx_word' id='word_1_432' title='bbox 1382 3073 1558 3145; x_wconf 87' lang='lat' dir='ltr'><strong>multiplicem</strong></span> <span class='ocrx_word' id='word_1_433' title='bbox 1583 3077 1682 3146; x_wconf 90' lang='lat' dir='ltr'><strong>procul</strong></span> <span class='ocrx_word' id='word_1_434' title='bbox 1704 3077 1774 3133; x_wconf 89' lang='lat' dir='ltr'><strong>dubio</strong></span> 
     </span>
     <span class='ocr_line' id='line_1_40' title="bbox 130 3136 1770 3239; baseline 0.009 -32"><span class='ocrx_word' id='word_1_435' title='bbox 130 3146 173 3191; x_wconf 72' lang='lat'><strong>²⁰⁸</strong></span> <span class='ocrx_word' id='word_1_436' title='bbox 186 3152 236 3208; x_wconf 69' lang='lat' dir='ltr'><strong>l‘ffl&#39;</strong></span> <span class='ocrx_word' id='word_1_437' title='bbox 254 3136 412 3208; x_wconf 64' lang='grc'>0000101000</span> <span class='ocrx_word' id='word_1_438' title='bbox 436 3138 509 3193; x_wconf 63' lang='lat' dir='ltr'><strong>sedis</strong></span> <span class='ocrx_word' id='word_1_439' title='bbox 533 3138 705 3209; x_wconf 71' lang='lat' dir='ltr'><strong>P0⁵¹m⁰d⁰l¹¹</strong></span> <span class='ocrx_word' id='word_1_440' title='bbox 730 3139 928 3196; x_wconf 68' lang='grc'>000010000000</span> <span class='ocrx_word' id='word_1_441' title='bbox 980 3155 1128 3225; x_wconf 87' lang='lat' dir='ltr'><strong>recipietis,</strong></span> <span class='ocrx_word' id='word_1_442' title='bbox 1143 3157 1177 3211; x_wconf 90' lang='lat' dir='ltr'><strong>ab</strong></span> <span class='ocrx_word' id='word_1_443' title='bbox 1192 3158 1238 3214; x_wconf 93' lang='lat' dir='ltr'><strong>illo</strong></span> <span class='ocrx_word' id='word_1_444' title='bbox 1252 3175 1350 3230; x_wconf 87' lang='lat' dir='ltr'><strong>nempe</strong></span> <span class='ocrx_word' id='word_1_445' title='bbox 1365 3161 1411 3232; x_wconf 91' lang='lat' dir='ltr'><strong>qui</strong></span> <span class='ocrx_word' id='word_1_446' title='bbox 1425 3161 1616 3233; x_wconf 82' lang='lat' dir='ltr'><strong>glorificantes</strong></span> <span class='ocrx_word' id='word_1_447' title='bbox 1632 3182 1663 3220; x_wconf 91' lang='lat' dir='ltr'><strong>se</strong></span> <span class='ocrx_word' id='word_1_448' title='bbox 1676 3164 1770 3239; x_wconf 80' lang='lat' dir='ltr'><strong>glorifi-</strong></span> 
     </span>
     <span class='ocr_line' id='line_1_41' title="bbox 128 3224 1771 3319; baseline 0.013 -31"><span class='ocrx_word' id='word_1_449' title='bbox 128 3224 268 3282; x_wconf 72' lang='lat' dir='ltr'><strong>rnslinnnn</strong></span> <span class='ocrx_word' id='word_1_450' title='bbox 284 3225 474 3282; x_wconf 62' lang='lat' dir='ltr'><strong>incunctanter</strong></span> <span class='ocrx_word' id='word_1_451' title='bbox 488 3225 582 3281; x_wconf 71' lang='lat' dir='ltr'><strong>fnisse·</strong></span> <span class='ocrx_word' id='word_1_452' title='bbox 979 3258 1043 3298; x_wconf 87' lang='lat' dir='ltr'><strong>care</strong></span> <span class='ocrx_word' id='word_1_453' title='bbox 1064 3252 1177 3299; x_wconf 85' lang='lat' dir='ltr'><strong>testatur</strong></span> <span class='ocrx_word' id='word_1_454' title='bbox 1204 3247 1304 3318; x_wconf 82' lang='lat' dir='ltr'><strong>(lllcp.</strong></span> <span class='ocrx_word' id='word_1_455' title='bbox 1330 3261 1375 3319; x_wconf 72' lang='lat' dir='ltr'><strong>rr).</strong></span> <span class='ocrx_word' id='word_1_456' title='bbox 1400 3250 1458 3305; x_wconf 91' lang='lat' dir='ltr'><strong>Nec</strong></span> <span class='ocrx_word' id='word_1_457' title='bbox 1485 3267 1582 3306; x_wconf 90' lang='lat' dir='ltr'><strong>eorum</strong></span> <span class='ocrx_word' id='word_1_458' title='bbox 1603 3255 1689 3308; x_wconf 82' lang='lat' dir='ltr'><strong>rerba</strong></span> <span class='ocrx_word' id='word_1_459' title='bbox 1710 3253 1771 3309; x_wconf 83' lang='lat' dir='ltr'><strong>false</strong></span> 
     </span>
    </p>

    <p class='ocr_par' dir='ltr' id='par_1_12' title="bbox 123 3314 1771 3760">
     <span class='ocr_line' id='line_1_42' title="bbox 161 3314 1770 3414; baseline 0.015 -39"><span class='ocrx_word' id='word_1_460' title='bbox 161 3314 202 3370; x_wconf 80' lang='lat' dir='ltr'><strong>En</strong></span> <span class='ocrx_word' id='word_1_461' title='bbox 216 3321 309 3370; x_wconf 72' lang='lat' dir='ltr'><strong>lamen</strong></span> <span class='ocrx_word' id='word_1_462' title='bbox 324 3321 418 3370; x_wconf 75' lang='lat' dir='ltr'><strong>lenone</strong></span> <span class='ocrx_word' id='word_1_463' title='bbox 433 3315 486 3369; x_wconf 71' lang='lat' dir='ltr'><strong>inin</strong></span> <span class='ocrx_word' id='word_1_464' title='bbox 510 3323 667 3381; x_wconf 90' lang='lat' dir='ltr'><strong>statuentes,</strong></span> <span class='ocrx_word' id='word_1_465' title='bbox 690 3317 841 3386; x_wconf 67' lang='lat' dir='ltr'><strong>nP0S¹⁰llnn</strong></span> <span class='ocrx_word' id='word_1_466' title='bbox 855 3318 927 3372; x_wconf 76' lang='lat' dir='ltr'><strong>dnn·</strong></span> <span class='ocrx_word' id='word_1_467' title='bbox 978 3332 1093 3401; x_wconf 88' lang='lat' dir='ltr'><strong>prolata,</strong></span> <span class='ocrx_word' id='word_1_468' title='bbox 1110 3334 1156 3404; x_wconf 89' lang='lat' dir='ltr'><strong>qui</strong></span> <span class='ocrx_word' id='word_1_469' title='bbox 1171 3335 1362 3390; x_wconf 86' lang='lat' dir='ltr'><strong>scandalorum</strong></span> <span class='ocrx_word' id='word_1_470' title='bbox 1383 3337 1484 3392; x_wconf 87' lang='lat' dir='ltr'><strong>zizania</strong></span> <span class='ocrx_word' id='word_1_471' title='bbox 1507 3356 1590 3410; x_wconf 88' lang='lat' dir='ltr'><strong>super</strong></span> <span class='ocrx_word' id='word_1_472' title='bbox 1605 3343 1770 3414; x_wconf 85' lang='lat' dir='ltr'><strong>conspicuam</strong></span> 
     </span>
     <span class='ocr_line' id='line_1_43' title="bbox 123 3402 1771 3504; baseline 0.013 -48"><span class='ocrx_word' id='word_1_473' title='bbox 123 3409 197 3457; x_wconf 66' lang='lat' dir='ltr'><strong>lulli</strong></span> <span class='ocrx_word' id='word_1_474' title='bbox 221 3402 380 3458; x_wconf 71' lang='lat' dir='ltr'><strong>nuelOlilEle</strong></span> <span class='ocrx_word' id='word_1_475' title='bbox 404 3411 431 3458; x_wconf 81' lang='lat' dir='ltr'><strong>el</strong></span> <span class='ocrx_word' id='word_1_476' title='bbox 446 3410 603 3459; x_wconf 67' lang='lat' dir='ltr'><strong>Samiorum</strong></span> <span class='ocrx_word' id='word_1_477' title='bbox 626 3404 734 3458; x_wconf 83' lang='lat' dir='ltr'><strong>Petrum</strong></span> <span class='ocrx_word' id='word_1_478' title='bbox 759 3406 925 3460; x_wconf 72' lang='lat' dir='ltr'><strong>venerabili·</strong></span> <span class='ocrx_word' id='word_1_479' title='bbox 979 3429 1100 3490; x_wconf 72' lang='lat' dir='ltr'><strong>segetem</strong></span> <span class='ocrx_word' id='word_1_480' title='bbox 1117 3423 1223 3476; x_wconf 78' lang='lat' dir='ltr'><strong>Domini</strong></span> <span class='ocrx_word' id='word_1_481' title='bbox 1238 3424 1374 3480; x_wconf 75' lang='lat' dir='ltr'><strong>seminare</strong></span> <span class='ocrx_word' id='word_1_482' title='bbox 1390 3442 1444 3480; x_wconf 84' lang='lat' dir='ltr'><strong>non</strong></span> <span class='ocrx_word' id='word_1_483' title='bbox 1455 3439 1573 3497; x_wconf 60' lang='lat' dir='ltr'><strong>cessant,</strong></span> <span class='ocrx_word' id='word_1_484' title='bbox 1591 3441 1684 3487; x_wconf 70' lang='lat' dir='ltr'><strong>vestm</strong></span> <span class='ocrx_word' id='word_1_485' title='bbox 1696 3434 1771 3504; x_wconf 76' lang='lat' dir='ltr'><strong>impe·</strong></span> 
     </span>
     <span class='ocr_line' id='line_1_44' title="bbox 125 3489 1769 3590; baseline 0.012 -46"><span class='ocrx_word' id='word_1_486' title='bbox 125 3490 178 3546; x_wconf 88' lang='lat' dir='ltr'><strong>bus</strong></span> <span class='ocrx_word' id='word_1_487' title='bbox 198 3489 327 3546; x_wconf 81' lang='lat' dir='ltr'><strong>institutis</strong></span> <span class='ocrx_word' id='word_1_488' title='bbox 349 3491 522 3546; x_wconf 88' lang='lat' dir='ltr'><strong>decernimus</strong></span> <span class='ocrx_word' id='word_1_489' title='bbox 537 3499 565 3546; x_wconf 91' lang='lat' dir='ltr'><strong>ut</strong></span> <span class='ocrx_word' id='word_1_490' title='bbox 580 3499 641 3562; x_wconf 88' lang='lat' dir='ltr'><strong>post</strong></span> <span class='ocrx_word' id='word_1_491' title='bbox 663 3492 742 3561; x_wconf 90' lang='lat' dir='ltr'><strong>hujus</strong></span> <span class='ocrx_word' id='word_1_492' title='bbox 766 3493 926 3564; x_wconf 85' lang='lat' dir='ltr'><strong>patriarchae</strong></span> <span class='ocrx_word' id='word_1_493' title='bbox 977 3507 1052 3562; x_wconf 66' lang='lat' dir='ltr'><strong>rialts</strong></span> <span class='ocrx_word' id='word_1_494' title='bbox 1071 3509 1199 3582; x_wconf 65' lang='lat' dir='ltr'><strong>djgnerm</strong></span> <span class='ocrx_word' id='word_1_495' title='bbox 1214 3512 1309 3566; x_wconf 67' lang='lat' dir='ltr'><strong>audire</strong></span> <span class='ocrx_word' id='word_1_496' title='bbox 1333 3515 1714 3590; x_wconf 66' lang='lat' dir='ltr'><strong>maj05133‚necpr0pa]ium</strong></span> <span class='ocrx_word' id='word_1_497' title='bbox 1727 3538 1769 3577; x_wconf 70' lang='lat' dir='ltr'><strong>sq.</strong></span> 
     </span>
     <span class='ocr_line' id='line_1_45' title="bbox 125 3576 1768 3684; baseline 0.013 -39"><span class='ocrx_word' id='word_1_498' title='bbox 125 3576 239 3646; x_wconf 65' lang='lat' dir='ltr'><strong>0bi²¹¹¹nt</strong></span> <span class='ocrx_word' id='word_1_499' title='bbox 255 3577 388 3634; x_wconf 65' lang='grc'><strong>00110500</strong></span> <span class='ocrx_word' id='word_1_500' title='bbox 403 3579 481 3636; x_wconf 68' lang='grc' dir='ltr'>100οῘ0</span> <span class='ocrx_word' id='word_1_501' title='bbox 497 3580 540 3635; x_wconf 67' lang='lat' dir='ltr'><strong>vel</strong></span> <span class='ocrx_word' id='word_1_502' title='bbox 553 3580 701 3636; x_wconf 63' lang='lat' dir='ltr'><strong>curialibus</strong></span> <span class='ocrx_word' id='word_1_503' title='bbox 715 3580 743 3635; x_wconf 71' lang='lat' dir='ltr'><strong>in</strong></span> <span class='ocrx_word' id='word_1_504' title='bbox 757 3581 926 3652; x_wconf 61' lang='grc'>0010000000·</span> <span class='ocrx_word' id='word_1_505' title='bbox 978 3598 1172 3653; x_wconf 87' lang='lat' dir='ltr'><strong>surrationibus</strong></span> <span class='ocrx_word' id='word_1_506' title='bbox 1186 3601 1335 3668; x_wconf 89' lang='lat' dir='ltr'><strong>hominum,</strong></span> <span class='ocrx_word' id='word_1_507' title='bbox 1352 3605 1398 3674; x_wconf 88' lang='lat' dir='ltr'><strong>qui</strong></span> <span class='ocrx_word' id='word_1_508' title='bbox 1408 3622 1516 3676; x_wconf 87' lang='lat' dir='ltr'><strong>semper</strong></span> <span class='ocrx_word' id='word_1_509' title='bbox 1530 3609 1644 3684; x_wconf 76' lang='lat' dir='ltr'><strong>student</strong></span> <span class='ocrx_word' id='word_1_510' title='bbox 1655 3612 1768 3667; x_wconf 78' lang='lat' dir='ltr'><strong>scindere</strong></span> 
     </span>
     <span class='ocr_line' id='line_1_46' title="bbox 126 3664 1764 3760; baseline 0.01 -41"><span class='ocrx_word' id='word_1_511' title='bbox 126 3671 169 3720; x_wconf 87' lang='lat' dir='ltr'><strong>tua</strong></span> <span class='ocrx_word' id='word_1_512' title='bbox 184 3664 352 3737; x_wconf 84' lang='lat' dir='ltr'><strong>eligaturrel</strong></span> <span class='ocrx_word' id='word_1_513' title='bbox 367 3669 732 3736; x_wconf 85' lang='lat' dir='ltr'><strong>consecreturhonore,nisi</strong></span> <span class='ocrx_word' id='word_1_514' title='bbox 746 3670 780 3726; x_wconf 94' lang='lat' dir='ltr'><strong>de</strong></span> <span class='ocrx_word' id='word_1_515' title='bbox 796 3670 924 3725; x_wconf 85' lang='lat' dir='ltr'><strong>cardina·</strong></span> <span class='ocrx_word' id='word_1_516' title='bbox 976 3683 1105 3740; x_wconf 87' lang='lat' dir='ltr'><strong>unitatem</strong></span> <span class='ocrx_word' id='word_1_517' title='bbox 1128 3687 1188 3757; x_wconf 52' lang='lat' dir='ltr'><strong>Dei,</strong></span> <span class='ocrx_word' id='word_1_518' title='bbox 1215 3698 1317 3744; x_wconf 50' lang='lat' dir='ltr'><strong>,vestem</strong></span> <span class='ocrx_word' id='word_1_519' title='bbox 1343 3692 1460 3758; x_wconf 50' lang='lat' dir='ltr'><strong>nmini,</strong></span> <span class='ocrx_word' id='word_1_520' title='bbox 1488 3695 1643 3752; x_wconf 50' lang='lat' dir='ltr'><strong>&amp;cresim</strong></span> <span class='ocrx_word' id='word_1_521' title='bbox 1667 3699 1764 3760; x_wconf 59' lang='lat' dir='ltr'><strong>chrjsq</strong></span> 
     </span>
    </p>
   </div>
   <div class='ocr_carea' id='block_1_10' title="bbox 122 3751 1764 3937">
    <p class='ocr_par' dir='ltr' id='par_1_13' title="bbox 122 3751 1764 3937">
     <span class='ocr_line' id='line_1_47' title="bbox 122 3751 1764 3856; baseline 0.01 -49"><span class='ocrx_word' id='word_1_522' title='bbox 122 3751 194 3808; x_wconf 86' lang='lat' dir='ltr'><strong>libus</strong></span> <span class='ocrx_word' id='word_1_523' title='bbox 208 3753 376 3825; x_wconf 78' lang='lat' dir='ltr'><strong>presbyteris</strong></span> <span class='ocrx_word' id='word_1_524' title='bbox 396 3764 423 3810; x_wconf 89' lang='lat' dir='ltr'><strong>et</strong></span> <span class='ocrx_word' id='word_1_525' title='bbox 437 3756 597 3812; x_wconf 88' lang='lat' dir='ltr'><strong>diaconibus</strong></span> <span class='ocrx_word' id='word_1_526' title='bbox 621 3757 925 3828; x_wconf 70' lang='lat' dir='ltr'><strong>Constantinopolitanae</strong></span> <span class='ocrx_word' id='word_1_527' title='bbox 976 3772 1075 3844; x_wconf 68' lang='lat' dir='ltr'><strong>quique</strong></span> <span class='ocrx_word' id='word_1_528' title='bbox 1090 3774 1190 3846; x_wconf 69' lang='lat' dir='ltr'><strong>linguis</strong></span> <span class='ocrx_word' id='word_1_529' title='bbox 1205 3777 1260 3831; x_wconf 71' lang='lat' dir='ltr'><strong>suis</strong></span> <span class='ocrx_word' id='word_1_530' title='bbox 1271 3794 1379 3850; x_wconf 60' lang='lat' dir='ltr'><strong>semper</strong></span> <span class='ocrx_word' id='word_1_531' title='bbox 1389 3781 1483 3837; x_wconf 89' lang='lat' dir='ltr'><strong>dolose</strong></span> <span class='ocrx_word' id='word_1_532' title='bbox 1497 3799 1582 3856; x_wconf 55' lang='lat' dir='ltr'><strong>agere</strong></span> <span class='ocrx_word' id='word_1_533' title='bbox 1594 3802 1650 3842; x_wconf 56' lang='grc' dir='ltr'><strong>Ποῦ</strong></span> <span class='ocrx_word' id='word_1_534' title='bbox 1660 3797 1764 3853; x_wconf 43' lang='lat' dir='ltr'><strong>emp,</strong></span> 
     </span>
     <span class='ocr_line' id='line_1_48' title="bbox 125 3839 1761 3937; baseline 0.013 -29"><span class='ocrx_word' id='word_1_535' title='bbox 125 3839 208 3908; x_wconf 62' lang='grc' dir='ltr'>0000οι</span> <span class='ocrx_word' id='word_1_536' title='bbox 222 3839 373 3895; x_wconf 66' lang='grc'>0000000100</span> <span class='ocrx_word' id='word_1_537' title='bbox 388 3858 479 3898; x_wconf 71' lang='grc'>500005</span> <span class='ocrx_word' id='word_1_538' title='bbox 490 3859 610 3899; x_wconf 77' lang='grc'>0000000</span> <span class='ocrx_word' id='word_1_539' title='bbox 625 3845 725 3915; x_wconf 68' lang='lat' dir='ltr'><strong>spirim</strong></span> <span class='ocrx_word' id='word_1_540' title='bbox 736 3846 785 3901; x_wconf 69' lang='lat' dir='ltr'><strong>Dei</strong></span> <span class='ocrx_word' id='word_1_541' title='bbox 800 3847 923 3902; x_wconf 70' lang='lat' dir='ltr'><strong>nnndiins</strong></span> <span class='ocrx_word' id='word_1_542' title='bbox 974 3876 1109 3916; x_wconf 78' lang='lat' dir='ltr'><strong>venenum</strong></span> <span class='ocrx_word' id='word_1_543' title='bbox 1127 3864 1250 3934; x_wconf 89' lang='lat' dir='ltr'><strong>aspidum</strong></span> <span class='ocrx_word' id='word_1_544' title='bbox 1273 3875 1411 3937; x_wconf 87' lang='lat' dir='ltr'><strong>portantes</strong></span> <span class='ocrx_word' id='word_1_545' title='bbox 1437 3871 1487 3924; x_wconf 89' lang='lat' dir='ltr'><strong>sub</strong></span> <span class='ocrx_word' id='word_1_546' title='bbox 1501 3871 1582 3928; x_wconf 89' lang='lat' dir='ltr'><strong>labiis</strong></span> <span class='ocrx_word' id='word_1_547' title='bbox 1607 3875 1664 3930; x_wconf 91' lang='lat' dir='ltr'><strong>suis</strong></span> <span class='ocrx_word' id='word_1_548' title='bbox 1679 3877 1761 3931; x_wconf 75' lang='lat' dir='ltr'><strong>(Ptol.</strong></span> 
     </span>
    </p>
   </div>
   <div class='ocr_carea' id='block_1_11' title="bbox 1682 3932 1688 3947">
    <p class='ocr_par' dir='ltr' id='par_1_14' title="bbox 1682 3932 1688 3947">
     <span class='ocr_line' id='line_1_49' title="bbox 1682 3932 1688 3947; baseline 0 0"><span class='ocrx_word' id='word_1_549' title='bbox 1682 3932 1688 3947; x_wconf 69' lang='lat' dir='ltr'><strong>h</strong></span> 
     </span>
    </p>
   </div>
   <div class='ocr_carea' id='block_1_12' title="bbox 103 3926 923 4355">
    <p class='ocr_par' dir='ltr' id='par_1_15' title="bbox 103 3926 923 4355">
     <span class='ocr_line' id='line_1_50' title="bbox 126 3926 923 4004; baseline 0.013 -22"><span class='ocrx_word' id='word_1_550' title='bbox 126 3934 153 3982; x_wconf 88' lang='lat' dir='ltr'><strong>et</strong></span> <span class='ocrx_word' id='word_1_551' title='bbox 174 3926 255 3982; x_wconf 91' lang='lat' dir='ltr'><strong>totius</strong></span> <span class='ocrx_word' id='word_1_552' title='bbox 278 3927 372 3983; x_wconf 88' lang='lat' dir='ltr'><strong>mundi</strong></span> <span class='ocrx_word' id='word_1_553' title='bbox 396 3932 548 3987; x_wconf 88' lang='lat' dir='ltr'><strong>reverentia</strong></span> <span class='ocrx_word' id='word_1_554' title='bbox 570 3941 746 3989; x_wconf 89' lang='lat' dir='ltr'><strong>consecratos</strong></span> <span class='ocrx_word' id='word_1_555' title='bbox 763 3953 770 3999; x_wconf 92' lang='lat'><strong>·,</strong></span> <span class='ocrx_word' id='word_1_556' title='bbox 787 3935 850 4004; x_wconf 87' lang='lat' dir='ltr'><strong>quia</strong></span> <span class='ocrx_word' id='word_1_557' title='bbox 872 3952 923 3992; x_wconf 89' lang='lat' dir='ltr'><strong>nec</strong></span> 
     </span>
     <span class='ocr_line' id='line_1_51' title="bbox 125 4020 922 4088; baseline 0.015 -22"><span class='ocrx_word' id='word_1_558' title='bbox 125 4028 297 4084; x_wconf 74' lang='lat' dir='ltr'><strong>praepropere</strong></span> <span class='ocrx_word' id='word_1_559' title='bbox 312 4023 406 4071; x_wconf 89' lang='lat' dir='ltr'><strong>contra</strong></span> <span class='ocrx_word' id='word_1_560' title='bbox 425 4031 542 4073; x_wconf 90' lang='lat' dir='ltr'><strong>canones</strong></span> <span class='ocrx_word' id='word_1_561' title='bbox 564 4020 773 4088; x_wconf 87' lang='lat' dir='ltr'><strong>ecclesiasticos,</strong></span> <span class='ocrx_word' id='word_1_562' title='bbox 797 4023 922 4079; x_wconf 90' lang='lat' dir='ltr'><strong>decreta·</strong></span> 
     </span>
     <span class='ocr_line' id='line_1_52' title="bbox 125 4100 919 4182; baseline 0.016 -27"><span class='ocrx_word' id='word_1_563' title='bbox 125 4115 179 4172; x_wconf 90' lang='lat' dir='ltr'><strong>que</strong></span> <span class='ocrx_word' id='word_1_564' title='bbox 204 4100 337 4170; x_wconf 88' lang='lat' dir='ltr'><strong>majorum</strong></span> <span class='ocrx_word' id='word_1_565' title='bbox 363 4102 417 4160; x_wconf 89' lang='lat' dir='ltr'><strong>cito</strong></span> <span class='ocrx_word' id='word_1_566' title='bbox 440 4105 552 4175; x_wconf 87' lang='lat' dir='ltr'><strong>quilibet</strong></span> <span class='ocrx_word' id='word_1_567' title='bbox 575 4106 668 4175; x_wconf 90' lang='lat' dir='ltr'><strong>lector,</strong></span> <span class='ocrx_word' id='word_1_568' title='bbox 693 4109 747 4164; x_wconf 90' lang='lat' dir='ltr'><strong>cito</strong></span> <span class='ocrx_word' id='word_1_569' title='bbox 770 4111 919 4182; x_wconf 85' lang='lat' dir='ltr'><strong>acolythus,</strong></span> 
     </span>
     <span class='ocr_line' id='line_1_53' title="bbox 124 4187 922 4273; baseline 0.015 -29"><span class='ocrx_word' id='word_1_570' title='bbox 124 4188 178 4246; x_wconf 90' lang='lat' dir='ltr'><strong>cito</strong></span> <span class='ocrx_word' id='word_1_571' title='bbox 201 4187 342 4258; x_wconf 67' lang='lat' dir='ltr'><strong>naeuus,</strong></span> <span class='ocrx_word' id='word_1_572' title='bbox 360 4191 414 4248; x_wconf 91' lang='lat' dir='ltr'><strong>cito</strong></span> <span class='ocrx_word' id='word_1_573' title='bbox 428 4193 558 4249; x_wconf 87' lang='lat' dir='ltr'><strong>sacerdos</strong></span> <span class='ocrx_word' id='word_1_574' title='bbox 571 4196 615 4250; x_wconf 84' lang='lat' dir='ltr'><strong>vel</strong></span> <span class='ocrx_word' id='word_1_575' title='bbox 630 4197 773 4269; x_wconf 89' lang='lat' dir='ltr'><strong>episcopus</strong></span> <span class='ocrx_word' id='word_1_576' title='bbox 796 4198 851 4261; x_wconf 83' lang='lat' dir='ltr'><strong>liat,</strong></span> <span class='ocrx_word' id='word_1_577' title='bbox 875 4202 922 4273; x_wconf 92' lang='lat' dir='ltr'><strong>qui</strong></span> 
     </span>
     <span class='ocr_line' id='line_1_54' title="bbox 103 4267 920 4355; baseline 0.016 -24"><span class='ocrx_word' id='word_1_578' title='bbox 103 4267 105 4273; x_wconf 67' lang='grc'><strong>’</strong></span> <span class='ocrx_word' id='word_1_579' title='bbox 123 4277 152 4332; x_wconf 91' lang='lat' dir='ltr'><strong>in</strong></span> <span class='ocrx_word' id='word_1_580' title='bbox 165 4277 317 4334; x_wconf 90' lang='lat' dir='ltr'><strong>minoribus</strong></span> <span class='ocrx_word' id='word_1_581' title='bbox 326 4279 422 4336; x_wconf 89' lang='lat' dir='ltr'><strong>officiis</strong></span> <span class='ocrx_word' id='word_1_582' title='bbox 437 4280 475 4337; x_wconf 87' lang='lat' dir='ltr'><strong>sic</strong></span> <span class='ocrx_word' id='word_1_583' title='bbox 485 4281 531 4336; x_wconf 90' lang='lat' dir='ltr'><strong>diu</strong></span> <span class='ocrx_word' id='word_1_584' title='bbox 545 4284 702 4354; x_wconf 87' lang='lat' dir='ltr'><strong>perdurent,</strong></span> <span class='ocrx_word' id='word_1_585' title='bbox 719 4295 745 4342; x_wconf 88' lang='lat' dir='ltr'><strong>et</strong></span> <span class='ocrx_word' id='word_1_586' title='bbox 758 4287 811 4343; x_wconf 89' lang='lat' dir='ltr'><strong>vita</strong></span> <span class='ocrx_word' id='word_1_587' title='bbox 826 4305 920 4355; x_wconf 83' lang='lat' dir='ltr'><strong>eorum</strong></span> 
     </span>
    </p>
   </div>
   <div class='ocr_carea' id='block_1_13' title="bbox 121 4365 964 4451">
    <p class='ocr_par' dir='ltr' id='par_1_16' title="bbox 121 4365 964 4451">
     <span class='ocr_line' id='line_1_55' title="bbox 121 4365 964 4451; baseline 0.021 -30"><span class='ocrx_word' id='word_1_588' title='bbox 121 4365 227 4436; x_wconf 89' lang='lat' dir='ltr'><strong>pariter</strong></span> <span class='ocrx_word' id='word_1_589' title='bbox 246 4374 273 4422; x_wconf 94' lang='lat' dir='ltr'><strong>et</strong></span> <span class='ocrx_word' id='word_1_590' title='bbox 286 4367 448 4441; x_wconf 89' lang='lat' dir='ltr'><strong>obsequium</strong></span> <span class='ocrx_word' id='word_1_591' title='bbox 470 4370 671 4442; x_wconf 86' lang='lat' dir='ltr'><strong>comprobetur,</strong></span> <span class='ocrx_word' id='word_1_592' title='bbox 688 4382 717 4429; x_wconf 92' lang='lat' dir='ltr'><strong>ut</strong></span> <span class='ocrx_word' id='word_1_593' title='bbox 728 4392 778 4447; x_wconf 87' lang='lat' dir='ltr'><strong>per</strong></span> <span class='ocrx_word' id='word_1_594' title='bbox 800 4365 964 4451; x_wconf 89' lang='lat' dir='ltr'><strong>temporaD</strong></span> 
     </span>
    </p>
   </div>
   <div class='ocr_carea' id='block_1_14' title="bbox 116 4454 920 5230">
    <p class='ocr_par' dir='ltr' id='par_1_17' title="bbox 116 4454 920 5230">
     <span class='ocr_line' id='line_1_56' title="bbox 121 4454 919 4538; baseline 0.019 -30"><span class='ocrx_word' id='word_1_595' title='bbox 121 4454 307 4523; x_wconf 81' lang='lat' dir='ltr'><strong>amajorihus</strong></span> <span class='ocrx_word' id='word_1_596' title='bbox 330 4456 459 4522; x_wconf 89' lang='lat' dir='ltr'><strong>instituta,</strong></span> <span class='ocrx_word' id='word_1_597' title='bbox 484 4460 667 4531; x_wconf 87' lang='lat' dir='ltr'><strong>comprobatis</strong></span> <span class='ocrx_word' id='word_1_598' title='bbox 689 4463 765 4533; x_wconf 91' lang='lat' dir='ltr'><strong>prius</strong></span> <span class='ocrx_word' id='word_1_599' title='bbox 788 4468 919 4538; x_wconf 88' lang='lat' dir='ltr'><strong>moribus,</strong></span> 
     </span>
     <span class='ocr_line' id='line_1_57' title="bbox 122 4542 920 4618; baseline 0.018 -21"><span class='ocrx_word' id='word_1_600' title='bbox 122 4548 148 4597; x_wconf 90' lang='lat' dir='ltr'><strong>et</strong></span> <span class='ocrx_word' id='word_1_601' title='bbox 162 4542 241 4598; x_wconf 85' lang='lat' dir='ltr'><strong>bouae</strong></span> <span class='ocrx_word' id='word_1_602' title='bbox 256 4543 318 4599; x_wconf 79' lang='lat' dir='ltr'><strong>vitre</strong></span> <span class='ocrx_word' id='word_1_603' title='bbox 333 4545 437 4599; x_wconf 90' lang='lat' dir='ltr'><strong>meritis</strong></span> <span class='ocrx_word' id='word_1_604' title='bbox 453 4544 659 4618; x_wconf 82' lang='lat' dir='ltr'><strong>refulgentibus,</strong></span> <span class='ocrx_word' id='word_1_605' title='bbox 678 4551 712 4605; x_wconf 91' lang='lat' dir='ltr'><strong>ad</strong></span> <span class='ocrx_word' id='word_1_606' title='bbox 728 4568 863 4609; x_wconf 89' lang='lat' dir='ltr'><strong>summum</strong></span> <span class='ocrx_word' id='word_1_607' title='bbox 878 4573 920 4610; x_wconf 87' lang='lat' dir='ltr'><strong>sa-</strong></span> 
     </span>
     <span class='ocr_line' id='line_1_58' title="bbox 121 4630 919 4704; baseline 0.018 -19"><span class='ocrx_word' id='word_1_608' title='bbox 121 4630 275 4687; x_wconf 88' lang='lat' dir='ltr'><strong>cerdotium</strong></span> <span class='ocrx_word' id='word_1_609' title='bbox 288 4634 463 4703; x_wconf 89' lang='lat' dir='ltr'><strong>postmodum</strong></span> <span class='ocrx_word' id='word_1_610' title='bbox 482 4635 583 4690; x_wconf 83' lang='lat' dir='ltr'><strong>veniat.</strong></span> <span class='ocrx_word' id='word_1_611' title='bbox 597 4636 731 4704; x_wconf 81' lang='lat' dir='ltr'><strong>Quoniam</strong></span> <span class='ocrx_word' id='word_1_612' title='bbox 746 4652 855 4696; x_wconf 87' lang='lat' dir='ltr'><strong>nonest</strong></span> <span class='ocrx_word' id='word_1_613' title='bbox 871 4662 919 4699; x_wconf 88' lang='lat' dir='ltr'><strong>su-</strong></span> 
     </span>
     <span class='ocr_line' id='line_1_59' title="bbox 122 4717 919 4798; baseline 0.019 -25"><span class='ocrx_word' id='word_1_614' title='bbox 122 4717 178 4774; x_wconf 94' lang='lat' dir='ltr'><strong>bito</strong></span> <span class='ocrx_word' id='word_1_615' title='bbox 199 4720 412 4791; x_wconf 73' lang='lat' dir='ltr'><strong>preripiendum</strong></span> <span class='ocrx_word' id='word_1_616' title='bbox 428 4722 469 4778; x_wconf 90' lang='lat' dir='ltr'><strong>vel</strong></span> <span class='ocrx_word' id='word_1_617' title='bbox 494 4725 692 4795; x_wconf 89' lang='lat' dir='ltr'><strong>usurpandum,</strong></span> <span class='ocrx_word' id='word_1_618' title='bbox 709 4729 781 4798; x_wconf 90' lang='lat' dir='ltr'><strong>quod</strong></span> <span class='ocrx_word' id='word_1_619' title='bbox 797 4730 851 4785; x_wconf 84' lang='lat' dir='ltr'><strong>vita</strong></span> <span class='ocrx_word' id='word_1_620' title='bbox 875 4734 919 4789; x_wconf 88' lang='lat' dir='ltr'><strong>diu</strong></span> 
     </span>
     <span class='ocr_line' id='line_1_60' title="bbox 120 4805 920 4886; baseline 0.02 -26"><span class='ocrx_word' id='word_1_621' title='bbox 120 4805 235 4877; x_wconf 88' lang='lat' dir='ltr'><strong>probata</strong></span> <span class='ocrx_word' id='word_1_622' title='bbox 261 4817 380 4864; x_wconf 90' lang='lat' dir='ltr'><strong>meretur</strong></span> <span class='ocrx_word' id='word_1_623' title='bbox 401 4810 537 4882; x_wconf 89' lang='lat' dir='ltr'><strong>accipere.</strong></span> <span class='ocrx_word' id='word_1_624' title='bbox 565 4813 634 4866; x_wconf 88' lang='lat' dir='ltr'><strong>Nam</strong></span> <span class='ocrx_word' id='word_1_625' title='bbox 658 4813 731 4868; x_wconf 90' lang='lat' dir='ltr'><strong>siin</strong></span> <span class='ocrx_word' id='word_1_626' title='bbox 755 4817 920 4886; x_wconf 88' lang='lat' dir='ltr'><strong>quibuslibet</strong></span> 
     </span>
     <span class='ocr_line' id='line_1_61' title="bbox 119 4892 918 4969; baseline 0.016 -18"><span class='ocrx_word' id='word_1_627' title='bbox 119 4892 252 4951; x_wconf 77' lang='lat' dir='ltr'><strong>Ecclesiae</strong></span> <span class='ocrx_word' id='word_1_628' title='bbox 275 4896 407 4969; x_wconf 77' lang='lat' dir='ltr'><strong>gradibus</strong></span> <span class='ocrx_word' id='word_1_629' title='bbox 428 4898 605 4969; x_wconf 88' lang='lat' dir='ltr'><strong>providenter·</strong></span> <span class='ocrx_word' id='word_1_630' title='bbox 629 4903 777 4957; x_wconf 91' lang='lat' dir='ltr'><strong>curandum</strong></span> <span class='ocrx_word' id='word_1_631' title='bbox 792 4914 834 4960; x_wconf 90' lang='lat' dir='ltr'><strong>est</strong></span> <span class='ocrx_word' id='word_1_632' title='bbox 848 4917 876 4962; x_wconf 92' lang='lat' dir='ltr'><strong>ut</strong></span> <span class='ocrx_word' id='word_1_633' title='bbox 892 4909 918 4964; x_wconf 93' lang='lat' dir='ltr'><strong>in</strong></span> 
     </span>
     <span class='ocr_line' id='line_1_62' title="bbox 119 4980 918 5067; baseline 0.018 -31"><span class='ocrx_word' id='word_1_634' title='bbox 119 4980 230 5037; x_wconf 87' lang='lat' dir='ltr'><strong>Domini</strong></span> <span class='ocrx_word' id='word_1_635' title='bbox 252 4983 334 5040; x_wconf 84' lang='lat' dir='ltr'><strong>dome</strong></span> <span class='ocrx_word' id='word_1_636' title='bbox 354 4985 421 5041; x_wconf 89' lang='lat' dir='ltr'><strong>nihil</strong></span> <span class='ocrx_word' id='word_1_637' title='bbox 437 4986 471 5040; x_wconf 93' lang='lat' dir='ltr'><strong>sit</strong></span> <span class='ocrx_word' id='word_1_638' title='bbox 484 4987 678 5057; x_wconf 89' lang='lat' dir='ltr'><strong>inordinatum,</strong></span> <span class='ocrx_word' id='word_1_639' title='bbox 706 5001 806 5062; x_wconf 89' lang='lat' dir='ltr'><strong>quanto</strong></span> <span class='ocrx_word' id='word_1_640' title='bbox 830 4996 918 5067; x_wconf 83' lang='lat' dir='ltr'><strong>magis</strong></span> 
     </span>
     <span class='ocr_line' id='line_1_63' title="bbox 117 5069 917 5150; baseline 0.019 -26"><span class='ocrx_word' id='word_1_641' title='bbox 117 5069 313 5126; x_wconf 89' lang='lat' dir='ltr'><strong>elaborandum</strong></span> <span class='ocrx_word' id='word_1_642' title='bbox 328 5081 369 5127; x_wconf 91' lang='lat' dir='ltr'><strong>est</strong></span> <span class='ocrx_word' id='word_1_643' title='bbox 384 5082 412 5128; x_wconf 89' lang='lat' dir='ltr'><strong>ut</strong></span> <span class='ocrx_word' id='word_1_644' title='bbox 431 5074 459 5128; x_wconf 92' lang='lat' dir='ltr'><strong>in</strong></span> <span class='ocrx_word' id='word_1_645' title='bbox 473 5075 604 5131; x_wconf 88' lang='lat' dir='ltr'><strong>electione</strong></span> <span class='ocrx_word' id='word_1_646' title='bbox 620 5078 677 5147; x_wconf 88' lang='lat' dir='ltr'><strong>ejus</strong></span> <span class='ocrx_word' id='word_1_647' title='bbox 692 5080 737 5149; x_wconf 91' lang='lat' dir='ltr'><strong>qui</strong></span> <span class='ocrx_word' id='word_1_648' title='bbox 752 5097 833 5150; x_wconf 89' lang='lat' dir='ltr'><strong>supra</strong></span> <span class='ocrx_word' id='word_1_649' title='bbox 857 5098 917 5138; x_wconf 93' lang='lat' dir='ltr'><strong>om-</strong></span> 
     </span>
     <span class='ocr_line' id='line_1_64' title="bbox 116 5156 917 5230; baseline 0.02 -20"><span class='ocrx_word' id='word_1_650' title='bbox 116 5172 166 5212; x_wconf 91' lang='lat' dir='ltr'><strong>nes</strong></span> <span class='ocrx_word' id='word_1_651' title='bbox 190 5156 292 5230; x_wconf 81' lang='lat' dir='ltr'><strong>gradus</strong></span> <span class='ocrx_word' id='word_1_652' title='bbox 307 5160 488 5227; x_wconf 88' lang='lat' dir='ltr'><strong>constituitur,</strong></span> <span class='ocrx_word' id='word_1_653' title='bbox 514 5179 568 5219; x_wconf 92' lang='lat' dir='ltr'><strong>non</strong></span> <span class='ocrx_word' id='word_1_654' title='bbox 589 5173 694 5220; x_wconf 87' lang='lat' dir='ltr'><strong>erretur</strong></span> <span class='ocrx_word' id='word_1_655' title='bbox 710 5167 724 5220; x_wconf 77' lang='lat' dir='ltr'><strong>‘l</strong></span> <span class='ocrx_word' id='word_1_656' title='bbox 743 5169 812 5223; x_wconf 89' lang='lat' dir='ltr'><strong>Nam</strong></span> <span class='ocrx_word' id='word_1_657' title='bbox 836 5171 917 5226; x_wconf 90' lang='lat' dir='ltr'><strong>totius</strong></span> 
     </span>
    </p>
   </div>
   <div class='ocr_carea' id='block_1_15' title="bbox 119 5273 319 5426">
    <p class='ocr_par' dir='ltr' id='par_1_18' title="bbox 119 5273 319 5426">
     <span class='ocr_line' id='line_1_65' title="bbox 128 5273 319 5354; baseline 0.037 -7"><span class='ocrx_word' id='word_1_658' title='bbox 128 5273 222 5351; x_wconf 50' lang='lat' dir='ltr'><strong>‘aare</strong></span> <span class='ocrx_word' id='word_1_659' title='bbox 251 5302 319 5354; x_wconf 77' lang='lat' dir='ltr'><strong>ueesr</strong></span> 
     </span>
     <span class='ocr_line' id='line_1_66' title="bbox 119 5363 288 5426; baseline 0.041 -14"><span class='ocrx_word' id='word_1_660' title='bbox 119 5363 217 5426; x_wconf 83' lang='lat' dir='ltr'><strong>suppleo</strong></span> <span class='ocrx_word' id='word_1_661' title='bbox 236 5381 242 5416; x_wconf 93' lang='lat'>:</span> <span class='ocrx_word' id='word_1_662' title='bbox 261 5368 288 5418; x_wconf 85' lang='lat' dir='ltr'><strong>St</strong></span> 
     </span>
    </p>
   </div>
   <div class='ocr_carea' id='block_1_16' title="bbox 124 5431 276 5497">
    <p class='ocr_par' dir='ltr' id='par_1_19' title="bbox 124 5431 276 5497">
     <span class='ocr_line' id='line_1_67' title="bbox 124 5431 276 5497; baseline 0.026 -17"><span class='ocrx_word' id='word_1_663' title='bbox 124 5431 255 5497; x_wconf 70' lang='lat' dir='ltr'><strong>aramum</strong></span> <span class='ocrx_word' id='word_1_664' title='bbox 264 5449 276 5496; x_wconf 85' lang='lat'><strong>,-</strong></span> 
     </span>
    </p>
   </div>
   <div class='ocr_carea' id='block_1_17' title="bbox 315 5305 917 5504">
    <p class='ocr_par' dir='ltr' id='par_1_20' title="bbox 315 5305 917 5504">
     <span class='ocr_line' id='line_1_68' title="bbox 350 5305 916 5369; baseline 0.023 -15"><span class='ocrx_word' id='word_1_665' title='bbox 350 5305 472 5367; x_wconf 89' lang='lat' dir='ltr'><strong>periodus,</strong></span> <span class='ocrx_word' id='word_1_666' title='bbox 507 5320 579 5369; x_wconf 90' lang='lat' dir='ltr'><strong>quam</strong></span> <span class='ocrx_word' id='word_1_667' title='bbox 608 5322 638 5359; x_wconf 83' lang='lat' dir='ltr'><strong>ex</strong></span> <span class='ocrx_word' id='word_1_668' title='bbox 667 5311 775 5362; x_wconf 90' lang='lat' dir='ltr'><strong>editione</strong></span> <span class='ocrx_word' id='word_1_669' title='bbox 806 5314 916 5367; x_wconf 85' lang='lat' dir='ltr'><strong>Romana</strong></span> 
     </span>
     <span class='ocr_line' id='line_1_69' title="bbox 322 5371 916 5436; baseline 0.022 -16"><span class='ocrx_word' id='word_1_670' title='bbox 322 5371 444 5433; x_wconf 80' lang='lat' dir='ltr'><strong>quispiam</strong></span> <span class='ocrx_word' id='word_1_671' title='bbox 468 5373 496 5423; x_wconf 85' lang='lat' dir='ltr'><strong>id</strong></span> <span class='ocrx_word' id='word_1_672' title='bbox 525 5376 589 5436; x_wconf 83' lang='lat' dir='ltr'><strong>quod</strong></span> <span class='ocrx_word' id='word_1_673' title='bbox 623 5380 718 5429; x_wconf 81' lang='lat' dir='ltr'><strong>nurnine</strong></span> <span class='ocrx_word' id='word_1_674' title='bbox 748 5379 916 5433; x_wconf 78' lang='lat' dir='ltr'><strong>interdicimur</strong></span> 
     </span>
     <span class='ocr_line' id='line_1_70' title="bbox 315 5437 917 5504; baseline 0.018 -16"><span class='ocrx_word' id='word_1_675' title='bbox 315 5437 375 5500; x_wconf 78' lang='lat' dir='ltr'><strong>quta</strong></span> <span class='ocrx_word' id='word_1_676' title='bbox 396 5439 509 5492; x_wconf 75' lang='lat' dir='ltr'><strong>rechem</strong></span> <span class='ocrx_word' id='word_1_677' title='bbox 540 5444 635 5504; x_wconf 77' lang='lat' dir='ltr'><strong>peccati</strong></span> <span class='ocrx_word' id='word_1_678' title='bbox 659 5458 708 5495; x_wconf 79' lang='lat' dir='ltr'><strong>cca</strong></span> <span class='ocrx_word' id='word_1_679' title='bbox 730 5446 772 5497; x_wconf 87' lang='lat' dir='ltr'><strong>dot</strong></span> <span class='ocrx_word' id='word_1_680' title='bbox 794 5447 917 5500; x_wconf 78' lang='lat' dir='ltr'><strong>licentiore</strong></span> 
     </span>
    </p>
   </div>
   <div class='ocr_carea' id='block_1_18' title="bbox 970 3950 1762 4374">
    <p class='ocr_par' dir='ltr' id='par_1_21' title="bbox 970 3950 1762 4374">
     <span class='ocr_line' id='line_1_71' title="bbox 974 3950 1762 4036; baseline 0.022 -34"><span class='ocrx_word' id='word_1_681' title='bbox 974 3950 1047 4019; x_wconf 81' lang='lat' dir='ltr'><strong>xrrr),</strong></span> <span class='ocrx_word' id='word_1_682' title='bbox 1059 3951 1179 4005; x_wconf 89' lang='lat' dir='ltr'><strong>animum</strong></span> <span class='ocrx_word' id='word_1_683' title='bbox 1189 3953 1340 4010; x_wconf 79' lang='lat' dir='ltr'><strong>clementiae</strong></span> <span class='ocrx_word' id='word_1_684' title='bbox 1351 3967 1448 4012; x_wconf 79' lang='lat' dir='ltr'><strong>vestrae</strong></span> <span class='ocrx_word' id='word_1_685' title='bbox 1459 3961 1592 4017; x_wconf 83' lang='lat' dir='ltr'><strong>adversus</strong></span> <span class='ocrx_word' id='word_1_686' title='bbox 1603 3980 1665 4020; x_wconf 92' lang='lat' dir='ltr'><strong>eurn</strong></span> <span class='ocrx_word' id='word_1_687' title='bbox 1674 3965 1762 4036; x_wconf 81' lang='lat' dir='ltr'><strong>abque·</strong></span> 
     </span>
     <span class='ocr_line' id='line_1_72' title="bbox 974 4043 1761 4109; baseline 0.02 -18"><span class='ocrx_word' id='word_1_688' title='bbox 974 4045 1052 4092; x_wconf 89' lang='lat' dir='ltr'><strong>lenus</strong></span> <span class='ocrx_word' id='word_1_689' title='bbox 1067 4043 1270 4108; x_wconf 77' lang='lat' dir='ltr'><strong>commoveatis,</strong></span> <span class='ocrx_word' id='word_1_690' title='bbox 1284 4054 1308 4097; x_wconf 93' lang='lat' dir='ltr'><strong>et</strong></span> <span class='ocrx_word' id='word_1_691' title='bbox 1324 4061 1458 4102; x_wconf 90' lang='lat' dir='ltr'><strong>summum</strong></span> <span class='ocrx_word' id='word_1_692' title='bbox 1471 4051 1647 4108; x_wconf 87' lang='lat' dir='ltr'><strong>sacerdotem</strong></span> <span class='ocrx_word' id='word_1_693' title='bbox 1655 4063 1761 4109; x_wconf 77' lang='lat' dir='ltr'><strong>restrum</strong></span> 
     </span>
     <span class='ocr_line' id='line_1_73' title="bbox 973 4126 1760 4210; baseline 0.023 -31"><span class='ocrx_word' id='word_1_694' title='bbox 973 4126 1022 4180; x_wconf 90' lang='lat' dir='ltr'><strong>Dei</strong></span> <span class='ocrx_word' id='word_1_695' title='bbox 1033 4128 1205 4196; x_wconf 81' lang='lat' dir='ltr'><strong>providentia</strong></span> <span class='ocrx_word' id='word_1_696' title='bbox 1215 4130 1242 4183; x_wconf 91' lang='lat' dir='ltr'><strong>in</strong></span> <span class='ocrx_word' id='word_1_697' title='bbox 1252 4132 1385 4187; x_wconf 86' lang='lat' dir='ltr'><strong>Ecclesiae</strong></span> <span class='ocrx_word' id='word_1_698' title='bbox 1397 4136 1494 4190; x_wconf 86' lang='lat' dir='ltr'><strong>Christi</strong></span> <span class='ocrx_word' id='word_1_699' title='bbox 1504 4140 1642 4210; x_wconf 87' lang='lat' dir='ltr'><strong>regimine</strong></span> <span class='ocrx_word' id='word_1_700' title='bbox 1650 4142 1760 4197; x_wconf 85' lang='lat' dir='ltr'><strong>constitu</strong></span> 
     </span>
     <span class='ocr_line' id='line_1_74' title="bbox 970 4215 1757 4293; baseline 0.02 -25"><span class='ocrx_word' id='word_1_701' title='bbox 970 4223 1025 4268; x_wconf 92' lang='lat' dir='ltr'><strong>tum</strong></span> <span class='ocrx_word' id='word_1_702' title='bbox 1033 4215 1158 4272; x_wconf 86' lang='lat' dir='ltr'><strong>siclaeile</strong></span> <span class='ocrx_word' id='word_1_703' title='bbox 1166 4219 1351 4287; x_wconf 86' lang='lat' dir='ltr'><strong>exhonoretis,</strong></span> <span class='ocrx_word' id='word_1_704' title='bbox 1362 4224 1435 4293; x_wconf 93' lang='lat' dir='ltr'><strong>quod</strong></span> <span class='ocrx_word' id='word_1_705' title='bbox 1444 4224 1574 4281; x_wconf 92' lang='lat' dir='ltr'><strong>nimirum</strong></span> <span class='ocrx_word' id='word_1_706' title='bbox 1580 4237 1675 4285; x_wconf 88' lang='lat' dir='ltr'><strong>saneto</strong></span> <span class='ocrx_word' id='word_1_707' title='bbox 1682 4239 1757 4286; x_wconf 82' lang='lat' dir='ltr'><strong>restro</strong></span> 
     </span>
     <span class='ocr_line' id='line_1_75' title="bbox 975 4302 1756 4374; baseline 0.023 -19"><span class='ocrx_word' id='word_1_708' title='bbox 975 4302 1088 4373; x_wconf 89' lang='lat' dir='ltr'><strong>imperio</strong></span> <span class='ocrx_word' id='word_1_709' title='bbox 1104 4305 1180 4360; x_wconf 81' lang='lat' dir='ltr'><strong>valde</strong></span> <span class='ocrx_word' id='word_1_710' title='bbox 1189 4307 1359 4364; x_wconf 87' lang='lat' dir='ltr'><strong>inhonestum</strong></span> <span class='ocrx_word' id='word_1_711' title='bbox 1374 4320 1399 4366; x_wconf 87' lang='lat' dir='ltr'><strong>et</strong></span> <span class='ocrx_word' id='word_1_712' title='bbox 1413 4311 1545 4368; x_wconf 90' lang='lat' dir='ltr'><strong>indecens</strong></span> <span class='ocrx_word' id='word_1_713' title='bbox 1560 4332 1625 4372; x_wconf 90' lang='lat' dir='ltr'><strong>esse</strong></span> <span class='ocrx_word' id='word_1_714' title='bbox 1639 4319 1756 4374; x_wconf 76' lang='lat' dir='ltr'><strong>rideatur.</strong></span> 
     </span>
    </p>
   </div>
   <div class='ocr_carea' id='block_1_19' title="bbox 971 4392 1756 4562">
    <p class='ocr_par' dir='ltr' id='par_1_22' title="bbox 971 4392 1756 4562">
     <span class='ocr_line' id='line_1_76' title="bbox 1011 4392 1756 4477; baseline 0.021 -33"><span class='ocrx_word' id='word_1_715' title='bbox 1011 4392 1143 4447; x_wconf 81' lang='lat' dir='ltr'><strong>rraerereu</strong></span> <span class='ocrx_word' id='word_1_716' title='bbox 1159 4397 1319 4452; x_wconf 85' lang='lat' dir='ltr'><strong>mandamus</strong></span> <span class='ocrx_word' id='word_1_717' title='bbox 1332 4399 1421 4465; x_wconf 90' lang='lat' dir='ltr'><strong>ctiam,</strong></span> <span class='ocrx_word' id='word_1_718' title='bbox 1438 4409 1466 4455; x_wconf 92' lang='lat' dir='ltr'><strong>ut</strong></span> <span class='ocrx_word' id='word_1_719' title='bbox 1476 4418 1574 4458; x_wconf 92' lang='lat' dir='ltr'><strong>omues</strong></span> <span class='ocrx_word' id='word_1_720' title='bbox 1589 4407 1725 4477; x_wconf 90' lang='lat' dir='ltr'><strong>episcopos</strong></span> <span class='ocrx_word' id='word_1_721' title='bbox 1736 4414 1756 4461; x_wconf 87' lang='lat' dir='ltr'><strong>et</strong></span> 
     </span>
     <span class='ocr_line' id='line_1_77' title="bbox 971 4477 1755 4562; baseline 0.022 -34"><span class='ocrx_word' id='word_1_722' title='bbox 971 4477 1137 4543; x_wconf 86' lang='lat' dir='ltr'><strong>sacerdotes,</strong></span> <span class='ocrx_word' id='word_1_723' title='bbox 1154 4495 1202 4532; x_wconf 87' lang='lat' dir='ltr'><strong>seu</strong></span> <span class='ocrx_word' id='word_1_724' title='bbox 1213 4481 1398 4553; x_wconf 81' lang='lat' dir='ltr'><strong>cujuscunque</strong></span> <span class='ocrx_word' id='word_1_725' title='bbox 1413 4485 1518 4540; x_wconf 91' lang='lat' dir='ltr'><strong>ordinis</strong></span> <span class='ocrx_word' id='word_1_726' title='bbox 1534 4487 1661 4557; x_wconf 89' lang='lat' dir='ltr'><strong>clericos,</strong></span> <span class='ocrx_word' id='word_1_727' title='bbox 1676 4493 1717 4562; x_wconf 91' lang='lat' dir='ltr'><strong>qui</strong></span> <span class='ocrx_word' id='word_1_728' title='bbox 1728 4491 1755 4545; x_wconf 89' lang='lat' dir='ltr'><strong>de</strong></span> 
     </span>
    </p>
   </div>
   <div class='ocr_carea' id='block_1_20' title="bbox 967 4565 1811 5258">
    <p class='ocr_par' dir='ltr' id='par_1_23' title="bbox 967 4565 1811 5258">
     <span class='ocr_line' id='line_1_78' title="bbox 971 4565 1811 4650; baseline 0.019 -33"><span class='ocrx_word' id='word_1_729' title='bbox 971 4565 1173 4620; x_wconf 88' lang='lat' dir='ltr'><strong>consecratione</strong></span> <span class='ocrx_word' id='word_1_730' title='bbox 1203 4568 1297 4639; x_wconf 77' lang='lat' dir='ltr'><strong>Ignatii</strong></span> <span class='ocrx_word' id='word_1_731' title='bbox 1333 4570 1410 4625; x_wconf 67' lang='lat' dir='ltr'><strong>bonai</strong></span> <span class='ocrx_word' id='word_1_732' title='bbox 1438 4575 1581 4631; x_wconf 77' lang='lat' dir='ltr'><strong>memoriae</strong></span> <span class='ocrx_word' id='word_1_733' title='bbox 1612 4579 1752 4650; x_wconf 81' lang='lat' dir='ltr'><strong>patriarcba</strong></span> <span class='ocrx_word' id='word_1_734' title='bbox 1809 4636 1811 4641; x_wconf 73' lang='grc'>,</span> 
     </span>
     <span class='ocr_line' id='line_1_79' title="bbox 971 4651 1751 4731; baseline 0.019 -27"><span class='ocrx_word' id='word_1_735' title='bbox 971 4651 1130 4720; x_wconf 86' lang='lat' dir='ltr'><strong>consistunt,</strong></span> <span class='ocrx_word' id='word_1_736' title='bbox 1157 4655 1254 4711; x_wconf 87' lang='lat' dir='ltr'><strong>sivein</strong></span> <span class='ocrx_word' id='word_1_737' title='bbox 1270 4657 1329 4728; x_wconf 90' lang='lat' dir='ltr'><strong>ipsa</strong></span> <span class='ocrx_word' id='word_1_738' title='bbox 1353 4661 1428 4731; x_wconf 82' lang='lat' dir='ltr'><strong>regia</strong></span> <span class='ocrx_word' id='word_1_739' title='bbox 1452 4662 1518 4719; x_wconf 89' lang='lat' dir='ltr'><strong>urbe</strong></span> <span class='ocrx_word' id='word_1_740' title='bbox 1533 4675 1685 4729; x_wconf 72' lang='lat' dir='ltr'><strong>manentes</strong></span> <span class='ocrx_word' id='word_1_741' title='bbox 1708 4666 1751 4720; x_wconf 87' lang='lat' dir='ltr'><strong>sire</strong></span> 
     </span>
     <span class='ocr_line' id='line_1_80' title="bbox 970 4738 1750 4823; baseline 0.021 -33"><span class='ocrx_word' id='word_1_742' title='bbox 970 4738 1069 4793; x_wconf 89' lang='lat' dir='ltr'><strong>alieubi</strong></span> <span class='ocrx_word' id='word_1_743' title='bbox 1088 4750 1175 4812; x_wconf 65' lang='lat' dir='ltr'><strong>(extra,</strong></span> <span class='ocrx_word' id='word_1_744' title='bbox 1199 4743 1279 4815; x_wconf 85' lang='lat' dir='ltr'><strong>longe</strong></span> <span class='ocrx_word' id='word_1_745' title='bbox 1304 4764 1352 4801; x_wconf 90' lang='lat' dir='ltr'><strong>seu</strong></span> <span class='ocrx_word' id='word_1_746' title='bbox 1375 4766 1460 4821; x_wconf 90' lang='lat' dir='ltr'><strong>prope</strong></span> <span class='ocrx_word' id='word_1_747' title='bbox 1486 4762 1621 4823; x_wconf 87' lang='lat' dir='ltr'><strong>retrusos,</strong></span> <span class='ocrx_word' id='word_1_748' title='bbox 1646 4752 1750 4812; x_wconf 87' lang='lat' dir='ltr'><strong>clementi</strong></span> 
     </span>
     <span class='ocr_line' id='line_1_81' title="bbox 968 4827 1748 4902; baseline 0.022 -24"><span class='ocrx_word' id='word_1_749' title='bbox 968 4827 1058 4882; x_wconf 90' lang='lat' dir='ltr'><strong>animo</strong></span> <span class='ocrx_word' id='word_1_750' title='bbox 1069 4829 1103 4881; x_wconf 93' lang='lat' dir='ltr'><strong>ad</strong></span> <span class='ocrx_word' id='word_1_751' title='bbox 1112 4831 1247 4902; x_wconf 82' lang='lat' dir='ltr'><strong>gremium</strong></span> <span class='ocrx_word' id='word_1_752' title='bbox 1258 4842 1284 4889; x_wconf 91' lang='lat' dir='ltr'><strong>et</strong></span> <span class='ocrx_word' id='word_1_753' title='bbox 1294 4835 1421 4891; x_wconf 87' lang='lat' dir='ltr'><strong>unitatem</strong></span> <span class='ocrx_word' id='word_1_754' title='bbox 1439 4848 1540 4895; x_wconf 78' lang='lat' dir='ltr'><strong>sartctae</strong></span> <span class='ocrx_word' id='word_1_755' title='bbox 1548 4842 1680 4899; x_wconf 71' lang='lat' dir='ltr'><strong>Ecclesiae</strong></span> <span class='ocrx_word' id='word_1_756' title='bbox 1690 4856 1748 4897; x_wconf 83' lang='lat' dir='ltr'><strong>rere</strong></span> 
     </span>
     <span class='ocr_line' id='line_1_82' title="bbox 969 4915 1747 5003; baseline 0.019 -36"><span class='ocrx_word' id='word_1_757' title='bbox 969 4915 1048 4978; x_wconf 88' lang='lat' dir='ltr'><strong>cetis,</strong></span> <span class='ocrx_word' id='word_1_758' title='bbox 1064 4925 1089 4969; x_wconf 90' lang='lat' dir='ltr'><strong>et</strong></span> <span class='ocrx_word' id='word_1_759' title='bbox 1107 4917 1176 4973; x_wconf 88' lang='lat' dir='ltr'><strong>ulnis</strong></span> <span class='ocrx_word' id='word_1_760' title='bbox 1201 4923 1319 4975; x_wconf 87' lang='lat' dir='ltr'><strong>extensis</strong></span> <span class='ocrx_word' id='word_1_761' title='bbox 1334 4933 1448 4993; x_wconf 88' lang='lat' dir='ltr'><strong>paterno</strong></span> <span class='ocrx_word' id='word_1_762' title='bbox 1470 4927 1572 4984; x_wconf 82' lang='lat' dir='ltr'><strong>affectu</strong></span> <span class='ocrx_word' id='word_1_763' title='bbox 1592 4930 1747 5003; x_wconf 84' lang='lat' dir='ltr'><strong>recipiatisel</strong></span> 
     </span>
     <span class='ocr_line' id='line_1_83' title="bbox 969 5003 1811 5087; baseline 0.024 -32"><span class='ocrx_word' id='word_1_764' title='bbox 969 5003 1180 5075; x_wconf 85' lang='lat' dir='ltr'><strong>amplectamini,</strong></span> <span class='ocrx_word' id='word_1_765' title='bbox 1197 5010 1373 5082; x_wconf 86' lang='lat' dir='ltr'><strong>propriasque</strong></span> <span class='ocrx_word' id='word_1_766' title='bbox 1389 5013 1534 5086; x_wconf 86' lang='lat' dir='ltr'><strong>unicuique</strong></span> <span class='ocrx_word' id='word_1_767' title='bbox 1550 5016 1656 5074; x_wconf 89' lang='lat' dir='ltr'><strong>illnmm</strong></span> <span class='ocrx_word' id='word_1_768' title='bbox 1667 5020 1747 5087; x_wconf 81' lang='lat' dir='ltr'><strong>jubet·</strong></span> <span class='ocrx_word' id='word_1_769' title='bbox 1809 5020 1811 5027; x_wconf 89' lang='lat'>&#39;</span> 
     </span>
     <span class='ocr_line' id='line_1_84' title="bbox 968 5090 1745 5173; baseline 0.021 -30"><span class='ocrx_word' id='word_1_770' title='bbox 968 5090 1002 5144; x_wconf 90' lang='lat' dir='ltr'><strong>tis</strong></span> <span class='ocrx_word' id='word_1_771' title='bbox 1024 5093 1136 5148; x_wconf 90' lang='lat' dir='ltr'><strong>reddere</strong></span> <span class='ocrx_word' id='word_1_772' title='bbox 1161 5098 1258 5160; x_wconf 84' lang='lat' dir='ltr'><strong>sedes;</strong></span> <span class='ocrx_word' id='word_1_773' title='bbox 1275 5108 1303 5153; x_wconf 93' lang='lat' dir='ltr'><strong>ut</strong></span> <span class='ocrx_word' id='word_1_774' title='bbox 1317 5100 1385 5155; x_wconf 87' lang='lat' dir='ltr'><strong>sicut</strong></span> <span class='ocrx_word' id='word_1_775' title='bbox 1405 5119 1457 5156; x_wconf 90' lang='lat' dir='ltr'><strong>una</strong></span> <span class='ocrx_word' id='word_1_776' title='bbox 1471 5113 1513 5158; x_wconf 91' lang='lat' dir='ltr'><strong>est</strong></span> <span class='ocrx_word' id='word_1_777' title='bbox 1537 5105 1618 5173; x_wconf 84' lang='lat' dir='ltr'><strong>tides,</strong></span> <span class='ocrx_word' id='word_1_778' title='bbox 1644 5106 1745 5162; x_wconf 86' lang='lat' dir='ltr'><strong>nnumin</strong></span> 
     </span>
     <span class='ocr_line' id='line_1_85' title="bbox 967 5179 1744 5258; baseline 0.022 -27"><span class='ocrx_word' id='word_1_779' title='bbox 967 5179 1045 5232; x_wconf 82' lang='lat' dir='ltr'><strong>nobis</strong></span> <span class='ocrx_word' id='word_1_780' title='bbox 1067 5181 1212 5251; x_wconf 83' lang='lat' dir='ltr'><strong>baptisma,</strong></span> <span class='ocrx_word' id='word_1_781' title='bbox 1230 5194 1256 5240; x_wconf 92' lang='lat' dir='ltr'><strong>et</strong></span> <span class='ocrx_word' id='word_1_782' title='bbox 1271 5202 1365 5242; x_wconf 90' lang='lat' dir='ltr'><strong>omnes</strong></span> <span class='ocrx_word' id='word_1_783' title='bbox 1389 5207 1472 5245; x_wconf 90' lang='lat' dir='ltr'><strong>unum</strong></span> <span class='ocrx_word' id='word_1_784' title='bbox 1498 5210 1592 5249; x_wconf 88' lang='lat' dir='ltr'><strong>sumus</strong></span> <span class='ocrx_word' id='word_1_785' title='bbox 1607 5197 1635 5250; x_wconf 92' lang='lat' dir='ltr'><strong>in</strong></span> <span class='ocrx_word' id='word_1_786' title='bbox 1649 5196 1744 5258; x_wconf 88' lang='lat' dir='ltr'><strong>Christo,</strong></span> 
     </span>
    </p>
   </div>
   <div class='ocr_carea' id='block_1_21' title="bbox 966 5314 1811 5393">
    <p class='ocr_par' dir='ltr' id='par_1_24' title="bbox 966 5314 1811 5393">
     <span class='ocr_line' id='line_1_86' title="bbox 966 5314 1811 5393; baseline 0.024 -32"><span class='ocrx_word' id='word_1_787' title='bbox 966 5314 1054 5363; x_wconf 76' lang='lat' dir='ltr'><strong>iteretur</strong></span> <span class='ocrx_word' id='word_1_788' title='bbox 1088 5318 1246 5380; x_wconf 74' lang='lat' dir='ltr'><strong>delinquendi</strong></span> <span class='ocrx_word' id='word_1_789' title='bbox 1264 5336 1274 5381; x_wconf 93' lang='lat'><em>;</em></span> <span class='ocrx_word' id='word_1_790' title='bbox 1292 5336 1335 5373; x_wconf 86' lang='lat' dir='ltr'><strong>nec</strong></span> <span class='ocrx_word' id='word_1_791' title='bbox 1358 5327 1422 5386; x_wconf 84' lang='lat' dir='ltr'><strong>quud</strong></span> <span class='ocrx_word' id='word_1_792' title='bbox 1441 5330 1525 5389; x_wconf 82' lang='lat' dir='ltr'><strong>potuit</strong></span> <span class='ocrx_word' id='word_1_793' title='bbox 1557 5331 1643 5393; x_wconf 83' lang='lat' dir='ltr'><strong>ulique</strong></span> <span class='ocrx_word' id='word_1_794' title='bbox 1671 5332 1746 5380; x_wconf 75' lang='lat' dir='ltr'><strong>robert</strong></span> <span class='ocrx_word' id='word_1_795' title='bbox 1809 5338 1811 5353; x_wconf 91' lang='lat'>&#39;</span> 
     </span>
    </p>
   </div>
   <div class='ocr_carea' id='block_1_22' title="bbox 965 5383 1746 5510">
    <p class='ocr_par' dir='ltr' id='par_1_25' title="bbox 965 5383 1746 5510">
     <span class='ocr_line' id='line_1_87' title="bbox 965 5383 1746 5498; baseline 0.02 -70"><span class='ocrx_word' id='word_1_796' title='bbox 965 5383 1040 5494; x_wconf 52' lang='lat' dir='ltr'><strong>cerret</strong></span> <span class='ocrx_word' id='word_1_797' title='bbox 1059 5386 1167 5498; x_wconf 54' lang='lat' dir='ltr'><strong>mercedi,</strong></span> <span class='ocrx_word' id='word_1_798' title='bbox 1190 5387 1230 5447; x_wconf 79' lang='lat' dir='ltr'><strong>fus</strong></span> <span class='ocrx_word' id='word_1_799' title='bbox 1252 5389 1302 5438; x_wconf 84' lang='lat' dir='ltr'><strong>erit</strong></span> <span class='ocrx_word' id='word_1_800' title='bbox 1323 5393 1429 5453; x_wconf 79' lang='lat' dir='ltr'><strong>emplius</strong></span> <span class='ocrx_word' id='word_1_801' title='bbox 1451 5394 1550 5456; x_wconf 75' lang='lat' dir='ltr'><strong>impune</strong></span> <span class='ocrx_word' id='word_1_802' title='bbox 1568 5398 1688 5462; x_wconf 72' lang='lat' dir='ltr'><strong>cqnmlttl.</strong></span> <span class='ocrx_word' id='word_1_803' title='bbox 1708 5395 1746 5446; x_wconf 80' lang='lat' dir='ltr'><strong>litt</strong></span> 
     </span>
     <span class='ocr_line' id='line_1_88' title="bbox 966 5459 1110 5510; baseline 0 -13"><span class='ocrx_word' id='word_1_804' title='bbox 966 5459 1045 5510; x_wconf 83' lang='lat' dir='ltr'><strong>ctum,</strong></span> <span class='ocrx_word' id='word_1_805' title='bbox 1061 5461 1074 5498; x_wconf 90' lang='lat' dir='ltr'><strong>e</strong></span> <span class='ocrx_word' id='word_1_806' title='bbox 1087 5463 1110 5499; x_wconf 89' lang='lat' dir='ltr'><strong>c.</strong></span> 
     </span>
    </p>
   </div>
   <div class='ocr_carea' id='block_1_23' title="bbox 0 0 1902 6104">
    <p class='ocr_par' dir='ltr' id='par_1_26' title="bbox 0 0 1902 6104">
     <span class='ocr_line' id='line_1_89' title="bbox 0 0 1902 6104; baseline 0 3"><span class='ocrx_word' id='word_1_807' title='bbox 0 0 1902 6104; x_wconf 95' lang='lat' dir='ltr'><strong> </strong></span> 
     </span>
    </p>
   </div>
  </div>
 </body>
</html>
