3794 6104
692 210 882 287 lil'lSTOidi·
895 210 938 261 tlt·
968 211 1138 265 trtittttttt'a.

467 332 605 384 CCLXlll.

398 451 434 489 an
447 451 540 490 ouxns
557 451 680 490 areatas.

442 544 532 611 tanao
556 544 632 597 atas

143 651 279 722 Provipit
291 653 323 704 at
334 649 472 704 lirinensi
482 650 617 720 episcopo,
627 652 673 703 rui
681 653 938 720 poteslcrrreacout-

308 736 472 791 inculcandi
485 737 632 794 tribuerat,
644 737 784 791 directioni.

174 859 310 913 Omnibus
326 859 560 913 reverendissimis
579 868 604 911 et
627 858 806 913 sanctissimis
834 859 938 928 episco-

142 948 197 1018 pis,
209 963 258 1001 seu
272 946 377 1001 eximiis
393 946 594 1001 marchionibus
609 955 635 999 et
651 947 806 1013 comitibus,
818 947 938 1001 cunetis-

138 1049 194 1105 que
209 1042 312 1089 sancta)
322 1034 370 1088 Dei
386 1034 517 1088 Ecclesia
532 1032 667 1088 tidelibus.

176 1123 315 1177 Habentes
343 1122 463 1177 omnium
492 1122 676 1177 Ecclesiarum
703 1123 760 1187 liei,
789 1123 937 1178 secundum

139 1211 303 1281 Apostolum
341 1212 379 1279 (ll
394 1212 453 1266 Cer.
467 1218 540 1271 xxvi,
562 1210 783 1276 sollicitudinem,
827 1211 937 1281 dignum

137 1299 269 1354 duximus
283 1305 401 1352 vestram
422 1298 584 1352 industriam
605 1299 646 1352 bis
668 1300 835 1368 apostolatus
855 1301 938 1354 nostri

136 1387 237 1441 litteris
252 1387 401 1440 admonere
424 1396 503 1456 atque
527 1386 674 1455 apostoliea
693 1387 860 1457 benignitate
877 1402 937 1440 ma-

136 1490 264 1546 gnopere
280 1474 417 1528 exhortari
433 1483 565 1544 quatenus
580 1475 708 1543 potentia>
730 1463 839 1541 munus,
866 1475 938 1545 quod

139 1563 234 1645 digiae
251 1561 373 1632 largitate
389 1562 504 1625 habetis,
520 1561 627 1615 utilitati
651 1562 779 1616 Ecclesia,
796 1571 821 1615 et
843 1563 938 1616 bonori

138 1650 304 1704 sacerdotali
319 1649 451 1719 prodesse
465 1650 562 1703 debeat
577 1666 695 1719 semper.

138 1738 289 1793 verentiam
306 1745 332 1791 et
348 1738 477 1792 bonorem
509 1745 608 1791 saneim
637 1737 771 1791 Ticiaensi
797 1738 937 1798 Ecclesiae,

137 1842 200 1896 qura
215 1825 452 1895 specialiquadam
467 1826 547 1879 modo
557 1825 614 1879 sedi
631 1825 788 1895 apostolicae
804 1826 939 1895 pertinere

138 1915 257 1977 videtur,
274 1914 385 1985 ejusque
401 1913 523 1973 antistiti,
539 1913 636 1966 ioanni
661 1913 785 1967 videlicet
811 1913 939 1968 confratri

137 2011 245 2061 nostro,
262 2001 304 2054 cui
321 2001 378 2055 vice
390 2009 483 2055 nostra
510 2010 729 2072 transgressores
755 2001 940 2055 excommuni-

138 2090 243 2144 candos
258 2088 454 2148 commisimus,
471 2104 504 2143 eo
519 2089 643 2142 videlicet
655 2097 746 2142 tenore
762 2097 787 2142 at
803 2104 872 2159 quos
882 2090 940 2158 ipse

138 2177 428 2238 excommunicaverit,
446 2177 496 2246 ipsi
510 2176 734 2230 excommunicati
762 2176 890 2240 existant,
913 2185 941 2229 ut

138 2266 164 2320 ei
187 2264 317 2319 auxilium
333 2263 459 2319 alacriter
480 2264 642 2333 impendatis
661 2279 814 2325 monemus,
838 2264 941 2317 nullam

138 2352 361 2409 contrarietatem
376 2352 418 2407 vel
434 2351 601 2405 invasionem
624 2352 650 2405 in
669 2352 750 2405 rebus
764 2352 807 2406 vel
822 2353 941 2406 bomini-

138 2443 190 2496 bus
209 2442 294 2510 ipsius
320 2440 450 2494 Ecclesia}
466 2440 612 2510 quotalibet
635 2438 723 2493 iacere
759 2439 939 2508 permittatis;

138 2530 205 2601 quin
221 2528 310 2599 potius
325 2537 416 2582 vestro
432 2544 480 2582 eos
496 2528 592 2581 solatio
607 2528 676 2580 tueri
693 2543 741 2597 pro
757 2527 805 2580 liei
832 2535 941 2580 nostro-

139 2635 192 2688 que
207 2632 301 2670 amore
325 2616 533 2686 diligentissime
549 2615 678 2668 studeatis
693 2634 700 2676 ;
713 2616 760 2668 sed
777 2622 801 2668 et
826 2614 942 2669 clericos

137 2705 213 2759 illius
229 2719 308 2758 nemo
319 2713 439 2757 restrum
453 2703 480 2756 in
496 2703 740 2761 commendatione.
758 2710 801 2755 ant
828 2702 879 2754 sub
894 2701 943 2755 ali-

137 2793 218 2860 cujus
233 2791 399 2846 defensionis
427 2791 546 2855 obtentu,
563 2790 665 2860 alisque
685 2789 805 2859 {irradiati
821 2789 942 2859 episcopi

136 2881 181 2935 sni
195 2880 303 2935 licentia
319 2879 441 2949 recipere
457 2887 608 2948 praesumat.
626 2877 705 2944 Quod
728 2878 749 2930 si
772 2884 868 2932 contra
891 2878 942 2932 boc

135 2977 262 3023 nestrum
276 2967 455 3036 apostolieum
466 2973 594 3020 statutum
610 2965 712 3034 aliquid
743 2980 851 3020 suorum
863 2964 943 3019 cleri-

136 3072 235 3112 corum
249 3071 333 3128 agere
348 3055 503 3119 tantaverit,
530 3053 714 3109 ecclesiastica
742 3053 785 3115 sit,
815 3062 871 3107 tarn
890 3068 940 3107 ac-

134 3152 233 3215 ceptor
248 3159 328 3214 quarn
350 3151 489 3212 acceptus,
513 3141 704 3195 cummunione
721 3141 852 3211 privatus.
872 3142 940 3194 Data

134 3237 168 3287 at
186 3248 286 3304 supro.

471 3327 608 3380 cccxlv.

211 3447 396 3487 innonatur
413 3447 649 3486 aacrrrarrscortvu
667 3445 864 3484 navasmrstr.

448 3539 538 3607 (Anno
558 3538 633 3604 879.)

228 3645 361 3716 l’raecipit
375 3648 406 3698 ut
418 3645 532 3699 llomaua
548 3643 583 3697 ad
597 3642 732 3712 agitedum
751 3643 854 3696 arentur.

173 3766 416 3824 Reverendissimo
428 3774 455 3820 et
468 3765 641 3821 sanctissimo
656 3763 861 3834 archiepiscopo
876 3779 940 3817 san·

133 3866 190 3913 ctae
206 3855 339 3911 Ecclesia
355 3855 529 3909 llevennatis.

173 3944 251 4000 Sicut
262 3944 318 4012 jam
329 3943 393 3997 olim
414 3951 512 3996 vestrm
525 3941 706 4012 precepimus
728 3942 897 4005 reverentiae,
914 3949 942 3994 ut

134 4049 189 4105 pre
219 4031 310 4085 multis
333 4031 520 4086 Ecclesiamm
541 4031 589 4084 liei
622 4029 829 4084 necessitatibus
844 4037 942 4101 quarto

135 4122 206 4176 ldus
236 4119 363 4174 Octobris
386 4119 499 4172 Romam
519 4118 667 4181 venientes,
685 4118 819 4188 synodum
840 4118 942 4188 pariter

133 4209 353 4272 celebraremus,
369 4223 441 4260 nunc
457 4206 550 4260 iterato
565 4206 607 4259 tris
623 4206 788 4275 apostolatus
800 4206 884 4261 nostri
900 4206 941 4259 lit-

134 4297 208 4352 teris
218 4295 377 4350 fraternitati
392 4303 491 4349 vestrae
506 4295 633 4362 jtrbemns
648 4303 685 4351 ιιι,
710 4295 783 4348 omni
807 4310 885 4348 mora
899 4293 942 4347 vel

135 4383 287 4440 occasione
313 4383 470 4453 postposita,
501 4383 533 4435 ad
561 4383 763 4449 depriminamm
794 4369 979 4451 synodan

135 4488 233 4544 quam,
251 4472 309 4525 Dee
324 4480 445 4535 anctore,
462 4471 489 4523 in
503 4470 632 4540 praedicto
647 4479 769 4539 tempore
780 4469 940 4525 celebraturi

136 4561 243 4616 erimus
254 4559 286 4612 in
300 4559 417 4614 eeclesia
432 4558 504 4612 beati
516 4559 585 4611 l‘etri
603 4558 731 4628 principis
742 4557 938 4627 apostolorum,

135 4666 205 4706 cum
219 4646 400 4716 suffraganeis
416 4646 467 4699 tuis
483 4646 619 4715 episcopis
634 4644 940 4699 occurrerennllatenus

136 4735 353 4810 pratermittatis
370 4753 377 4798 ;
393 4735 457 4804 quia
479 4733 662 4787 aesomnium
684 4732 867 4788 licclesiarunr
890 4732 940 4787 Dei

133 4824 248 4881 utilitati
263 4831 290 4877 et
311 4822 475 4884 exaltationi,
505 4822 572 4875 sicut
589 4829 702 4891 oportet,
719 4821 778 4891 pari
805 4836 939 4875 consensu

134 4925 164 4969 et
180 4913 295 4968 decreto
312 4926 385 4964 more
417 4909 648 4979 praedecessorum
670 4917 823 4963 nostrornm
839 4924 940 4963 consu-

135 5005 200 5058 lere
217 4999 352 5054 volumus,
370 4999 402 5051 lit
431 4998 492 5052 idco
511 5005 639 5063 vestram,
670 4997 818 5051 secuudum
848 5013 941 5051 saeros

136 5103 262 5147 canones
290 5086 492 5140 unanimitatem
516 5086 613 5139 adesse
643 5086 775 5144 volumus,
807 5093 940 5155 quatenns

136 5176 274 5236 Ecclesia
289 5175 338 5229 Dei
355 5175 443 5246 vigor,
460 5173 566 5226 Cirristo
583 5173 698 5231 lavante.
716 5190 766 5242 per
782 5174 940 5242 synodalem

135 5279 290 5322 censuram
306 5262 426 5315 illibatus
442 5269 610 5331 permaneat.
625 5262 798 5331 Quapropter·
819 5261 840 5313 si
855 5261 881 5314 in
895 5277 941 5316 vc-

174 5451 187 5476 ·
203 5443 261 5492 itae
275 5441 348 5491 rerba
358 5441 469 5504 superins
481 5439 650 5490 transferenda
669 5439 788 5488 videntur.

1734 221 1786 272 886

953 336 981 392 Α
994 352 1094 406 aiendo
1111 368 1181 407 nuuc
1199 353 1315 424 aliquam
1337 368 1442 408 moram
1459 355 1501 409 vel
1529 357 1724 426 negligentiam
1752 357 1788 411 ad

991 440 1129 505 miseritis,
1151 441 1245 495 scitote
1261 441 1388 512 quoniam
1417 443 1548 498 canonica
1563 460 1612 498 vos
1639 444 1787 517 redargue-

990 543 1049 581 mns
1065 544 1189 583 censura.
1208 529 1339 598 Optamus
1354 531 1526 586 sanctitatem
1550 539 1635 599 tuam,
1651 539 1703 587 ete.
1720 533 1788 586 Data

989 629 1020 668 xr
1036 615 1173 670 Kalendas
1188 616 1323 684 Octobris,
1340 617 1486 673 indictione
1495 632 1556 674 xrrr.

1324 774 1448 832 CCLXV.

1174 896 1209 933 ao
1233 880 1601 953 casauulrraaromavmsmr.

1298 989 1390 1047 (Anno
1405 989 1480 1045 stat

990 1093 1125 1162 Praecipit
1142 1095 1172 1145 ut
1184 1094 1213 1146 in
1231 1093 1322 1147 locum
1338 1092 1469 1164 despecti
1478 1090 1679 1166 archicpiscopi
1692 1095 1724 1149 ia
1739 1097 1789 1150 lto-

1025 1178 1110 1216 raanu
1119 1162 1449 1232 synodoprioatiotiuma
1460 1179 1488 1218 se
1496 1164 1717 1218 consecrandam
1724 1165 1788 1234 aas·

1024 1232 1123 1299 ficiunt
1135 1252 1143 1297 ,·
1157 1233 1246 1286 mittit
1258 1233 1361 1300 tapetas
1370 1234 1416 1306 qui
1431 1250 1489 1288 aaa
1499 1249 1563 1289 com
1578 1236 1647 1302 ipris
1657 1235 1789 1290 electioni

1026 1304 1174 1366 intersint,
1191 1303 1335 1374 quatrata
1352 1304 1479 1358 omnibus
1493 1304 1598 1358 obediri
1608 1305 1697 1375 jubet.

1025 1424 1159 1479 Omnibus
1174 1425 1320 1495 episcopis,
1336 1425 1514 1496 presbyteris.
1530 1426 1699 1490 diaconibus,
1722 1426 1786 1482 sub·

989 1512 1158 1576 diaconibus,
1174 1520 1199 1566 et
1215 1513 1288 1567 omni
1303 1513 1377 1568 clerc
1396 1521 1497 1568 sanetae
1507 1513 1638 1568 Ecclesiae
1653 1513 1789 1570 blediola·

713 1649 885 1720 Quapmpmr
900 1666 939 1704 ω’
952 1677 978 1735 Β
1024 1690 1082 1743 Deo
1097 1687 1204 1743 dilectae
1218 1689 1387 1743 unanimitati
1402 1698 1501 1744 vestrae
1520 1679 1706 1755 fraternitatis,
1729 1692 1789 1746 aba

989 1776 1101 1841 rissimi,
1127 1784 1218 1830 notum
1249 1793 1312 1831 esse
1341 1777 1467 1831 volumus
1495 1778 1560 1848 quia
1579 1793 1630 1833 nos
1654 1791 1788 1834 unacum

990 1872 1082 1919 sancta
1103 1864 1208 1934 synodo
1245 1865 1336 1918 idibus
1369 1864 1496 1920 Octobris
1522 1867 1549 1919 ia
1572 1866 1690 1922 ecelesia
1717 1867 1788 1921 beati

991 1953 1060 2006 l’etri
1089 1952 1206 2021 apostoli
1234 1961 1353 2022 peracta.
1385 1955 1547 2023 anspertum
1569 1953 1671 2007 dudum
1695 1954 1788 2009 arehi-

990 2040 1148 2111 episcopum
1164 2048 1285 2093 vestrnm
1309 2056 1357 2110 pro
1381 2040 1437 2093 suis
1450 2041 1624 2112 negligentiis
1651 2056 1682 2098 ac
1694 2041 1788 2096 multi-

990 2128 1105 2198 plicibus
1133 2129 1390 2198 presumptionibus
1421 2129 1477 2197 jam
1507 2129 1534 2183 in
1563 2129 1645 2200 priori
1672 2129 1787 2200 synodo,

990 2223 1051 2285 post
1066 2217 1213 2271 secundam
1245 2223 1270 2270 et
1285 2217 1392 2271 tertiam
1416 2217 1596 2281 vacationem,
1627 2224 1709 2288 atque
1728 2224 1790 2287 post

991 2303 1137 2357 canonicas
1160 2303 1210 2357 sibi
1227 2304 1306 2358 datas
1321 2304 1445 2359 inducias
1459 2320 1510 2375 pro
1541 2320 1570 2359 se
1600 2303 1788 2359 satisfacienda

991 2391 1127 2445 nolentem
1151 2406 1304 2455 occurrere,
1349 2394 1447 2448 virtute
1486 2393 1569 2448 sancti
1608 2392 1733 2463 Spiritus,
1763 2400 1789 2447 et

991 2479 1151 2533 auctoritate
1181 2488 1337 2535 sanctorum
1374 2481 1446 2536 Petri
1472 2495 1503 2536 ac
1536 2480 1613 2535 Pauli
1654 2480 1790 2550 apostolo·

992 2582 1053 2619 mm
1067 2566 1232 2636 principum,
1259 2575 1286 2621 et
1300 2568 1433 2623 canonica
1460 2575 1542 2639 atque
1566 2567 1696 2638 synodica
1724 2582 1789 2621 san·

992 2653 1091 2722 ctione,
1110 2654 1259 2725 episcopali
1275 2655 1380 2709 honore
1393 2655 1570 2726 privavimus,
1586 2654 1650 2726 quia
1660 2661 1723 2709 ante
1737 2669 1788 2709 aa·
1817 2690 1823 2705 .

992 2741 1121 2795 dientiam
1137 2743 1337 2797 communicare
1353 2743 1528 2813 pertinaciter
1550 2742 1732 2814 praesumpsit,
1761 2749 1789 2798 et

992 2837 1055 2883 ante
1069 2828 1220 2899 legitimum
1236 2829 1472 2903 suaelpurgationis
1487 2845 1600 2886 examen
1611 2828 1788 2886 ministerium

994 2926 1206 2972 srenrmeomra
1223 2926 1322 2972 statuta
1336 2919 1467 2987 majomm
1495 2926 1598 2973 temere
1622 2932 1707 2991 agere
1734 2932 1791 2974 aon

956 3005 1133 3082 Cdubitavit.
1143 3007 1174 3061 Et
1187 3006 1248 3060 ideo
1263 3006 1392 3076 prasenti
1407 3007 1485 3062 vobis
1500 3014 1599 3062 statuta
1619 3006 1748 3076 jubemus
1761 3012 1793 3061 ut

991 3109 1087 3147 omues
1103 3110 1157 3148 uno
1172 3094 1263 3148 animo
1277 3111 1385 3168 unaque
1400 3103 1463 3151 voto
1491 3095 1683 3150 convenientes
1710 3103 1790 3166 atque

991 3188 1174 3236 convocantes
1184 3190 1308 3252 pastores
1323 3182 1366 3236 vel
1381 3182 1510 3253 populum
1526 3182 1650 3249 civitatis,
1667 3180 1701 3237 de
1730 3181 1789 3237 ele·

991 3269 1080 3323 ctione
1095 3269 1214 3329 alterius,
1232 3269 1328 3338 quide
1354 3269 1538 3324 cardinalibus
1551 3269 1720 3340 presbyteris
1743 3276 1790 3325 aut

991 3356 1151 3411 diaconibus
1167 3356 1275 3426 dignior
1289 3356 1367 3411 luerit
1382 3364 1517 3428 repertus,
1533 3371 1595 3412 cam
1606 3355 1787 3413 Cbristisela·

990 3445 1036 3511 tio,
1048 3445 1082 3499 ad
1098 3444 1349 3515 archiepiscopatus
1367 3447 1499 3500 bonorem
1509 3443 1691 3516 promoveatis
1707 3462 1714 3498 :
1732 3458 1786 3516 quo

991 3532 1094 3588 scilicet
1119 3533 1231 3588 decreto
1246 3533 1403 3588 solemniter
1417 3532 1499 3603 iacto,
1514 3541 1596 3606 atque
1610 3531 1730 3589 adhaec
1744 3549 1787 3588 ur·

989 3621 1051 3676 bem
1067 3620 1237 3686 transmisso,
1253 3637 1288 3675 ne
1298 3629 1377 3676 antea
1391 3620 1518 3692 quislibet
1531 3622 1724 3694 episcoporum
1734 3620 1787 3676 ali-

991 3725 1072 3781 quem
1088 3709 1187 3763 ibidem
1202 3709 1328 3764 ordinare
1356 3717 1512 3780 praesumat,
1537 3716 1680 3781 antequam
1708 3709 1787 3766 nobis

991 3798 1080 3852 omnia
1097 3797 1195 3852 luerint
1206 3798 1368 3868 renuntiata,
1385 3814 1457 3866 cam,
1472 3798 1531 3854 Deo
1546 3797 1664 3865 favente,
1683 3814 1734 3854 nos
1749 3798 1786 3853 ibi

992 3886 1141 3940 secundum
1165 3903 1269 3941 morem
1285 3886 1436 3957 pristinam,
1462 3897 1488 3943 et
1511 3887 1660 3943 secundum
1681 3886 1797 3960 regiam¹

992 3975 1207 4040 concessionem,
1224 3975 1348 4030 velamus
1362 3976 1601 4047 archiepiscopum
1615 3991 1787 4031 consecrare.

991 4061 1061 4117 Nam
1079 4063 1100 4116 si
1116 4063 1195 4117 aliter
1204 4063 1696 4135 praesumpseritis,ecclesiastiearos
1710 4079 1787 4120 corn-

992 4152 1120 4205 muniane
1134 4151 1321 4222 privabimns3
1339 4154 1417 4225 etqui
1431 4154 1586 4208 contrahoc
1601 4160 1725 4208 nestram
1735 4159 1790 4207 sta-

992 4248 1078 4292 tutum
1093 4239 1217 4303 iecerint,
1235 4240 1495 4310 apostolicojudicio
1505 4248 1582 4295 erunt
1596 4241 1708 4295 omnino
1724 4255 1788 4296 eor-

993 4327 1070 4397 repti.
1087 4327 1157 4381 Sane
1181 4327 1425 4381 reverendissimos
1447 4327 1544 4382 iratres
1559 4335 1585 4381 et
1613 4326 1789 4397 coepiscopos

992 4421 1098 4468 nostros
1112 4414 1243 4469 loannem
1259 4413 1440 4479 Tieinensem,
1455 4422 1482 4468 et
1507 4413 1662 4470 Weltoaem
1690 4413 1788 4468 Arimi-

990 4517 1103 4556 nensem
1118 4501 1181 4554 illue
1195 4501 1254 4556 vice
1270 4510 1363 4556 nostra
1391 4501 1545 4573 dirigimus,
1576 4501 1621 4573 qai
1644 4500 1789 4556 vobiscum

991 4590 1089 4660 pariter
1099 4590 1221 4644 eamdem
1236 4590 1398 4646 electionem
1417 4589 1517 4645 ieciant
1529 4608 1536 4656 ;
1549 4604 1617 4661 quos
1640 4604 1721 4644 nemo
1743 4604 1789 4644 ve·

991 4687 1071 4732 stmm
1098 4678 1230 4750 impedire
1245 4679 1272 4733 in
1288 4679 1380 4751 aliquo
1403 4685 1559 4750 prasumat,
1589 4677 1611 4731 si
1627 4675 1737 4749 quidem
1747 4676 1788 4746 ju·

992 4774 1061 4821 stum
1078 4766 1134 4821 sore
1145 4768 1254 4822 cernitis
1269 4775 1297 4821 ut
1312 4766 1390 4822 nobis
1406 4766 1433 4820 in
1456 4765 1580 4821 amnibus
1604 4763 1718 4820 obedire
1727 4780 1790 4836 pro-

991 4864 1064 4911 curet
1082 4875 1087 4909 :
1105 4855 1147 4909 cui
1163 4855 1285 4927 quisquis
1300 4856 1351 4910 lroc
1367 4840 1550 4925 superbiendo
1564 4853 1694 4908 resistens
1709 4868 1792 4926 agere

992 4944 1142 5003 tentaverit,
1159 4961 1173 4996 a
1189 4943 1402 4998 Christianorum
1416 4941 1533 5013 collegio
1549 4949 1692 5013 separatus
1706 4940 1757 4996 erit
1767 4949 1790 4994 ¹.

992 5033 1025 5085 Et
1041 5031 1104 5102 qnia
1119 5032 1239 5085 nondum
1255 5045 1270 5083 a
1287 5030 1400 5086 vinculis
1411 5027 1791 5085 excommunicationisabso·

992 5121 1062 5173 tutus
1077 5119 1102 5171 in
1119 5117 1286 5172 vercellensi
1297 5118 1414 5174 ecelesia
1428 5118 1584 5188 episcopum
1597 5116 1745 5172 enormiter
1759 5118 1800 5170 ae'

992 5206 1167 5276 pervicaciter
1180 5206 1318 5271 ordinare,
1335 5214 1427 5260 contra
1442 5205 1545 5275 regiam
1573 5204 1651 5257 etiam
1674 5203 1794 5258 volunta·

995 5304 1048 5349 tem
1065 5295 1243 5364 presumpsit.
1257 5294 1325 5347 itata
1341 5298 1373 5348 ui
1384 5310 1480 5364 supro.
