3794 6104
758 216 907 275 JOANle
934 217 1033 272 PAPAE
1060 217 1133 274 vm.

77 303 85 311 ι
118 219 172 275 'tot

1731 223 1780 285 'tot

117 342 211 415 legere
227 342 308 399 facito
325 361 331 397 :
347 343 446 415 quihus
456 342 585 398 nimirum
596 342 725 414 perlectis
740 351 794 398 tam
808 342 920 398 eosdem
934 340 1053 403 haedis.
1069 343 1251 399 acimundum
1267 344 1371 401 scilicet
1381 345 1592 417 etWalpertum
1602 345 1774 402 venerabiles

117 433 262 503 episcopos
286 432 467 501 supradictos,
495 433 548 486 hoc
564 438 606 486 est
621 430 730 486 felicem
746 439 759 465 ⁸
774 432 926 498 llatemau7
975 428 1241 500 episcoposdileetos
1256 442 1366 488 nostros
1380 433 1416 488 ad
1431 441 1504 488 tuam
1518 434 1693 489 nobilitatem
1707 434 1773 489 dire·

116 528 232 588 tenserm
248 527 275 574 et
290 520 399 574 Petrum
422 519 611 590 aquilensem,
626 518 781 589 episcopos,
799 534 852 575 uec
870 534 925 574 non
975 517 1074 584 ximus,
1086 527 1116 573 ut
1130 520 1157 573 hi
1168 520 1243 590 quod
1252 521 1353 594 pagina
1363 522 1468 577 reticuit
1482 521 1544 579 vira
1558 537 1629 577 roce
1636 520 1773 592 loquentes

117 608 290 664 Laurentium
306 606 526 663 archidiaconum
544 606 695 662 Gradensis
710 606 853 674 Ecclesiae,
872 605 925 667 ab<
976 604 1093 672 edicant,
1109 615 1136 662 et
1151 617 1318 664 revertentes
1341 609 1375 664 de
1391 617 1437 665 tua
1460 608 1654 667 benevolentia
1671 624 1720 665 nos
1733 609 1772 665 lc·

119 697 208 751 batem
233 694 350 752 eoenobii
372 694 531 761 Altinensis,
556 693 778 750 archidiaconum
807 693 925 750 Iloscel-
975 693 1057 749 tiores
1080 694 1206 751 efficiant.
1229 696 1298 752 Data
1316 713 1365 753 ιιιιι
1389 697 1528 754 Kalendas
1548 696 1684 764 ianuarii,
1707 696 1771 753 indi·

118 784 234 848 lensem,
252 792 278 838 et
293 783 560 854 archipresbyterum
585 782 767 848 Gradensem,
794 798 857 838 cum
874 797 926 836 ne·
977 781 1066 840 ctione
1082 783 1197 840 decima.

117 883 180 944 pote
195 887 244 927 suo
260 871 404 928 Laurentio
419 872 533 927 Romam
548 871 577 927 in
590 870 766 942 praesentiam
788 878 924 936 nostram,

117 977 150 1018 ex
165 968 260 1016 nostra
285 960 436 1031 apostolica
464 959 626 1016 auctoritate
651 959 742 1015 idibus
757 958 922 1024 Februariis,

120 1049 195 1104 omni
208 1064 287 1105 mora
302 1048 346 1104 vel
368 1048 515 1104 occasione
538 1047 699 1119 postposita,
717 1047 867 1104 secundum
882 1055 926 1102 te-

120 1153 217 1193 norem
241 1135 363 1207 epistolae
385 1144 487 1191 nostrae
512 1135 605 1192 venire
627 1135 754 1206 praecipe.
776 1135 847 1190 Nam
861 1133 927 1188 siin

121 1224 261 1297 predictis
280 1224 371 1279 idibus
395 1223 489 1279 venire
513 1222 635 1295 quolibet
657 1222 740 1279 modo
761 1221 924 1289 distulerint,

122 1313 210 1369 sciant
225 1328 255 1368 se
269 1311 343 1366 omni
367 1311 553 1367 ecclesiastica
575 1311 767 1367 communione
789 1325 852 1365 esse
864 1309 926 1380 pri·

120 1408 208 1468 vatos,
234 1407 316 1471 atque
342 1399 524 1454 anathematis
547 1398 663 1455 vinculis
684 1398 835 1468 innodatos,
859 1412 928 1469 quo·

124 1504 213 1560 usque
239 1486 342 1542 nostris
356 1503 386 1543 se
407 1485 547 1542 obtutibus
572 1494 737 1557 prasentare
758 1485 925 1542 curaverint.

1345 891 1400 947 LV.

1047 1010 1083 1050 sn
1103 1011 1274 1053 castrantur«
1297 1012 1448 1053 rurxcnau
1477 1011 1710 1054 sunaanrrsuuu.

1283 1103 1374 1171 (Anno
1393 1102 1469 1172 876.)

975 1204 1085 1260 laudm
1097 1208 1157 1277 ejus
1172 1207 1238 1276 fidei
1252 1208 1444 1264 constantiam
1458 1224 1525 1280 erga
1539 1208 1639 1264 sedem
1652 1209 1771 1280 apostoli

1011 1291 1073 1330 cam
1083 1295 1092 1332 .·
1101 1277 1235 1349 Adelgisii
1250 1279 1461 1362 et'eomplicam
1475 1278 1596 1363 fraudes
1607 1278 1769 1361 detestatur,

1010 1349 1771 1500 {llll“attat“'ltllltlt‘t'lmuttlltt

1010 1500 1042 1540 tn
1056 1486 1110 1554 fide
1125 1489 1271 1559 persistat,
1287 1492 1374 1561 atquc
1396 1491 1558 1562 episcopam
1573 1489 1770 1546 Surrentinum

123 1576 249 1647 Cumque
271 1574 362 1630 omnia
382 1575 459 1644 juxta
483 1581 584 1630 nostras
597 1574 789 1645 preceptionis
803 1573 928 1630 affectum
1011 1556 1048 1611 “d
1060 1572 1090 1612 *θ
1104 1559 1215 1614 mmai·

124 1664 172 1736 pia
186 1672 213 1719 et
227 1662 302 1719 lideli
317 1663 464 1720 devotione
478 1663 668 1734 compleveris,
684 1662 720 1717 ad
733 1662 865 1719 Ecclesia
876 1669 970 1750 tuaeB
1010 1664 1138 1720 toruum
1171 1663 1316 1737 episcopus
1339 1664 1496 1720 Gusrrearo
1517 1663 1639 1737 principi
1660 1663 1770 1721 Salerni·

119 1759 258 1808 revertere
272 1751 421 1823 gremium,
433 1751 565 1823 nobisque
581 1751 633 1806 sub
647 1750 810 1807 certitudine
824 1757 923 1807 cuncta
973 1761 1047 1808 lano.

118 1840 273 1895 renuntiare
288 1855 342 1895 non
356 1839 478 1896 differas.
494 1840 528 1896 Ut
542 1839 565 1895 si
580 1839 826 1910 daeaeteroaliqua
839 1854 923 1910 snper
1008 1839 1142 1896 Gloriosa
1171 1838 1305 1895 nobilitati
1332 1847 1438 1907 restra,
1483 1854 1566 1912 quam
1594 1840 1770 1913 spiritualibus

117 1928 160 1982 his
175 1927 283 2001 agenda
297 1928 350 1983 sint
368 1927 481 1983 arbitrio
495 1928 601 1994 solerti,
616 1936 644 1983 ut
659 1942 725 1983 aura
741 1927 832 1985 debita
845 1925 922 1983 solli·
972 1929 1045 1985 ulnis
1068 1927 1256 2000 amplectimur
1270 1935 1297 1983 et
1311 1927 1464 1985 dilectionis
1486 1943 1600 1999 semper
1614 1928 1721 1985 sinibus
1734 1928 1770 1985 lo-

116 2016 197 2071 citius
213 2017 271 2072 Deo
286 2015 406 2088 propitio
420 2031 598 2088 peragamus.
974 2033 1039 2073 vere
1054 2032 1109 2072 non
1134 2016 1295 2073 mediocrite
1317 2016 1486 2088 anhelamus,
1508 2015 1668 2089 condignas
1682 2016 1770 2089 gratias

976 2104 1092 2178 agimus,
1109 2103 1238 2176 quoniam
1251 2103 1279 2159 in
1295 2103 1358 2160 fidei
1376 2112 1454 2176 petra
1477 2111 1601 2161 statuens
1621 2105 1771 2161 constantia

485 2166 553 2222 HV·
977 2193 1073 2264 pedes,
1089 2208 1140 2248 uec
1154 2191 1320 2259 fluminibus,
1336 2206 1387 2248 nec
1405 2192 1494 2248 ventis
1507 2192 1687 2249 diversorum
1700 2208 1771 2249 eren·

329 2296 366 2335 an
385 2294 555 2337 sanamus
574 2294 708 2336 caumas.
974 2288 1051 2336 tuum
1065 2279 1167 2351 impetu
1191 2280 1277 2351 potuit
1291 2294 1308 2335 a
1322 2279 1472 2336 stabilitate
1486 2295 1535 2335 sua
1551 2281 1690 2353 demergi,
1705 2280 1771 2337 reia

424 2395 515 2466 (Anno
542 2393 617 2464 876.)

976 2367 1056 2423 nobis
1080 2367 1208 2439 praestitis
1231 2367 1422 2438 sponsionibus
1446 2367 1620 2440 aliquatenus
1639 2368 1769 2436 amorem

976 2455 1087 2511 lundata
1103 2455 1175 2511 enim
1191 2463 1232 2510 est
1246 2471 1329 2527 supra
1343 2462 1457 2527 petram.
1470 2453 1539 2525 Quae
1552 2455 1770 2513 autemdehdel-

120 2520 152 2576 lit
165 2523 325 2591 compescat
339 2519 391 2575 sibi
406 2519 544 2589 subjectos
559 2535 576 2573 a
590 2517 676 2573 malis
690 2533 752 2599 quse
774 2519 922 2600 perpetra·

153 2588 240 2657 bant;
257 2591 364 2662 quossi
380 2589 530 2645 emendare
554 2604 613 2644 non
632 2591 768 2660 potuerit,
793 2591 923 2641 mersatur

153 2659 219 2715 illos
243 2675 273 2714 se
293 2660 612 2716 excommunicaturam
628 2678 638 2713 .·
655 2658 756 2730 legatis
779 2658 874 2713 malta
896 2657 923 2712 ci

152 2730 216 2784 vira
230 2745 295 2788 voce
309 2729 461 2802 reserenda
475 2745 505 2785 se
520 2729 685 2800 injunxisse
698 2727 854 2799 significat.

972 2543 1036 2615 gisii
1050 2552 1075 2599 et
1090 2544 1253 2615 complicum
1270 2544 1330 2613 ejus
1344 2543 1483 2615 prioribus
1498 2558 1530 2601 ac
1545 2544 1689 2601 modernis
1702 2544 1769 2601 frtu-

972 2631 1090 2687 dulentis
1114 2632 1218 2687 actibus
1243 2631 1393 2698 indicastis,
1416 2640 1443 2688 et
1462 2631 1515 2703 ipsi
1540 2631 1769 2689 veracitersensi·

972 2735 1042 2788 mus,
1060 2727 1087 2774 et
1101 2720 1278 2792 sagacitatem
1297 2728 1380 2785 tuam,
1398 2727 1428 2774 ut
1440 2736 1470 2776 se
1486 2735 1532 2776 res
1547 2720 1643 2787 habet,
1659 2720 1768 2777 sensisse

972 2807 1115 2863 manifeste
1140 2808 1330 2879 cognovimus.
1357 2807 1417 2862 Erit
1441 2816 1534 2864 autern
1557 2808 1600 2863 eis
1624 2816 1655 2865 ut
1678 2807 1769 2864 Sauld

151 2878 280 2933 JOANNES
298 2878 443 2949 epi⁸⁰⁰lil¹⁵
456 2879 608 2934 [ΝΜΟ
623 2878 725 2934 0⁰¹11ffl·
972 2896 1065 2952 Achab
1080 2896 1108 2966 (l
1118 2899 1183 2968 liep.
1199 2897 1263 2968 xx),
1280 2903 1307 2950 et
1321 2896 1411 2951 anima
1439 2911 1535 2951 eorum
1557 2911 1610 2967 pro
1625 2895 1714 2952 anima
1726 2893 1768 2949 ini-

153 2983 196 3038 th
210 2983 287 3052 olim,
304 2983 327 3038 si
346 2982 510 3050 recordaris,
535 2982 652 3039 salutem
672 2991 745 3038 tuam
759 2990 840 3054 atque
855 2997 923 3054 pro-
974 2983 1109 3040 micorum
1122 2983 1181 3052 Dei,
1199 2983 1326 3056 quoniam
1351 2983 1440 3039 virum
1455 2983 1571 3056 dignum
1586 2991 1677 3040 morte
1690 2981 1769 3039 dimit·

125 3070 227 3127 lectum
249 3071 447 3140 desiderantes,
463 3080 490 3127 et
503 3071 592 3127 anima
615 3079 642 3126 te
657 3070 766 3136 salvari,
784 3079 810 3126 et
823 3086 925 3143 corpo·
939 3034 964 3099 G
978 3079 1036 3128 tere
1050 3071 1161 3127 minime
1187 3071 1377 3137 formidarunt,
1395 3087 1499 3145 nosque
1515 3072 1574 3128 Deo
1588 3070 1699 3129 favente
1713 3086 1768 3128 can·

131 3158 187 3214 reis
200 3158 351 3214 honoribus
373 3158 505 3214 cumulari
529 3159 704 3230 quaesivimus
719 3167 745 3215 et
762 3159 926 3230 optavimus.
977 3159 1092 3214 labimus
1106 3167 1133 3215 et
1147 3160 1295 3231 psallemus
1305 3176 1312 3214 ε
1322 3161 1494 3232 inoperatus
1508 3175 1768 3217 manaumsuaram

72 3265 77 3273 ·
124 3247 159 3302 Et
180 3248 245 3318 quia
270 3259 342 3303 nuno
365 3247 450 3302 multo
471 3247 588 3319 amplius
610 3248 663 3303 hoc
685 3263 766 3319 quam
789 3248 874 3319 prius,
891 3247 929 3302 lili
975 3248 1194 3318 comprehensus
1217 3252 1259 3304 est
1278 3248 1509 3319 peccator(Psal.
1526 3247 1577 3320 vu)
1596 3265 1605 3302 τ
1621 3247 1767 3304 etiterum:

123 3335 297 3402 charissime,
309 3337 444 3402 volumus,
460 3337 532 3392 scias
547 3344 662 3407 patemo
677 3335 776 3393 affectu
787 3336 891 3392 anobis
902 3344 929 3393 te
975 3337 1081 3392 lucum
1096 3338 1218 3409 aperuit,
1235 3339 1264 3392 el
1277 3335 1439 3407 [editorem.
1456 3339 1485 3391 et
1498 3335 1605 3391 incidit
1621 3337 1652 3392 in
1671 3341 1767 3410 {meam

122 3422 202 3497 diligi
218 3431 245 3479 et
259 3431 288 3479 ut
303 3425 470 3496 spiritualem
479 3423 564 3480 filium
578 3440 693 3496 prorsus
707 3424 844 3496 amplecti,
861 3439 929 3496 qno·
975 3441 1059 3496 qoam
1074 3426 1144 3496 feeit
1155 3444 1164 3480 .·
1176 3427 1359 3480 convertetur
1376 3423 1454 3480 dolor
1473 3423 1535 3495 ejas
1554 3425 1588 3479 ist
1603 3429 1693 3497 eaput
1705 3426 1765 3496 ejas,

122 3511 197 3565 niam
212 3512 345 3567 honorem
360 3520 441 3583 atque
457 3520 532 3567 tuum
546 3511 698 3583 proiectum
720 3521 842 3568 nostram
862 3513 926 3583 glo·
975 3513 1218 3583 restruatur).
1230 3510 1588 3581 luterimautem,quantum
1598 3526 1651 3566 nos
1660 3521 1767 3583 superat

118 3599 185 3654 riam
201 3615 263 3655 esse
278 3609 414 3671 putamus,
427 3600 498 3656 etde
509 3609 563 3656 tuae
573 3601 762 3672 prosperitatis
777 3608 926 3673 augmento
974 3598 1060 3654 virtus
1082 3600 1212 3669 adjuvare
1235 3599 1348 3671 dignata
1370 3598 1459 3665 luerit,
1477 3606 1502 3654 et
1522 3598 1551 3655 in
1571 3599 1696 3655 consiliis
1709 3599 1765 3656 etit

118 3686 145 3742 in
171 3688 287 3744 Domino
313 3688 481 3762 gratulamur
497 3707 504 3745 ε
519 3689 592 3745 unde
618 3696 645 3744 et
659 3697 688 3743 tu
704 3705 758 3744 non
779 3688 925 3745 immemor
974 3688 1081 3743 auxiliis
1103 3688 1180 3744 vobis
1204 3686 1274 3743 ferre
1296 3686 1453 3758 praesidium
1466 3702 1522 3743 non
1542 3686 1710 3756 omittemus,
1726 3683 1764 3742 sed

117 3775 215 3842 nostri,
242 3791 384 3849 rogamus,
401 3784 431 3831 ut
446 3792 555 3847 semper
570 3785 596 3831 et
610 3784 639 3830 ut
654 3777 696 3831 his
711 3793 771 3848 quae
786 3777 921 3845 volumus,
973 3776 1125 3846 piissimum
1153 3774 1239 3830 hlium
1268 3783 1391 3830 nostmm
1421 3790 1531 3845 semper
1562 3777 1711 3848 augustum
1737 3771 1763 3829 ad

120 3870 147 3918 et
162 3879 223 3933 quae
246 3871 371 3918 nostrum
385 3864 420 3918 de
436 3863 489 3918 tuis
504 3863 659 3920 hominibus
677 3863 845 3935 pontificium
859 3864 923 3937 pul·
972 3864 1154 3933 adiuvandum
1181 3878 1230 3918 vos
1253 3870 1310 3918 tam
1333 3878 1384 3933 per
1407 3879 1437 3918 se
1461 3877 1545 3934 quarn
1559 3878 1611 3934 per
1629 3862 1762 3920 exercitur

119 3957 194 4015 sant,
209 3949 354 4005 emendare
378 3951 534 4006 nullatenus
554 3952 763 4021 praetermittas3
779 3952 922 4007 nonenim
971 3967 1050 4006 suum
1066 3951 1226 4023 quantocius
1250 3949 1432 4007 incitabimus.
1451 3949 1538 4006 Simili
1553 3950 1639 4007 etiam
1653 3951 1760 4007 modoet

119 4052 264 4109 speramus
279 4044 307 4091 ut
321 4036 387 4092 talia
402 4038 474 4093 scias
490 4039 582 4110 quaha
595 4039 629 4094 ah
644 4039 748 4095 eisdem
764 4040 816 4094 tuis
831 4040 921 4096 homi·
971 4040 1039 4094 ahos
1053 4055 1175 4112 quosque
1201 4037 1296 4094 fideles
1311 4046 1338 4093 et
1350 4037 1483 4096 Ecclesia
1507 4038 1608 4094 Christi
1623 4039 1725 4095 amicos
1736 4034 1760 4092 ad

117 4124 199 4179 nibus
214 4125 241 4179 in
262 4125 364 4180 nostris
388 4124 488 4182 finibus
508 4135 709 4199 perpetrantur.
733 4128 800 4198 Quae
814 4136 920 4200 oportet
970 4127 1022 4184 hoc
1036 4127 1125 4199 ipsum
1141 4127 1260 4183 excitare
1275 4135 1353 4199 atque
1368 4126 1468 4182 hortati
1481 4125 1633 4183 studiosius
1647 4139 1760 4200 procurt-

117 4212 234 4286 gloriam
249 4220 322 4269 tuam
338 4214 460 4271 studiose
475 4215 624 4287 inquirere,
642 4225 677 4283 et,
695 4215 918 4284 sicutcondecet,
970 4216 1069 4284 bimus,
1096 4224 1177 4287 atque
1200 4215 1302 4281 omnia,
1329 4215 1386 4270 sive
1410 4231 1471 4286 quae
1494 4230 1546 4271 nos
1569 4215 1701 4289 cogitare,
1715 4214 1757 4269 siu

116 4317 168 4373 pro
184 4302 233 4357 Dei
248 4310 275 4357 et
290 4311 384 4359 nostro
399 4319 492 4359 amore
507 4304 582 4360 omni
602 4305 744 4361 conamine
759 4305 915 4371 emendare,
968 4320 1029 4375 quae
1044 4321 1093 4360 vos
1115 4304 1260 4359 salubriter
1275 4302 1421 4359 adinventa
1442 4302 1523 4359 nohis
1541 4303 1670 4360 intimare
1683 4309 1756 4359 matu·

116 4391 246 4463 quintam
262 4392 417 4447 hominihus
433 4393 461 4448 S.
477 4393 680 4464 Petriapostoli
702 4386 953 4465 quarnhomini-D
971 4393 1107 4460 raveritis,
1139 4393 1307 4465 gratulanter
1336 4407 1420 4463 agere
1449 4391 1555 4463 ingenti
1584 4407 1648 4448 cum
1674 4387 1754 4465 gaudit

117 4480 168 4534 bus
191 4479 323 4535 Guidonis
346 4480 385 4535 tui
407 4480 540 4548 homines,
567 4481 635 4537 sicut
657 4482 753 4549 fertur,
778 4482 918 4538 innumera
971 4481 1166 4538 festinabimus.
1189 4480 1300 4536 interim
1325 4488 1417 4536 autem
1430 4484 1506 4535 state
1520 4482 1554 4536 in
1569 4480 1635 4550 fide,
1652 4480 1755 4536 viriliter

118 4568 189 4623 mala
204 4567 306 4624 iaciunt
320 4575 347 4623 et
362 4568 471 4639 rapinas
485 4570 584 4626 multas
599 4578 736 4625 exercent.
754 4570 821 4640 Quas
835 4587 918 4643 roga·
969 4588 1066 4627 omnes
1092 4572 1175 4642 agite,
1200 4574 1229 4625 et
1256 4571 1434 4640 confortetur
1457 4585 1504 4626 eor
1531 4573 1660 4625 vestrum
1682 4561 1751 4638 (erut.

117 4672 178 4712 mus
194 4657 283 4711 statim
307 4656 455 4713 emendare
480 4656 575 4724 iacias,
592 4666 619 4714 et
633 4658 681 4713 tibi
705 4659 834 4728 subjectis
849 4660 919 4715 ultra
969 4661 1060 4730 artur),
1076 4656 1318 4729 nonlnsultam[in
1328 4654 1453 4728 Saltaml,
1467 4655 1513 4727 qui
1526 4656 1612 4712 Satan
1624 4664 1752 4729 congruere

120 4746 174 4800 tale
189 4745 254 4817 quid
275 4745 366 4801 iacere
391 4761 445 4800 non
470 4747 635 4802 consentias.
652 4749 753 4803 Verum
769 4748 792 4803 si
807 4748 834 4803 id
849 4747 919 4804 iorte
970 4748 1023 4804 tius
1034 4747 1142 4813 dicitur,
1154 4746 1202 4802 sed
1213 4752 1355 4816 sperantes
1366 4744 1392 4799 in
1402 4743 1519 4800 Domino
1533 4762 1539 4798 :
1555 4743 1594 4799 ita
1609 4752 1638 4800 nt
1651 4749 1749 4800 ornnes·

121 4834 265 4888 emendare
280 4840 306 4888 te
321 4850 376 4889 non
391 4847 473 4905 posse
488 4834 593 4905 lateris,
611 4843 639 4890 ut
655 4851 717 4891 cum
734 4852 800 4908 pace
816 4845 859 4891 tua
875 4836 917 4890 di·
973 4851 1143 4908 paganorum
1171 4833 1309 4891 consortio
1334 4831 1503 4899 subducatis,
1521 4839 1547 4888 et
1563 4848 1613 4889 vos
1630 4832 1664 4889 ad
1677 4837 1749 4904 pacem

118 4937 221 4990 samm,
237 4921 265 4975 in
279 4938 376 4991 pravos
399 4931 481 4994 atque
495 4923 603 4996 iniquos
618 4923 743 4980 homines
758 4924 820 4979 illos
833 4923 870 4979 ob
884 4923 923 4979 tui
972 4924 999 4979 in
1015 4923 1132 4979 invicem
1154 4931 1181 4978 et
1204 4921 1378 4978 concordiam
1402 4919 1511 4976 unitatis
1534 4920 1540 4931 '
1582 4920 1686 4976 Christo
1704 4916 1748 4970 lest

123 5009 225 5065 amoris
249 5009 431 5078 dilectionem,
458 5021 504 5068 tuo
528 5028 664 5068 consensu
688 5012 820 5078 adhibito,
837 5013 922 5068 nostri
973 5011 1089 5067 Domino
1112 5019 1206 5067 nostro
1222 5026 1229 5066 t
1247 5009 1378 5082 quidquid
1406 5024 1472 5065 sane
1492 5022 1526 5065 co
1547 5008 1601 5064 silii
1628 4995 1747 5065 robisttl

119 5099 289 5170 apostolatus
314 5100 476 5155 seutentiam
501 5100 637 5169 dabimus,
654 5109 681 5157 et
695 5116 838 5173 quousque
852 5101 922 5157 resi·
971 5100 1132 5171 accreverit,
1154 5100 1198 5156 vel
1224 5097 1391 5154 salutiferum
1413 5097 1502 5154 visum
1524 5097 1617 5166 luerit,
1640 5093 1709 5152 nobis
1719 5088 1746 5142 it·

118 5187 273 5258 piscant,a
298 5187 436 5243 liminibus
458 5196 558 5246 sanctae
581 5189 714 5246 Ecclesia
736 5189 921 5262 sequestrabi·
972 5196 1115 5245 notescere
1131 5204 1165 5243 ne
1188 5186 1365 5261 pigritemini,
1380 5193 1410 5242 ut
1424 5201 1441 5242 a
1456 5185 1602 5243 hbrarnine
1626 5167 1746 5240 ιιοειιοῐθΙ

119 5291 190 5332 mus.
219 5277 333 5333 Latores
361 5291 427 5333 uero
455 5279 631 5350 praesentium
650 5279 750 5335 missos
765 5277 922 5350 apostolica
972 5285 1100 5350 tanquam
1125 5275 1235 5332 salubre
1257 5274 1431 5357 approbetur,
1457 5274 1501 5331 vel
1524 5274 1547 5331 si
1568 5272 1646 5331 aliter
1666 5265 1744 5328 enitet

150 5453 255 5519 ⁸Supra
266 5456 340 5519 epist.
354 5457 397 5518 50,
415 5455 632 5510 hmdmaucsnsis
644 5459 692 5523 sst,
704 5459 730 5508 st
741 5455 891 5521 aqmsnsis.
904 5455 985 5507 liano.
