3826 6098
142 313 194 368 tot

587 307 759 362 tttttchattt
772 302 971 360 atffluattsts
1000 301 1276 358 attentartscoet.

1708 296 1800 359 ,Μ

142 434 291 490 cusationis
306 449 400 490 eorum
415 433 591 504 subsequitur
605 431 699 486 dicens
711 448 717 483 :
727 429 900 486 Descendunt
911 431 940 483 et
953 426 980 487 A
991 426 1130 496 Scriptura
1146 442 1224 481 saera
1239 425 1345 480 duobus
1360 423 1449 480 modis
1459 422 1630 479 maledictum
1645 430 1791 493 memorat,

142 520 235 575 uidebo
250 522 348 573 uirum
363 519 532 582 clamorem,
547 517 594 588 qui
617 517 693 570 venit
715 515 751 569 ud
774 530 834 578 me,
857 528 937 584 opere

142 607 353 679 compleverint,
362 622 400 659 aa
412 622 479 670 nou,
493 608 524 658 ul
535 605 623 658 scium
634 604 714 671 (Gen.
727 602 799 671 xxi).
808 601 940 655 Dominus

142 696 232 766 itaque
254 693 346 749 omnia
369 693 476 755 selena,
502 701 529 745 ut
550 708 582 745 ex
604 691 693 746 verbis
712 691 799 744 saneti
814 687 940 759 Gregorii

142 781 332 853 praemisimus,
348 780 433 847 etalii
448 779 574 834 catholici
591 779 719 834 doctores
735 785 882 847 exponunt,
896 777 940 845 ju·

142 869 252 925 dicandi
267 868 346 922 nobis
357 868 468 922 modum
483 867 621 937 proponit,
631 876 658 920 ut
674 883 734 937 quae
744 882 798 919 non
814 873 941 918 suntma-

143 955 242 1012 nilesta
265 973 319 1011 non
341 957 513 1025 judicemus,
531 965 557 1009 et
573 971 634 1025 quar
649 953 792 1008 manifesta
808 960 869 1006 sunt
881 953 939 1007 sine

142 1046 269 1100 tarditate
286 1053 312 1100 et
325 1043 594 1114 liaesilationealiqua
602 1043 764 1110 judicemus,
777 1042 845 1096 sicut
857 1056 940 1110 supra

141 1150 174 1188 cx
189 1133 279 1188 verbis
294 1133 367 1187 beati
382 1132 518 1187 Ambrosii
534 1131 647 1200 apostoli
669 1131 830 1185 sententiam
854 1144 939 1199 expo-

140 1221 229 1275 nentis
244 1231 385 1276 ostensum
395 1227 454 1274 est:
471 1218 617 1290 «Cognito,
639 1218 733 1288 iuquit,
744 1233 827 1288 opere
837 1217 941 1288 pellen-

142 1308 206 1363 dum
230 1316 388 1378 peccantem
414 1307 497 1361 luisse
519 1305 552 1360 de
575 1315 645 1361 catu
671 1305 848 1359 fraternitatis
875 1305 941 1360 dicit

141 1395 297 1466 Apostolus.
310 1393 413 1450 Omnes
422 1394 494 1449 enim
505 1395 608 1449 crimen
625 1395 684 1462 ejus
703 1392 833 1455 sciebant,
844 1394 871 1447 in
886 1409 940 1464 qua

990 514 1063 568 aliud
1080 496 1206 570 videlicet
1221 514 1293 585 qnod
1307 514 1455 584 approbat,
1473 511 1545 567 aliud
1570 511 1642 583 quod
1666 510 1794 566 damnata

991 603 1074 657 Aliter
1099 603 1169 657 enim
1194 602 1366 657 maledictum
1385 599 1522 671 profertur
1541 599 1645 669 judicio
1665 597 1790 668 justitiae,

990 679 1067 744 iliter
1087 690 1172 745 livore
1196 690 1336 745 vindictae.
1367 691 1466 744 Contra
1489 687 1663 743 maledictum
1687 686 1793 757 quippe

989 778 1074 832 lirore
1087 778 1196 847 justitiae
1216 778 1406 849 depromptum
1422 820 1428 842 ‚
1444 792 1512 832 voce
1526 774 1602 829 Pauli
1613 774 1792 846 predicantis

991 868 1177 932 admonemur,
1189 866 1290 938 quiait:
1300 866 1467 930 bctrcdicilc,
1479 868 1507 919 et
1521 865 1609 920 nolite
1619 863 1792 918 maledicere

991 955 1233 1024 (lioru.x11‚ll);
1252 962 1278 1009 el
1294 970 1402 1008 rursum
1426 953 1491 1008 dicit
1512 970 1519 1005 ι
1541 953 1632 1025 licque
1656 950 1794 1006 maledici

990 1060 1109 1115 acquum
1118 1045 1168 1099 Dei
1178 1043 1359 1115 possidebunt
1368 1043 1393 1113 (l
1401 1043 1461 1097 Cor.
1473 1056 1512 1105 vt,
1522 1040 1576 1110 to).
1587 1039 1658 1094 Nam
1669 1037 1793 1094 ctsancti

990 1131 1050 1196 viri,
1063 1148 1124 1187 oum
1134 1130 1333 1187 maledictionis
1342 1130 1503 1185 senteutiam
1519 1127 1668 1199 proferunt,
1684 1141 1740 1182 non
1756 1127 1793 1182 ad

990 1220 1059 1274 hanc
1074 1235 1106 1274 ex
1122 1227 1185 1273 uoto
1200 1218 1319 1281 ultionis,
1336 1218 1384 1272 sed
1400 1235 1431 1272 ex
1441 1216 1552 1286 justitiae
1563 1215 1688 1271 exatuine
1698 1231 1792 1270 erum·

990 1315 1066 1376 punt.
1078 1309 1151 1360 lntns
1167 1308 1239 1361 enim
1253 1307 1350 1360 subtile
1367 1306 1417 1360 liei
1429 1304 1563 1375 judicium
1585 1302 1739 1374 aspiciunt,
1766 1309 1793 1358 et

990 1395 1060 1448 rnala
1073 1395 1147 1448 ionas
1157 1394 1331 1465 exsurgentia
1343 1394 1406 1465 quia
1420 1392 1565 1448 maledicto
1575 1386 1693 1446 debeant
1708 1390 1793 1447 lerire

991 1492 1170 1555 cognoscunt,
1187 1491 1212 1538 ct
1227 1499 1259 1537 oo
1274 1483 1301 1536 in
1315 1481 1460 1538 maledicto
1473 1497 1527 1536 non
1543 1487 1668 1549 peccant,
1686 1495 1741 1550 quo
1756 1478 1791 1533 ab

140 1499 170 1538 re
185 1498 274 1554 neque
289 1483 401 1536 testibus
417 1499 486 1552 opus
501 1492 577 1546 erut,
602 1498 690 1552 neque
715 1482 940 1553 tergiversatione

991 1571 1098 1625 interno
1110 1571 1212 1640 judicio
1226 1587 1280 1625 non
1305 1570 1468 1625 discordant.
1488 1590 1499 1618 a
1515 1568 1554 1622 Tu
1578 1583 1644 1623 xero
1658 1565 1792 1636 ajudicio

142 1570 231 1642 ahqua
247 1579 352 1641 poterat
367 1570 422 1644 tegi
438 1571 551 1626 crimen.
571 1591 581 1619 ι

426 1704 537 1758 ρΛρυΤ
556 1703 636 1756 m
987 1658 1098 1727 justitiae
1112 1659 1140 1712 in
1155 1659 1206 1713 tuis
1221 1658 1456 1713 maledictionibus
1479 1655 1656 1722 discordasti,
1672 1655 1718 1726 qui
1734 1669 1791 1710 non

267 1811 272 1824 .
408 1811 412 1819 .
585 1742 592 1756 Α
641 1745 647 1757 ’
722 1811 726 1822 ,
781 1810 786 1822 ,
952 1747 1276 1831 Bjudieiojustitiae,sed
1292 1745 1558 1809 livoruxindictae,et
1577 1743 1790 1842 causainjttria-

142 1810 200 1876 Qua
211 1813 325 1912 wne
339 1811 532 1910 ⁸⁰l⁰²,f7²⁸³‘¹²‚²'t‚
545 1813 855 1909 ef⁶⁶⁰'”'”²‘n²⁶“t‘⁰nf⁸
880 1824 937 1863 mm
988 1852 1047 1889 rum
1064 1844 1168 1888 tuarum
1185 1849 1232 1888 eas
1247 1834 1391 1905 protulisti,
1408 1850 1462 1889 non
1476 1833 1572 1888 ridens
1589 1847 1718 1903 quomam
1732 1847 1748 1886 a
1763 1839 1790 1886 te

164 1898 304 1968 13⁹²th
319 1900 347 1951 et
362 1896 395 1951 de
408 1913 444 1951 ²²⁸
459 1913 507 1966 qm
522 1900 629 1968 ‘'Um‘’
645 1900 910 1952 ⁸²⁶⁰m⁷²²²m²⁶m²⁸⁴
988 1922 1173 1994 irregulariter
1182 1922 1342 1977 maledictos
1357 1922 1426 1977 sacri
1443 1937 1562 1978 canones
1576 1935 1630 1975 non
1645 1927 1739 1974 vetant
1754 1919 1790 1973 ab

176 2009 281 2079 Quibus
310 2011 452 2087 sententiis
481 2020 635 2065 sanctarum
666 2011 886 2080 scripturarum,
912 2019 939 2064 et
987 2012 1080 2082 aliquo
1096 2013 1225 2082 episcopo
1243 2011 1407 2083 regulariter
1421 2010 1516 2081 recipi,
1532 2009 1618 2064 multo
1632 2009 1723 2081 magis
1736 2023 1789 2062 cu·

140 2113 283 2154 sacrorum
294 2114 439 2164 canonum,
452 2107 533 2170 atque
544 2099 715 2153 decretorum
727 2099 799 2152 sedis
810 2099 937 2153 llomunae
987 2108 1042 2153 tent
1052 2101 1086 2154 ab
1097 2115 1129 2154 eo
1140 2101 1185 2170 qui
1196 2100 1243 2153 tibi
1253 2108 1354 2170 praeest
1369 2099 1483 2153 innuunt
1497 2113 1545 2154 eos
1560 2097 1659 2152 debere
1669 2095 1788 2176 absolvi.

96 2199 104 2207 ·
139 2184 307 2255 pontificum,
330 2185 413 2241 fultus
429 2196 510 2258 atque
525 2185 665 2254 suffultus,
683 2194 707 2241 el
725 2187 793 2240 sicut
807 2187 894 2241 adhuc
910 2186 938 2239 in
988 2187 1125 2257 Scriptum
1140 2197 1180 2242 cst
1196 2188 1268 2241 enim
1290 2188 1317 2241 in
1342 2185 1550 2258 Carthaginensi
1574 2184 1701 2241 concilio.
1727 2186 1787 2239 An-

139 2289 273 2343 processu
287 2274 440 2338 ostendam,
453 2274 662 2344 metropolitana
677 2275 849 2339 auctoritate,
863 2291 938 2328 exse·
987 2277 1112 2346 gostinus
1127 2276 1272 2346 episcopus
1286 2275 1392 2348 legatus
1407 2275 1554 2346 provinciae
1566 2272 1701 2328 Numidiae
1718 2273 1787 2327 dixit

140 2359 271 2415 arabilem
286 2370 367 2432 atquc
389 2361 572 2425 exitiabilem,
600 2377 653 2416 non
676 2362 936 2417 excxrmmunieatio·
987 2366 1062 2424 leun,
1079 2368 1127 2432 tlt:
1147 2386 1157 2413 ι
1181 2366 1237 2418 lloc
1254 2372 1373 2418 statuere
1387 2363 1552 2435 dignamini,
1571 2369 1598 2416 ut
1615 2362 1637 2416 si
1654 2361 1701 2432 qui
1714 2360 1787 2416 forte

140 2463 212 2512 nem,
237 2448 286 2503 sed
310 2449 528 2504 maledictionem
546 2458 635 2513 tuam,
662 2450 688 2503 in
713 2465 760 2504 eos
778 2451 935 2518 jaculatam,
986 2453 1082 2507 merito
1098 2452 1248 2507 facinorum
1265 2467 1374 2506 suorum
1389 2451 1423 2505 ab
1440 2450 1563 2506 Ecclesia
1579 2449 1649 2521 pulsi
1664 2457 1743 2515 sunt,
1761 2458 1788 2504 et

141 2536 188 2606 qui
203 2552 257 2591 nou
279 2538 413 2603 accusati,
430 2554 480 2593 nec
495 2537 629 2598 conlessi,
654 2554 704 2593 nce
728 2538 862 2603 convicti,
886 2553 936 2593 neo
986 2541 1044 2595 sire
1067 2541 1100 2594 ab
1122 2541 1214 2612 aliquo
1238 2540 1367 2611 episcopo
1391 2539 1433 2594 vel
1455 2541 1615 2610 presbytero
1637 2537 1737 2592 luerint
1759 2537 1788 2591 iu

139 2623 544 2681 etiamatelueresecundum
560 2626 668 2681 [lumini
686 2627 837 2694 jussionem
858 2642 936 2682 conr·
986 2630 1203 2684 communionem
1224 2630 1359 2699 suscepti,
1386 2629 1466 2684 etiarn
1490 2628 1548 2699 ipsc
1568 2627 1629 2698 pari
1659 2641 1723 2682 cum
1748 2626 1789 2681 eis

138 2713 243 2780 moniti,
260 2728 292 2768 uo
308 2713 341 2768 de
356 2714 398 2768 his
412 2730 461 2784 pro
476 2713 574 2784 quihus
584 2730 631 2769 eos
642 2715 934 2777 excommunicatores,
986 2717 1098 2773 erimine
1113 2727 1235 2772 teneatur
1255 2718 1407 2784 obnoxius,
1424 2716 1591 2789 refugientes
1605 2715 1647 2770 sui
1662 2715 1788 2786 episcopi

138 2800 207 2854 sicut
222 2815 276 2855 non
291 2800 379 2855 solum
393 2801 477 2868 mihi,
494 2802 542 2855 sed
558 2808 584 2855 ct
599 2817 669 2870 pene
683 2803 808 2857 omnibns
822 2802 848 2856 in
864 2803 936 2857 titre-
985 2806 1111 2878 regulare
1124 2806 1266 2874 judicium.
1290 2828 1300 2855 a
1317 2808 1351 2860 Et
1366 2807 1430 2860 item
1445 2805 1521 2874 (can.
1537 2805 1583 2874 29)
1600 2821 1607 2857 ι
1625 2824 1636 2852 ι
1655 2802 1709 2871 Qui
1735 2819 1788 2859 cx-

138 2888 226 2940 mensi
246 2889 386 2957 provincia
401 2897 459 2942 crat
474 2897 584 2954 nolum,
601 2890 702 2942 innoxii
714 2934 720 2950 ,
734 2898 761 2944 et
775 2891 840 2943 tanti
856 2889 936 2943 simul
985 2895 1199 2949 communicatus
1215 2894 1295 2949 luerit
1311 2910 1359 2964 pro
1375 2910 1424 2949 suo
1438 2893 1584 2966 neglectu,
1601 2891 1659 2946 sire
1674 2892 1788 2961 episco-

137 2974 352 3030 asacroolhcio
368 2984 486 3030 etsacra
502 2977 791 3047 communionemque
813 2977 935 3032 asocie-
985 2999 1045 3052 pus,
1063 2973 1135 3035 'sive
1164 2981 1275 3054 quilibet
1302 2983 1437 3047 clericus,
1469 2990 1495 3037 et
1521 2990 1641 3051 tempore
1670 2994 1788 3035 excom·

138 3069 192 3115 tate
215 3062 346 3117 Ecclesiae
368 3063 527 3131 catholice,
553 3064 612 3118 solo
637 3070 681 3117 tuo
706 3064 794 3119 lurore
811 3074 836 3119 et
851 3081 934 3120 causa
985 3070 1173 3124 manicationis
1199 3087 1254 3125 sua¹
1283 3077 1345 3125 ante
1372 3070 1538 3125 audientiam
1564 3060 1787 3124 communionem

137 3158 190 3203 tuae
214 3150 338 3219 injuriae,
364 3151 397 3205 ad
420 3151 566 3206 multorum
588 3152 698 3206 exitium
717 3152 793 3206 luere
818 3153 933 3223 depulsi,
983 3159 1211 3229 praesumpserit,
1241 3159 1299 3229 ipse
1327 3159 1353 3212 in
1384 3175 1413 3213 se
1442 3157 1622 3212 damnationis
1647 3156 1788 3224 judicetur

138 3246 244 3300 irritam
258 3254 285 3300 et
299 3247 399 3301 nullius
414 3249 541 3303 momenti
556 3264 617 3303 esse
632 3249 742 3304 dccccxi
760 3267 766 3302 :
783 3251 934 3319 praesertim
984 3247 1130 3316 protulisse
1147 3247 1317 3301 sententiam.
1336 3267 1347 3296 ι
1365 3246 1490 3301 Sentisne
1506 3246 1570 3317 quid
1584 3244 1685 3299 audis?
1701 3245 1787 3301 intel·

136 3349 198 3390 cum
214 3350 301 3390 sucrae
317 3335 421 3408 regular
436 3337 502 3391 nulli
518 3338 544 3391 in
562 3338 655 3392 mortis
671 3345 787 3410 urgente
813 3339 935 3408 periculo
984 3335 1081 3407 ligisnc
1097 3352 1157 3405 quae
1171 3334 1304 3406 tegisrtti
1316 3335 1387 3388 enim
1399 3334 1470 3390 sacri
1480 3344 1599 3389 canones
1610 3347 1658 3387 eos
1667 3333 1703 3388 ab
1723 3332 1788 3388 aliis

134 3424 281 3478 constituto
296 3424 430 3494 baptisma
445 3424 584 3497 denegari,
601 3425 667 3479 nulli
681 3427 803 3496 poscenti
814 3428 933 3482 ultimam
984 3423 1068 3493 recipi
1083 3423 1246 3492 prohibent,
1272 3423 1318 3493 qui
1333 3423 1430 3477 merito
1446 3422 1598 3478 facinorum
1620 3438 1734 3476 suorum
1751 3421 1788 3476 ab

133 3510 321 3580 poenitentiam
335 3521 362 3566 et
377 3512 466 3567 viatici
481 3514 602 3568 muneris
617 3515 836 3569 communionem
850 3515 933 3570 inter·
984 3511 1107 3566 Ecclesia
1124 3511 1192 3581 pnlsi
1210 3519 1288 3572 sunt,
1314 3519 1339 3565 et
1362 3511 1408 3583 qui
1427 3510 1564 3583 refugiunt
1589 3510 1632 3565 sui
1660 3509 1788 3581 episcopi

135 3597 189 3653 dici
204 3599 370 3670 praecipiant,
387 3600 453 3655 nulli
468 3602 549 3655 etiam
565 3603 712 3671 sepulturae
737 3604 933 3658 humanitatem
983 3599 1109 3670 regulare
1120 3599 1264 3668 judicium,
1282 3600 1365 3670 etqui
1381 3615 1431 3670 pro
1456 3614 1505 3653 suo
1529 3597 1656 3671 neglectu
1669 3613 1786 3654 excom-

136 3685 262 3760 abrogari
285 3688 460 3756 permittant,
487 3697 513 3743 et
536 3689 563 3742 in
587 3698 633 3744 tua
658 3691 787 3759 parochia
810 3691 933 3746 nemoin
983 3688 1111 3743 manicati
1126 3695 1196 3754 sunt,
1209 3696 1234 3741 et
1243 3687 1481 3742 anteaudicntiam
1491 3695 1613 3757 tempore
1624 3701 1785 3743 excommu-

132 3774 296 3830 ueeessitate
310 3776 405 3830 mortis
421 3775 456 3829 ab
472 3776 512 3830 eis
527 3791 641 3846 quorum
658 3777 768 3831 interest
792 3779 930 3848 baptizari,
983 3775 1126 3830 nicationis
1151 3775 1369 3830 communionem
1391 3782 1569 3846 praesumunt.
1586 3775 1785 3830 Laudunenses

132 3876 213 3916 nemo
228 3863 428 3916 communionis
438 3863 522 3934 gratia
533 3862 714 3928 reconciliari,
727 3881 808 3920 nemo
824 3867 933 3937 sepeliri
984 3872 1074 3917 autem
1090 3863 1192 3928 clerici,
1208 3879 1258 3918 nec
1272 3879 1322 3934 pro
1338 3879 1386 3919 suo
1402 3863 1528 3935 neglectu
1555 3862 1785 3921 excommunicati

133 3963 196 4003 cum
212 3946 304 4003 debita
318 3950 552 4005 commendatione
568 3961 687 4020 poterat,
706 3953 729 4006 si
744 3954 859 4008 ministri
875 3956 932 4010 Ec·
983 3960 1037 4005 ate
1053 3950 1170 4011 suerunt.
1188 3968 1239 4007 nec
1253 3952 1379 4024 regulare
1390 3952 1522 4020 judicium
1536 3949 1715 4024 refugemnt,
1731 3967 1784 4008 nec

134 4034 226 4090 clesiae
241 4036 296 4089 suis
317 4035 406 4091 lorent
429 4037 527 4107 priuati
545 4039 757 4095 ministeriorum
772 4039 879 4096 olliciis.
898 4043 933 4097 Et
982 4047 1045 4093 ante
1056 4039 1218 4093 audientiam
1231 4039 1784 4112 eteognitionemcommunionemcontra

133 4128 179 4172 tua
190 4117 335 4191 ligamenta
350 4135 404 4174 nou
420 4120 528 4175 luerunt
554 4122 655 4203 sancia
679 4124 811 4179 Ecclesiae
836 4126 933 4199 alliga·
982 4127 1090 4197 regulas
1114 4136 1357 4197 praesumpserunt.
1385 4128 1489 4200 Regula
1511 4127 1628 4198 quippe,
1660 4127 1786 4182 undeet

133 4207 231 4271 tiones,
247 4207 295 4263 scd
311 4215 363 4263 tuae
378 4204 591 4265 maledictiones.
618 4212 694 4293 Unde
712 4213 806 4267 beatus
823 4215 931 4287 Grego·
983 4215 1099 4284 qualiter
1123 4216 1222 4285 quique
1248 4215 1481 4271 excommunicari·-
1495 4215 1629 4281 debeant,-
1647 4214 1729 4269 nohis
1742 4222 1787 4270 est

57 4335 62 4342 .
133 4293 381 4375 rius-,ppspondens
398 4298 474 4353 Petro
490 4294 667 4376 interroganti
684 4318 690 4352 :
710 4322 720 4349 ι
738 4301 931 4372 Nunquidnam
981 4302 1124 4357 manifeste
1138 4303 1309 4373 deprompta,
1319 4304 1426 4359 dicente
1437 4302 1552 4358 Domino
1564 4303 1614 4357 :si
1622 4304 1792 4372 peccatam

133 4382 212 4441 valde
226 4398 386 4470 essppgrave
402 4386 558 4452 eredimus,
576 4388 599 4441 si
609 4388 725 4468 sortasse
748 4389 856 4444 cuilibet
880 4406 929 4445 cx·
982 4392 1014 4444 in
1030 4395 1057 4445 te
1071 4394 1164 4461 frater
1180 4395 1255 4454 tuus,
1265 4400 1299 4449 ,et
1315 4389 1420 4462 leliqua
1436 4405 1527 4462 usque
1545 4389 1730 4455 dumdicitur,
1745 4391 1786 4446 sit

130 4471 225 4543 agitati
234 4472 372 4527 iracundia
383 4459 598 4545 maledicamus?
611 4477 662 4545 »ln
671 4475 740 4530 libro
752 4477 928 4549 Dialogorum
942 4468 972 4532 D
984 4479 1033 4534 libi
1048 4480 1123 4534 sicui
1134 4479 1264 4534 calinicus
1280 4483 1308 4533 el
1322 4479 1508 4548 publicamus.
1520 4480 1609 4533 Amen
1623 4478 1684 4533 dico
1696 4479 1782 4544 vobis,

131 4560 197 4615 dicit
212 4560 270 4628 (lib.
288 4575 318 4615 ιιι
333 4546 616 4633 Dialop.,'cap.''15l:
635 4552 771 4631 «²l‘ensa,
793 4558 929 4636 inquiens:

130 4663 211 4717 quum
234 4648 326 4720 gravis
342 4656 383 4703 cst
398 4649 476 4718 culpa
502 4667 563 4720 quae
583 4661 693 4721 separat
716 4669 733 4706 a
757 4669 843 4724 regno
859 4655 929 4720 vitm,

130 4750 193 4788 eum
208 4735 307 4790 Paulus
322 4737 394 4792 dicat
407 4755 413 4790 :
427 4739 519 4807 Neque
529 4740 661 4794 runledici
672 4757 789 4811 repnum
802 4745 852 4797 Dei
865 4760 931 4814 pos·

130 4821 358 4893 sidebuattldor.
370 4840 407 4887 xx,
419 4826 470 4886 to).
485 4828 538 4880 «ht
547 4827 823 4896 interroganticidcm
832 4830 912 4885 Petro
924 4847 930 4885 z

129 4907 200 4976 Quid
215 4910 237 4962 si
251 4911 333 4965 homo
343 4929 396 4966 non
414 4912 530 4969 sortasse
546 4931 578 4968 ex
594 4915 707 4980 malitia,
721 4918 770 4971 sed
786 4933 818 4971 ex
832 4918 931 4990 linguae

128 4997 248 5064 incuria,
270 4997 467 5054 maledictionis
491 5003 518 5055 in
543 5003 697 5072 proximum
718 5004 850 5072 jaculatur
866 5022 931 5059 xer-

128 5084 215 5138 bumi
225 5086 384 5154 respondit:
400 5087 447 5140 «Si
463 5091 535 5158 apud
547 5091 933 5163 districtum,inquiens,judi·

129 5189 199 5238 cem,
229 5175 316 5242 Petre,
349 5175 452 5228 otiosus
485 5194 574 5233 sermo
599 5181 813 5249 reprehenditur,
830 5191 931 5252 quanto

127 5263 215 5334 magis
228 5262 349 5316 noxius‘.>
364 5263 453 5316 Pensa
467 5280 535 5336 ergo
556 5276 687 5337 qnantum
710 5269 743 5323 sit
766 5270 931 5323 damnabilis

124 5349 169 5418 qui
184 5365 201 5403 a
215 5351 316 5405 malitia
339 5367 393 5406 nou
414 5360 503 5417 vacat,
520 5353 542 5408 si
559 5362 585 5409 et
601 5355 646 5410 ille
661 5373 750 5412 sermo
766 5358 931 5428 puratisest

123 5436 169 5507 qui
194 5452 210 5491 a
233 5437 352 5496 bonitate
376 5441 499 5496 utilitatis
515 5450 604 5507 vacat.
625 5446 682 5500 ‚Et
698 5445 726 5499 in
741 5445 811 5501 libro
835 5447 926 5500 blora-

125 5522 191 5576 lium
206 5525 266 5595 (tib.
281 5541 319 5589 tv,
337 5545 398 5600 cap.
415 5531 443 5599 6)
461 5547 466 5582 :
487 5551 498 5579 a
517 5529 667 5585 Sciendum
680 5539 730 5594 est,
747 5532 843 5603 inquit,
855 5534 928 5603 quod

981 4583 1152 4640 quoacunque
1167 4568 1354 4638 ulliqaucrilia
1370 4570 1577 4636 superterram,
1590 4570 1676 4621 eruat
1692 4567 1784 4638 liquis

982 4659 1009 4709 ct
1025 4657 1054 4709 in
1069 4656 1136 4709 celo
1153 4655 1261 4725 (linitis.
1278 4655 1373 4714 xvut't.
1395 4655 1427 4708 Et
1441 4655 1492 4709 hac
1506 4654 1610 4725 regula,
1630 4663 1713 4725 atque
1729 4655 1783 4710 hoc

981 4742 1101 4812 regulari
1113 4743 1234 4810 judicio,
1261 4743 1449 4814 canonicoque
1470 4742 1584 4806 ordine,
1600 4740 1634 4795 ab
1650 4742 1785 4798 Ecclesiae

981 4831 1171 4884 communione
1190 4830 1395 4896 medicinaliter,
1411 4847 1497 4901 usque
1513 4831 1574 4884 dum
1588 4839 1786 4885 convertantur

981 4925 1008 4972 et
1022 4918 1054 4971 ad
1070 4919 1255 4987 penitentiam
1271 4919 1402 4982 redeant,
1419 4926 1559 4988 separatos
1574 4925 1678 4973 constat
1695 4926 1785 4973 rataa

982 5007 1039 5060 lieo
1049 5006 1152 5076 prolata
1161 5007 1306 5061 sententia:
1319 5007 1495 5078 Quecttrtquc
1504 5007 1785 5076 allipuucrilissrtper

982 5098 1097 5159 terrum,
1116 5099 1202 5150 crttnl
1215 5096 1301 5165 lipulu
1315 5099 1343 5149 el
1354 5096 1384 5149 in
1401 5094 1579 5164 actoritate).
1596 5094 1631 5147 Et
1646 5094 1720 5149 sacri
1733 5111 1783 5149 ca·

981 5198 1066 5236 nones
1090 5183 1179 5236 taliter
1203 5200 1217 5235 a
1238 5181 1354 5252 propriis
1378 5181 1516 5252 episcopis
1539 5181 1660 5250 abiectos
1675 5182 1720 5236 vel
1735 5199 1781 5237 ex·

980 5270 1209 5334 communicatos,
1236 5271 1277 5324 vel
1301 5270 1324 5322 si
1347 5269 1457 5323 dubium
1479 5269 1561 5323 luerit
1576 5276 1667 5323 utrum
1690 5270 1785 5325 taliter

980 5373 1066 5412 necne
1094 5342 1191 5426 abjecti
1214 5358 1256 5412 xcl
1279 5357 1504 5412 excommunicati
1525 5357 1644 5420 luerint,
1669 5357 1785 5413 interim

979 5462 1034 5502 non
1049 5435 1180 5516 recipi'ab
1195 5445 1254 5500 aliis
1269 5445 1443 5516 precipiunt,
1461 5445 1483 5500 si
1499 5453 1562 5500 ante
1583 5459 1633 5515 per
1648 5428 1785 5502 linitimos

979 5534 1141 5604 episcopos.
1158 5534 1201 5588 vel
1229 5549 1279 5604 per
1302 5533 1405 5588 electos
1428 5540 1475 5587 ant
1496 5533 1639 5603 deputatos
1659 5531 1784 5606 judices,
