3826 6098
184 221 236 277 i'lb
628 215 799 274 timebant
826 214 1028 274 hnuttuttsts
1054 214 1329 274 sxcfflttt’tscoet.
1779 224 1834 291 tao

184 344 210 399 ei
224 343 403 415 praejudicant
417 341 506 398 aliena
520 349 641 413 peccata,
665 341 729 413 quia
753 341 940 413 unusquisque
954 341 1020 401 inA
1034 341 1081 396 tibi
1093 341 1278 398 necessarium
1293 350 1334 397 est
1349 342 1481 413 replicari,
1497 343 1561 399 dicit
1572 343 1730 415 (Cypriam,
1747 346 1850 418 epist.-

184 447 216 488 ea
243 431 385 502 proprium
413 431 540 502 portabit,
572 430 640 486 sieut
665 429 811 500 Apostolus
834 429 899 486 dicit
922 447 929 484 :
951 431 985 485 Et
1034 433 1079 496 65,
1095 430 1131 486 ad
1141 431 1347 502 Antonianum)
1363 449 1370 486 :
1389 453 1400 482 r
1418 431 1525 502 Ignosci
1541 432 1613 487 euim
1627 439 1716 504 potest
1732 432 1838 504 simpli·

184 519 339 592 quicunque
369 519 395 573 in
420 534 453 573 ea
476 532 575 589 corpus
596 516 696 574 Christi
719 518 922 573 manducaverit
943 517 984 573 in·
1035 517 1101 574 citer
1115 518 1226 587 erranti,
1252 519 1320 574 sicut
1347 519 1382 575 de
1410 520 1501 591 seipso
1525 519 1590 575 dicit
1604 521 1744 592 apostolus
1761 522 1835 576 Pau-

134 668 136 671 ,
184 607 278 681 digne,
289 608 433 679 judiciam
447 608 502 662 ribi
515 607 671 663 manducat
685 610 713 661 et
729 607 795 661 bibit
810 607 837 676 (l
846 608 906 663 Cor.
917 608 958 675 xx)
976 624 982 662 :
1034 606 1077 661 lus
1095 623 1100 661 :
1120 608 1171 674 Qui
1184 609 1311 680 primam
1327 610 1372 678 sci
1388 609 1574 680 blasphemas,
1585 613 1797 682 etpcrsecutor,
1808 615 1837 665 et

185 711 248 752 curn
263 696 335 750 enim
350 695 414 751 dicit
421 696 565 767 jardicirtm
575 696 629 750 sibi
638 694 803 760 manducat,
817 695 882 749 satis
893 703 984 750 osten*
1034 697 1200 767 injuriosus,
1217 696 1264 751 sed
1278 696 1503 752 mirericordiam
1514 697 1607 752 merati
1620 700 1687 769 qaia
1697 700 1838 769 ignorans

185 785 224 841 dit
238 784 302 856 quia
320 798 376 838 nou
399 783 478 838 alteri
498 783 629 851 judicium
652 782 806 848 manducat,
832 782 882 837 sed
907 783 983 838 sibi:
1034 785 1092 854 feci
1107 783 1134 853 (l
1147 785 1215 838 lim.
1233 784 1263 854 r).
1284 784 1348 838 Post
1362 784 1566 855 inspirationem
1589 801 1655 841 vero
1676 792 1702 840 et
1727 785 1837 841 revela-

186 873 247 945 quis
276 872 432 928 communio
463 871 599 927 malorum
635 886 691 926 non
718 869 834 926 maculat
866 871 985 943 aliquem
1035 870 1136 926 tionem
1153 871 1250 927 iacmm
1265 872 1312 944 qui
1326 871 1399 927 ineo
1413 872 1486 944 quod
1506 881 1644 928 erraverat
1664 882 1837 944 perseverat,

184 960 392 1032 participatione
407 967 652 1027 sacramentorum,
680 959 730 1014 sed
749 959 930 1014 consensione
945 959 985 1014 fa·
1034 959 1156 1031 prudens
1185 968 1211 1015 et
1238 959 1328 1016 sciens
1357 960 1417 1014 siue
1444 960 1522 1016 venia
1548 961 1709 1033 ignorantiae
1728 970 1834 1033 peccat.

185 1057 302 1105 ctomm.
331 1050 402 1104 Nam
431 1048 454 1103 si
481 1048 509 1102 in
537 1047 616 1103 factis
645 1047 723 1101 malis
737 1062 792 1102 non
814 1047 854 1102 eis
869 1048 985 1119 quisque
1035 1047 1247 1119 Praesumptione
1262 1048 1430 1120 animatque
1446 1049 1626 1105 obstinatione
1648 1050 1768 1122 quadam
1791 1050 1837 1105 ni-

185 1137 347 1205 consentiat,
362 1145 450 1208 portat
466 1135 554 1190 malus
569 1150 677 1190 causam
706 1151 781 1189 suam
796 1144 823 1190 ει
837 1151 985 1206 personam
1035 1135 1108 1204 titur,
1139 1151 1200 1192 cum
1227 1136 1331 1192 ratione
1362 1144 1544 1207 superatur.»
1571 1137 1639 1193 Hinc
1667 1137 1838 1210 Augustinus

186 1241 273 1295 suam,
289 1241 340 1281 nec
362 1224 519 1296 praejudicat
540 1222 629 1288 alteri,
654 1239 736 1295 quem
759 1223 786 1277 in
809 1224 985 1280 consentione
1034 1224 1317 1297 (August.,dcltopt.,
1329 1224 1496 1295 lib.tv,cap.
1509 1225 1555 1296 5);
1569 1247 1580 1272 α
1593 1226 1837 1281 Hocvcrissimnm

185 1314 251 1369 mali
265 1313 356 1384 operis
370 1311 476 1368 socium
500 1326 555 1365 uon
577 1310 660 1366 habet
685 1311 813 1367 criminis.
833 1332 844 1361 x
861 1312 896 1369 Et
916 1313 984 1367 Pro·
1035 1320 1086 1377 est,
1101 1312 1184 1385 longe
1206 1313 1319 1385 gravius
1342 1328 1405 1367 esse
1431 1320 1572 1383 peceatum
1594 1314 1723 1385 ejusqui
1746 1314 1838 1369 sciens

186 1417 251 1472 sper
265 1401 293 1454 in
308 1399 378 1455 libro
404 1398 603 1454 Sententiarum
618 1418 627 1454 :
644 1423 655 1447 u
672 1401 772 1455 Escam
793 1399 855 1456 vitae
877 1400 983 1472 accipit,
1035 1415 1117 1471 quam
1133 1401 1192 1471 ejus
1207 1400 1254 1472 qui
1268 1400 1393 1456 nesciens
1408 1401 1570 1471 peccaverit.
1586 1402 1621 1457 Et
1634 1401 1698 1457 ideo
1712 1401 1756 1456 vir
1770 1416 1838 1457 sau-

185 1487 344 1545 tetemitatis
358 1487 486 1558 poculum
500 1487 576 1554 bibit,
598 1486 688 1559 quiin
703 1488 809 1544 Christo
832 1496 933 1557 manet,
959 1497 986 1544 et
1035 1495 1094 1542 ctus
1109 1489 1270 1560 Cyprianus,
1286 1504 1341 1543 non
1356 1488 1443 1544 solum
1458 1489 1564 1555 doctus,
1589 1489 1638 1545 sed
1659 1489 1741 1545 etiarn
1757 1489 1837 1546 doci-

184 1577 262 1646 cujus
277 1575 399 1630 Christus
413 1575 547 1631 habitator
576 1584 627 1631 est.
650 1576 720 1630 Nam
744 1577 791 1648 qui
813 1576 986 1633 discordata
1035 1575 1106 1642 bilis,
1123 1577 1195 1648 quod
1211 1577 1238 1630 in
1252 1576 1331 1631 laude
1346 1577 1468 1647 episcopi
1490 1584 1580 1632 tamen
1601 1577 1731 1650 designat
1759 1579 1838 1649 Apo·

185 1664 302 1730 Christo,
319 1679 370 1720 nec
385 1679 493 1720 carnem
509 1663 609 1719 Christi
624 1665 779 1732 manducat,
795 1681 846 1721 neo
869 1666 1021 1754 sangui-B
1037 1664 1131 1732 stolus,
1145 1664 1185 1719 sic
1199 1664 1257 1735 ipse
1281 1664 1411 1720 intellexit
1435 1671 1464 1719 ut
1484 1664 1597 1732 diceret,
1623 1665 1706 1720 etiam
1734 1666 1788 1722 hoc
1812 1665 1839 1721 iu

185 1768 249 1808 aem
263 1752 341 1819 bibit,
356 1752 462 1807 etiamsi
477 1760 556 1808 tautae
570 1753 611 1807 rei
630 1760 832 1809 sacramentum
855 1754 889 1807 ad
909 1753 984 1824 judi·
1036 1752 1165 1823 episcopo
1180 1768 1242 1807 esse
1255 1752 1435 1824 diligendum,
1451 1768 1506 1807 non
1520 1753 1608 1808 solum
1618 1761 1647 1808 ut
1657 1752 1777 1809 scienter
1789 1753 1840 1809 do·

185 1841 258 1896 cium
273 1857 330 1896 suae
343 1840 564 1911 praesumptionis
578 1840 698 1913 quotidie
727 1840 913 1898 indifferenter
936 1857 985 1898 ac·
1036 1849 1105 1909 ceat,
1130 1840 1179 1896 sed
1204 1840 1286 1894 etiam
1310 1840 1445 1910 patienter
1468 1840 1565 1896 discat.
1590 1841 1722 1897 Docibilis
1746 1850 1839 1898 autem

186 1928 278 2000 cipiat.
299 1949 310 1978 ι
335 1928 431 1995 Audis,
459 1929 550 1996 irater,
581 1929 644 2001 quia
672 1929 753 1984 nimis
779 1930 896 1985 arnaudo
925 1929 986 2002 quis
1036 1928 1082 1984 ille
1096 1935 1138 1984 est
1153 1928 1199 2000 qui
1215 1936 1257 1983 est
1271 1929 1306 1983 ad
1321 1928 1443 1984 discendi
1457 1928 1614 1999 patientiam
1628 1928 1699 1985 lenis
1709 1937 1736 1985 et
1751 1930 1837 1986 mitis.

186 2016 347 2073 sententiam
362 2033 449 2078 suam,
465 2017 509 2072 vel
524 2017 671 2072 invidendo
685 2018 854 2087 melioribus,
880 2018 914 2073 ad
938 2034 985 2074 sa·
1037 2015 1150 2088 Oportet
1166 2016 1238 2071 enim
1254 2016 1398 2088 episcopos
1413 2032 1467 2072 non
1482 2020 1585 2072 tautum
1600 2018 1712 2086 docere,
1738 2019 1789 2075 sed
1812 2027 1839 2074 ει

183 2105 328 2177 crilegium
342 2106 496 2161 schismatis
524 2106 664 2178 pervenit;
681 2106 768 2172 audis,
794 2107 859 2179 quia
883 2123 938 2162 nou
959 2108 986 2161 in
1036 2104 1143 2160 discere
1160 2123 1167 2158 z
1184 2105 1246 2176 quia
1261 2113 1287 2159 ει
1303 2105 1348 2160 ille
1364 2105 1460 2159 melius
1475 2105 1565 2172 docet,
1581 2106 1627 2176 qui
1641 2106 1762 2178 quotidie
1778 2122 1839 2163 cre·

184 2194 342 2259 schismate,
359 2209 411 2249 uec
425 2194 477 2248 nisi
493 2193 520 2247 in
535 2194 636 2249 unitate
651 2195 782 2250 Ecclesiae
811 2203 852 2250 est
880 2195 985 2266 prima·
1036 2193 1086 2249 scit
1100 2201 1126 2247 et
1140 2191 1246 2263 proficit
1260 2192 1392 2249 discendo
1410 2194 1533 2249 meliora.
1557 2193 1605 2248 llis
1626 2194 1720 2266 utique
1743 2195 1837 2250 verbis

185 2282 350 2347 tns3audis,
367 2281 498 2353 quianon
526 2282 553 2336 in
580 2282 735 2348 schismate,
768 2290 795 2338 et
822 2283 929 2338 nonnisi
958 2283 986 2338 iu
1037 2281 1103 2336 satis
1116 2281 1215 2336 iudicat
1230 2281 1271 2336 vir
1286 2289 1406 2346 sanetus,
1423 2289 1449 2337 et
1472 2282 1518 2352 pia
1536 2281 1669 2338 charitate
1693 2283 1836 2353 praeditus,

185 2369 317 2425 Ecclesiae
332 2369 435 2424 unitate
450 2384 515 2424 vera
530 2377 592 2423 sunt
606 2369 761 2440 ligamenta,
787 2370 814 2425 iu
839 2387 891 2441 qua
919 2386 985 2426 vera
1036 2384 1091 2423 non
1107 2384 1168 2424 esse
1184 2369 1358 2425 metuendum
1374 2369 1414 2424 sic
1428 2369 1486 2438 ejus
1500 2369 1630 2441 epistolas
1643 2371 1747 2443 legere,
1771 2378 1801 2427 ut
1815 2372 1838 2426 si

186 2464 214 2512 et
228 2456 262 2511 ad
277 2456 389 2515 salutern
418 2456 579 2528 pertinentia
607 2465 668 2512 sunt
692 2466 881 2525 sacramenta,
907 2458 986 2517 audis
1037 2455 1101 2528 quid
1115 2464 1211 2527 postea
1225 2457 1348 2527 pluribus
1362 2465 1388 2511 et
1416 2457 1629 2513 diuturnioribus
1653 2459 1839 2530 inquisitioni·

187 2545 361 2618 quianonin
378 2545 576 2611 schismate,et
598 2546 719 2601 nonnisi
749 2546 776 2600 iu
805 2546 904 2602 unitate
931 2548 986 2602 Ec·
1037 2545 1088 2599 bus
1102 2554 1270 2615 compertum
1285 2544 1409 2601 Ecclesia
1430 2546 1609 2615 confirmavit,
1633 2562 1688 2601 nou
1709 2547 1835 2621 ambige·

186 2633 277 2690 clesioe
306 2634 385 2688 datur
411 2634 454 2688 vel
483 2634 615 2704 accipitur·
644 2634 758 2705 Spiritus
788 2643 906 2704 sanctus,
936 2651 987 2706 per
1036 2649 1106 2700 mus,
1123 2633 1187 2705 quia
1202 2632 1271 2688 sicut
1285 2633 1369 2688 multa
1384 2641 1459 2689 erant
1481 2650 1542 2705 quae
1565 2634 1660 2690 doctus
1684 2634 1840 2706 Cyprianus

185 2738 265 2794 quem
281 2721 442 2776 diffunditur
456 2722 572 2777 charitas
586 2722 613 2776 iu
630 2723 760 2778 cordibus
789 2724 909 2790 uostris;
935 2739 986 2777 au·
1037 2721 1159 2789 doceret,
1176 2720 1215 2777 sic
1229 2728 1286 2776 crat
1301 2729 1327 2775 et
1341 2719 1441 2793 aliquid
1456 2722 1527 2793 quod
1542 2722 1692 2794 Cyprianus
1712 2723 1840 2780 docibilis

186 2809 230 2864 dis
246 2809 386 2880 quiaillis,
401 2809 517 2881 quinon
532 2810 635 2864 suntin
663 2811 765 2866 unitate
788 2812 865 2882 pacis
894 2813 986 2868 eccle·
1037 2809 1164 2865 disceret.
1184 2829 1195 2858 s
1213 2809 1286 2877 llaec,
1303 2808 1397 2876 irater,
1418 2809 1527 2865 auribus
1550 2810 1671 2881 percipe,
1695 2818 1723 2867 et
1746 2819 1841 2867 mente

186 2895 311 2965 siasticae,
329 2897 352 2952 si
367 2903 478 2967 gustant
493 2896 527 2951 de
554 2913 624 2968 pane
653 2898 767 2966 coelesti,
797 2907 839 2954 est
866 2899 987 2970 perlecta
1037 2897 1168 2969 intellige,
1186 2905 1213 2951 et
1227 2913 1281 2952 non
1296 2897 1454 2970 dedigneris
1468 2914 1530 2954 cum
1544 2899 1680 2970 Cypriane
1701 2907 1729 2956 et
1743 2900 1841 2973 Augu·

186 2984 326 3040 damnatio
350 2984 475 3055 corporis
503 2985 600 3040 Christi
624 2986 843 3042 communicatio.
872 2988 985 3058 Depone
1038 2985 1119 3050 stiuo,
1131 2985 1262 3055 Apostolo
1274 2985 1456 3056 praecipiente,
1468 2985 1594 3042 docibilis
1606 3003 1668 3042 esse
1678 2988 1839 3058 episcopus,

187 3087 254 3143 ergo
269 3080 403 3127 tumorem
418 3072 510 3128 cordis
525 3074 573 3139 tui,
600 3082 626 3127 et
641 3073 818 3144 pertinaciam
841 3083 986 3131 conturna·
1037 3080 1064 3129 et
1077 3073 1139 3144 quia
1155 3073 1178 3128 si
1192 3089 1370 3144 perseverare
1392 3074 1421 3129 in
1445 3074 1627 3130 obstinatione
1653 3082 1679 3130 et
1703 3092 1841 3146 praesum-

186 3158 227 3216 ois
241 3159 325 3215 animi
339 3160 377 3215 tui
394 3178 401 3215 τ
421 3156 573 3216 ειείωἱυω
590 3162 708 3216 amando
724 3163 886 3218 senteutiam
900 3172 984 3231 tuam,
1035 3161 1128 3233 ptione
1142 3169 1187 3215 tua
1203 3161 1341 3234 delegeris
1352 3178 1412 3217 cum
1429 3162 1533 3217 ratione
1552 3163 1703 3234 supereris,
1714 3164 1841 3234 prudeus

185 3248 242 3305 noli
257 3256 282 3303 te
294 3248 446 3320 precidere
461 3250 497 3304 ab
511 3249 557 3304 illa
572 3250 711 3306 charitatis
726 3266 870 3323 compage,
890 3253 987 3324 inqua
1037 3256 1063 3304 at
1079 3249 1169 3305 sciens
1184 3249 1242 3305 siue
1258 3250 1335 3306 uenia
1350 3250 1511 3322 ignorantiae
1525 3250 1660 3321 peccabis.
1678 3251 1751 3308 Hinc
1766 3253 1841 3308 euim

186 3337 277 3393 omnia
293 3344 462 3393 sacramenta
484 3338 669 3395 ecclesiastica
697 3338 829 3395 catholice
858 3340 986 3412 percepi·
1035 3337 1839 3410 psalmusdicit:Descenduntininfernamnivcrrtcsffral.

186 3425 231 3492 sti,
246 3433 273 3481 et
287 3425 315 3480 in
329 3441 382 3498 qua
397 3425 545 3483 idcircoes
559 3427 699 3482 ordinatus
718 3427 873 3499 episcopus,
903 3437 933 3484 ut
959 3429 987 3484 in
1036 3429 1104 3497 arv),
1121 3427 1149 3481 id
1164 3433 1206 3481 est
1219 3426 1345 3481 labantur
1358 3426 1386 3480 iu
1401 3434 1542 3497 peccatum
1552 3427 1679 3482 scientes.
1692 3428 1774 3484 Unde
1786 3428 1841 3485 Leo

185 3529 218 3570 ea
232 3528 420 3585 permaneres,
436 3521 463 3570 et
477 3514 545 3570 alios
573 3515 601 3570 in
630 3530 663 3571 ea
690 3531 853 3587 permanere
883 3516 937 3573 lide
960 3525 988 3573 ει
1037 3516 1072 3570 ad
1086 3514 1399 3585 Constantinopolitanos
1413 3514 1509 3570 scribit
1525 3514 1619 3570 diceus
1643 3515 1741 3588 (epist.
1767 3520 1840 3589 25):

186 3601 324 3673 operibus,
340 3602 472 3674 exemplis
487 3610 514 3658 ει
528 3603 620 3658 verbis
634 3604 759 3659 doceres.
777 3604 901 3676 Denique
915 3606 987 3661 unde
1039 3603 1138 3658 «Nam
1153 3603 1176 3657 si
1201 3603 1244 3658 vix
1268 3602 1295 3657 in
1319 3602 1396 3658 laicis
1417 3602 1568 3658 tolerabilis
1591 3602 1699 3658 videtur
1720 3604 1840 3669 inscitia,

187 3690 308 3746 oriantur
333 3690 495 3757 schismata,
526 3691 599 3746 idem
626 3692 778 3747 catholicus
800 3693 895 3749 doctor
923 3693 988 3749 dicit
1036 3697 1111 3746 tanto
1126 3689 1215 3762 magis
1228 3690 1255 3744 in
1270 3689 1311 3744 eis
1325 3689 1372 3761 qui
1385 3697 1505 3761 praesunt
1519 3705 1571 3746 nec
1585 3690 1726 3747 excusatio
1740 3699 1784 3747 est
1799 3692 1842 3747 di·

187 3779 484 3851 (August.,dsbapt.,
505 3778 552 3833 lib.
579 3794 599 3843 r,
627 3794 689 3850 cap.
720 3783 750 3833 tt
774 3788 801 3835 ct
824 3796 885 3850 cap.
918 3782 986 3849 ¹5)ss
1037 3778 1583 3850 gnanecveuiazmaximecumetiam
1605 3777 1755 3836 defendere
1776 3797 1842 3852 per·

188 3865 303 3936 «Origo
318 3874 344 3921 et
357 3864 508 3937 pertinacia
523 3865 678 3921 schismatis
693 3866 764 3921 nulla
787 3875 829 3922 est
853 3868 915 3934 alia,
934 3868 988 3924 nisi
1036 3880 1178 3921 rersamm
1203 3866 1360 3937 opinionum
1384 3875 1536 3922 commenta
1558 3875 1737 3939 praesumunt,
1761 3876 1791 3924 ει
1814 3869 1841 3924 in

187 3953 278 4008 odium
294 3952 394 4019 iratris,
410 3961 437 4007 et
451 3952 574 4010 Ecclesia
603 3969 656 4009 non
679 3954 756 4025 prius
784 3955 916 4023 carnales,
945 3956 988 4013 vel
1036 3967 1201 4010 consensum
1216 3971 1306 4022 suurn,
1322 3962 1366 4009 aut
1381 3962 1494 4021 terrore,
1509 3962 1555 4010 aut
1569 3955 1657 4028 gratia
1668 3954 1842 4012 insanabiles

186 4039 329 4104 animales,
347 4048 373 4095 et
388 4047 482 4110 postea
497 4041 634 4111 spiritales
663 4042 765 4109 habuit,
795 4043 843 4099 sed
872 4043 899 4098 iu
927 4043 988 4115 ipsa
1037 4056 1161 4113 quosque
1180 4042 1333 4099 traducunt.
1361 4043 1528 4113 Separentur
1550 4043 1742 4112 hujusmodia
1766 4045 1844 4100 sanis

188 4135 262 4185 sorte
276 4128 448 4184 mortalitatis
461 4138 573 4196 uostrae,
589 4145 622 4185 ex
642 4146 695 4203 quo
723 4130 757 4187 de
785 4131 872 4186 Adam
895 4133 987 4188 nasei·
1036 4129 1167 4184 membris
1182 4131 1306 4201 corporis
1320 4131 1428 4196 Christi,
1445 4146 1534 4202 neque
1549 4130 1745 4188 sibicatholica
1759 4131 1842 4189 liber·

187 4233 259 4282 mur,
275 4232 330 4272 uon
344 4225 386 4273 est
399 4218 475 4288 prius
490 4218 563 4290 qnod
571 4219 701 4290 spiritale,
714 4219 764 4275 sed
773 4220 846 4291 quod
857 4221 986 4287 animale,
1037 4222 1079 4271 tas
1092 4216 1241 4273 infidelium
1253 4218 1350 4290 jugum
1364 4218 1480 4289 patiatur
1494 4219 1607 4290 imponi.
1621 4239 1633 4270 ι
1650 4219 1762 4276 Revoca
1772 4237 1842 4293 ergo

188 4314 283 4378 postea
298 4305 428 4377 spiritale.
443 4308 484 4362 Ex
499 4307 559 4378 ipso
574 4316 665 4363 autern
679 4308 788 4364 animali
803 4325 895 4379 seusu,
924 4310 987 4382 quia
1037 4312 1064 4361 te
1079 4320 1095 4359 a
1109 4306 1259 4376 pertinacia
1273 4315 1329 4375 tua,
1346 4306 1474 4378 quoniam
1496 4307 1545 4375 illi,
1562 4322 1631 4379 quos
1646 4307 1674 4362 iu
1693 4309 1840 4365 conventi-

188 4394 270 4452 horno
285 4395 412 4451 animatis
425 4412 480 4451 uon
493 4396 610 4468 percipit
624 4413 686 4468 quae
698 4406 762 4452 sunt
786 4397 904 4468 Spiritus
924 4399 984 4463 Dei,
1001 4392 1107 4453 Daulis
1134 4393 1188 4449 tuis
1215 4394 1249 4448 ad
1275 4401 1365 4449 tecum
1388 4394 1612 4450 subscribendum
1637 4395 1775 4466 pellexisti
1799 4398 1843 4454 val

187 4496 283 4539 omnes
311 4483 496 4539 dissensiones
525 4492 552 4540 et
578 4484 725 4540 schismata
753 4494 926 4558 generantur.
956 4487 987 4541 ln
1037 4481 1162 4553 coegisti,
1179 4481 1280 4536 habent
1297 4482 1406 4553 quidem
1421 4483 1633 4551 excusationem,
1650 4483 1783 4555 quoniam
1797 4494 1843 4541 ant

188 4586 243 4644 quo
257 4586 339 4626 sensu
353 4579 562 4642 perseverantes
585 4573 731 4644 Apostolus
754 4573 819 4629 dicit
842 4574 878 4629 ad
903 4575 986 4630 Vetus
1035 4569 1156 4640 captivas
1170 4585 1267 4625 manus
1282 4570 1341 4626 sine
1355 4571 1447 4627 cordis
1463 4571 1643 4627 consensione
1653 4571 1747 4627 timori
1754 4572 1841 4630 dede-

187 4659 388 4716 Testamentum
403 4660 551 4732 pertinere,
576 4660 603 4714 id
627 4669 668 4715 est
687 4661 721 4715 ad
736 4667 903 4717 terrenomm
917 4677 985 4733 pro·
1035 4665 1108 4723 runt,
1124 4665 1169 4711 aut
1184 4657 1343 4728 ignorantes
1359 4658 1423 4729 quid
1436 4665 1559 4730 agerent,
1575 4658 1687 4730 palliata
1710 4660 1840 4717 suasione

187 4747 335 4804 missorum
348 4747 535 4818 cupiditatem,
549 4748 577 4803 in
597 4748 695 4820 quibus
718 4749 828 4821 quidem
853 4749 986 4820 spiritalia
1035 4752 1080 4800 tua
1094 4744 1129 4799 de
1144 4744 1251 4801 viuculo
1265 4746 1341 4816 pacis
1355 4754 1381 4801 et
1394 4747 1583 4802 communione
1605 4746 1680 4817 pacis
1700 4754 1754 4802 tute
1769 4764 1839 4804 cou-

188 4831 347 4907 figttrantur,
368 4836 417 4892 sed
445 4836 569 4892 animalis
597 4837 679 4893 borno
707 4852 762 4892 nou
785 4837 900 4909 percipit
924 4853 986 4910 quae
1035 4848 1118 4888 sensu
1131 4832 1211 4887 etiam
1227 4833 1410 4904 deliquemnt,
1427 4842 1472 4890 aut
1486 4834 1555 4890 torte
1569 4834 1687 4891 scientes
1709 4843 1738 4890 et
1760 4835 1801 4892 iili
1812 4843 1840 4892 ει

188 4930 251 4977 sunt
265 4922 382 4994 Spiritus
396 4924 456 4979 Dei.
478 4923 648 4997 Quocunque
675 4941 743 4997 ergo
766 4933 890 4996 tempore
917 4926 986 4982 tales
1034 4921 1078 4978 isti
1094 4920 1220 4992 quiddam
1236 4921 1285 4976 tibi
1299 4922 1398 4979 exinde
1414 4939 1564 4995 suggerere
1579 4924 1638 4979 ausi
1648 4938 1705 4979 nou
1719 4922 1837 4980 luerunt.

188 5009 313 5066 homines
328 5026 389 5066 esse
403 5013 536 5084 coeperint
549 5013 578 5069 in
591 5015 643 5070 hac
656 5014 720 5083 rita,
742 5015 798 5083 jam
820 5013 919 5070 divinis
934 5029 985 5084 pro
1035 5008 1113 5064 Unde
1126 5009 1222 5065 beatus
1237 5010 1390 5084 Gregorius
1405 5027 1411 5066 :
1430 5033 1441 5062 ι
1458 5013 1556 5079 Nemo,
1571 5011 1667 5083 inquit,
1684 5011 1840 5084 amphusiu

187 5099 348 5156 saeculorum
361 5099 549 5157 distributione
565 5103 744 5159 sacramentis
764 5102 869 5172 imbuti,
895 5102 986 5159 adbuc
1035 5097 1157 5153 Ecclesia
1170 5105 1260 5164 nocet,
1278 5115 1361 5171 quam
1378 5099 1424 5171 qui
1437 5115 1567 5171 perverse
1581 5114 1668 5172 agens
1678 5115 1781 5155 nomeu
1796 5101 1839 5157 vel

187 5194 279 5245 tarnm
293 5187 439 5244 carnaliter
453 5189 569 5260 sapiunt,
599 5198 626 5246 et
640 5190 762 5247 carnalis
785 5191 820 5246 de
844 5191 901 5247 Deo
927 5191 986 5248 sive
1034 5185 1158 5241 ordinem
1186 5186 1336 5242 sanctitatis
1364 5187 1456 5242 habet.
1485 5188 1693 5259 Delinqueutem
1718 5202 1840 5261 namque

187 5274 216 5331 iu
229 5277 282 5333 hae
295 5277 361 5343 rita,
387 5277 446 5333 sive
473 5285 536 5347 post
564 5279 635 5334 hauc
663 5279 745 5334 vitain
767 5287 878 5351 sperent
904 5287 986 5351 atque
1035 5273 1108 5329 huuc
1120 5273 1285 5348 redarguere
1299 5275 1390 5332 nullus
1403 5276 1552 5346 presumit,
1577 5281 1604 5332 et
1628 5275 1656 5330 iu
1679 5275 1839 5348 exemplum

189 5362 356 5430 desiderent,
381 5363 514 5420 auirnales
542 5373 614 5421 sunt.
642 5385 654 5417 i
679 5368 714 5424 Et
741 5368 806 5423 item
835 5383 868 5424 ex
895 5368 986 5424 serbis
1036 5361 1114 5433 culpa
1128 5363 1302 5420 vehementer
1315 5363 1478 5431 extenditur,
1494 5364 1604 5437 quando
1619 5376 1669 5435 pro
1685 5365 1842 5421 reverentia

189 5450 261 5506 beati
283 5453 421 5526 Cypriani,
445 5461 474 5508 ut
497 5454 598 5526 partim
625 5462 653 5509 et
677 5471 760 5528 supra
780 5456 888 5527 scripsi,
912 5455 986 5529 quod
1036 5458 1142 5516 ordinis
1155 5468 1286 5531 peccator
1300 5461 1459 5530 honoratur,
1476 5462 1574 5533 quibus
1598 5468 1639 5516 est
1659 5458 1766 5519 facilior
1789 5479 1842 5520 re-
