3826 6098
209 283 260 337 339
670 274 842 338 HlNChltlliI
868 274 1068 332 RHEMENSIS
1097 274 1371 334 tactsshmscort.
1809 277 1861 334 tto

209 405 278 460 bias.
291 405 325 459 Et
340 402 403 458 licet
417 404 451 457 de
467 401 775 475 singulisnonindigeas
791 400 910 467 edoceri,
928 403 1047 472 aqqu
1062 405 1090 457 ct
1103 406 1191 469 orate,
1209 419 1245 458 nc
1255 403 1371 458 intretis
1385 404 1417 458 in
1439 403 1628 458 tentationem
1647 401 1758 473 (natta.
1775 417 1858 471 xxvi,

205 494 262 563 jam
278 491 455 564 probavimus
482 491 586 547 acutius
614 490 740 546 universa
761 489 875 559 serrari,
901 490 1007 562 gratius
1058 492 1112 564 ll).
1130 491 1280 547 Commune
1295 499 1354 545 erat
1369 491 1495 546 omnibus
1510 490 1640 562 apostolis
1654 491 1809 562 periculum
1824 492 1859 548 de

208 589 298 637 tamen
315 598 376 638 csse
392 579 471 648 solet,
489 580 511 635 si
526 580 605 637 ituris
628 588 730 635 trames
753 580 914 645 ostenditur,
926 585 953 634 ct
967 577 1008 632 la·
1058 581 1206 636 tentatione
1220 579 1383 649 formidinis,
1400 589 1426 635 et
1441 580 1540 635 dirinae
1563 580 1741 651 protectionis
1757 579 1858 637 auxilio

185 687 188 700 ²
210 671 345 728 boraturis
358 669 469 739 injuncti
484 670 575 741 operis
590 669 678 724 lomna
692 669 1007 724 monstratur.Paternas
1057 670 1159 742 pariter
1173 669 1343 742 indigebant,
1366 669 1494 740 quoniam
1515 669 1639 723 diabolus
1653 684 1750 724 omncs
1765 669 1859 742 exagi-
1895 742 1899 748 ι

209 759 291 832 igitur
305 758 423 832 regulas,
440 766 466 813 et
480 758 589 815 decreta
613 757 792 814 sanctissimis
813 756 928 812 diffinita
941 772 1008 812 con·

209 848 279 905 ciliis
294 848 328 902 ab
339 847 465 903 omnibus
488 848 625 904 servanda
643 847 813 902 mandamus.
831 846 861 900 ln
876 845 917 901 his
934 844 1007 916 vigi-

212 936 324 992 lantiam
338 943 422 1003 tuam,
437 935 465 990 in
480 936 522 990 his
537 951 631 993 curam
651 942 678 991 et
701 935 829 991 fraternae
842 934 945 989 monita
959 950 1009 989 ax-

211 1025 371 1081 hortationis
394 1024 571 1080 ostendimus.
594 1023 643 1079 His
664 1039 696 1079 ea
717 1031 816 1095 quanta
841 1022 954 1093 dignum
968 1029 1008 1077 est

211 1114 367 1170 reverentia
381 1113 532 1181 custoditis,
549 1111 653 1167 nullum
671 1111 801 1183 relinquit
817 1111 904 1182 culpae
919 1112 1009 1166 locum

212 1211 313 1259 sanctae
337 1201 536 1258 observationis
560 1200 740 1257 obstaculum.
766 1200 806 1255 lbi
820 1200 862 1256 ias
876 1200 1008 1271 nefasque

212 1291 394 1363 perscriptum
411 1298 461 1354 est,
478 1289 515 1344 ibi
530 1289 704 1360 prohibitum,
720 1290 756 1345 ad
772 1289 844 1361 quod
858 1288 949 1344 nullus
960 1303 1008 1344 au·

212 1381 275 1436 dcat
289 1379 420 1450 aspirare,
435 1378 471 1434 ibi
487 1393 647 1435 concessum
662 1379 736 1450 quod
750 1379 848 1433 debeat
861 1395 939 1433 mens
951 1380 1008 1433 Deo

212 1469 526 1540 placiturapraesumere.
543 1467 656 1537 Quoties
671 1467 826 1524 universale
840 1467 927 1538 poscit
943 1467 1009 1522 reli·

213 1556 303 1629 gionis
331 1572 414 1613 causa
442 1555 596 1625 concilium,
623 1564 650 1612 te
664 1555 753 1612 cuncti
768 1556 864 1610 iratres
880 1562 1010 1611 evocante

214 1645 384 1714 conveniant,
402 1652 428 1700 et
442 1645 465 1700 si
476 1661 545 1716 quos
560 1661 655 1701 eorum
664 1644 789 1716 specialis
804 1644 906 1715 negotii
920 1644 1011 1715 pulsat

213 1734 335 1800 intentio,
348 1734 439 1807 jurgia
453 1734 522 1790 inter
537 1749 585 1789 eos
599 1734 695 1789 oborta
716 1748 870 1804 compesce,
887 1733 1048 1820 discussaB

214 1836 291 1879 sacra
307 1822 369 1895 lege
383 1822 588 1878 determinando
598 1821 756 1878 certamina.
770 1820 907 1892 Quidquid
923 1828 1012 1876 autem

213 1910 269 1966 illic
283 1926 333 1981 pro
349 1909 401 1965 fide
416 1919 442 1966 et
457 1911 572 1966 veritate
586 1911 771 1979 constitutum,
789 1909 832 1965 vel
846 1910 962 1980 provida
973 1910 1014 1965 di-

215 1999 389 2069 spensatione
412 2007 588 2070 preceptum,
613 1999 657 2054 vel
679 2014 803 2070 personae
818 2006 902 2053 notrae
917 2007 1014 2055 aucto·

214 2087 291 2143 ritate
319 2087 397 2142 luerit
421 2086 618 2157 confirmatum,
645 2095 729 2143 totum
753 2088 788 2142 ad
808 2087 951 2143 scientiam
965 2103 1016 2143 no·

215 2183 298 2231 stram
313 2176 446 2233 instructa
461 2176 602 2232 relationis
618 2176 790 2232 attestatione
805 2176 957 2247 perveniat.
973 2176 1014 2232 Eo

215 2263 261 2320 iret
275 2273 304 2320 ut
318 2273 345 2321 et
359 2273 453 2321 noster
467 2266 573 2321 animus
588 2266 669 2321 officii
685 2266 815 2322 charitate
831 2264 895 2333 dati,
912 2272 939 2319 et
953 2271 1015 2320 tuus

217 2353 360 2410 securitate
382 2353 540 2426 perfruatur
567 2355 682 2426 accepti.
712 2355 785 2410 Deus
809 2362 835 2410 te
850 2353 1015 2410 incolumem

215 2442 360 2511 custodiat,
377 2442 461 2498 irater
476 2442 643 2499 charissime.
664 2463 675 2492 s

1058 768 1125 825 tare,
1141 774 1236 814 omncs
1250 757 1376 829 cupiebat
1397 757 1516 823 elidere;
1540 765 1567 812 et
1587 765 1678 814 tamen
1701 757 1858 829 specialisa

1058 848 1175 904 Domino
1191 847 1263 902 Petri
1279 863 1344 902 cura
1359 846 1513 918 suscipitur,
1530 853 1558 901 ut
1570 862 1622 918 pro
1638 845 1691 901 tide
1706 846 1780 902 Petri
1795 864 1858 918 pro-

1059 937 1118 1008 prie
1133 935 1311 1007 supphcetur,
1327 944 1453 1007 tanquam
1477 935 1592 990 aliorum
1607 944 1691 991 status
1705 935 1809 992 certior
1824 936 1858 992 sit

1059 1026 1174 1090 iuturus
1191 1025 1214 1079 si
1228 1041 1306 1080 mens
1321 1025 1452 1096 principis
1467 1025 1536 1081 victa
1551 1041 1606 1080 non
1625 1024 1715 1081 fuerit.
1731 1026 1762 1080 In
1778 1025 1858 1082 Petro

1059 1129 1126 1185 ergo
1141 1113 1263 1168 omnium
1277 1112 1407 1169 fortitudo
1423 1113 1552 1180 munitur,
1569 1120 1595 1170 et
1611 1113 1703 1169 divina
1718 1113 1809 1186 gratia
1823 1113 1859 1170 ita

1060 1203 1201 1258 ordinatur
1224 1201 1363 1268 auxilium,
1386 1209 1414 1257 ut
1437 1200 1550 1257 firmitas
1573 1218 1633 1273 quac
1653 1219 1703 1274 per
1718 1201 1859 1258 Christum

1060 1293 1139 1346 Petro
1154 1290 1289 1357 tribuitur,
1314 1306 1364 1362 per
1388 1292 1499 1346 Petrum
1519 1291 1648 1361 apostolis
1661 1291 1856 1348 conferatur.»

1060 1380 1126 1435 Cum
1140 1379 1232 1452 itaque
1247 1387 1273 1436 et
1288 1380 1365 1435 vobis
1379 1379 1527 1450 provinciae
1541 1379 1721 1451 coepiscopis,
1738 1397 1790 1452 pcr
1804 1381 1859 1452 pri·

1060 1477 1159 1524 malem
1188 1469 1257 1538 ejus,
1286 1468 1453 1524 orationibus
1475 1476 1501 1524 et
1525 1485 1619 1523 manus
1633 1468 1808 1540 impositione
1830 1469 1858 1525 iu

1061 1557 1231 1613 ordinatione
1260 1557 1347 1628 gratia
1376 1557 1461 1613 sancti
1490 1557 1606 1629 Spiritus
1642 1566 1668 1613 ct
1694 1556 1859 1630 episcopalis

1061 1647 1129 1702 ordo
1158 1646 1291 1713 tribuitur,
1319 1647 1419 1714 justum
1448 1663 1509 1701 esse
1539 1646 1715 1717 perpenditur
1734 1655 1772 1715 ut,
1789 1663 1860 1718 papa

1063 1735 1186 1790 Romano
1213 1734 1336 1806 prelata,
1366 1734 1392 1789 ei
1418 1734 1538 1790 avobis
1565 1733 1695 1790 orationis
1710 1734 1820 1791 devotio
1835 1743 1861 1792 ct

1064 1823 1226 1879 obeditionis
1254 1823 1363 1879 dilectio
1390 1823 1575 1893 rependatur3
1606 1823 1678 1895 quod
1706 1831 1733 1879 et
1759 1823 1861 1880 inillis

1063 1912 1230 1984 temporibus
1258 1919 1346 1967 actum
1375 1911 1500 1984 legimus,
1529 1911 1557 1966 in
1582 1911 1681 1984 quibus
1707 1927 1763 1968 non
1790 1912 1861 1969 adeo

1064 2000 1208 2056 abundavit
1223 1999 1360 2072 iniquitas,
1378 2008 1404 2054 ct
1420 1999 1543 2073 refriguit
1557 2001 1675 2056 charitas
1695 2000 1861 2058 sicutmodo

1063 2089 1090 2144 in
1106 2089 1207 2146 nostris
1230 2089 1329 2161 agitur.
1355 2089 1428 2160 Lege
1452 2089 1580 2145 nimirum
1604 2088 1747 2160 epistolam
1761 2090 1860 2146 Leonis

1064 2178 1097 2234 ad
1112 2178 1294 2246 anastasium,
1319 2186 1346 2233 et
1373 2178 1494 2234 invenies
1518 2193 1580 2235 cum
1595 2178 1682 2235 Attico
1696 2179 1861 2250 metropoli·

1064 2275 1126 2322 lano
1138 2267 1280 2338 episcopos
1294 2267 1443 2338 provinciae
1468 2282 1523 2321 suae
1547 2266 1662 2323 Romam
1676 2268 1786 2323 venisse
1802 2268 1860 2324 sinc

1064 2357 1134 2411 datis
1163 2356 1290 2423 induciis,
1318 2372 1372 2410 non
1401 2355 1553 2411 retardatos
1570 2365 1643 2412 metu
1659 2355 1862 2413 sublimissimae

1063 2445 1133 2500 inter
1143 2446 1295 2514 mundanos
1310 2445 1401 2516 apices
1416 2444 1566 2515 potcstatis,
1590 2461 1639 2516 per
1655 2446 1787 2501 saevitiam
1800 2445 1861 2502 hie·

252 2531 306 2586 Sed
322 2539 349 2586 ct
363 2530 499 2586 Adrianus
513 2547 584 2603 papa
593 2530 699 2602 Tilpino
710 2529 907 2602 praedecessori
922 2537 1015 2585 nostro
1063 2534 1125 2599 mis,
1154 2549 1203 2604 per
1231 2533 1282 2588 iter
1307 2549 1435 2604 asperum
1463 2542 1489 2590 at
1516 2534 1643 2604 periculis
1665 2534 1791 2605 pienum,
1813 2551 1864 2607 per

217 2619 283 2674 talia
304 2636 360 2675 sue
383 2619 549 2676 auctoritatis
573 2620 728 2693 privilegia,
753 2627 779 2674 et
794 2619 846 2674 sibi
861 2617 1015 2675 commissae
1064 2621 1150 2677 invias
1164 2621 1251 2688 nives,
1269 2637 1331 2677 cum
1346 2629 1421 2677 tanto
1444 2622 1538 2678 labore
1554 2630 1635 2694 atquc
1651 2621 1820 2693 discrimine,
1834 2631 1863 2680 ut

215 2707 348 2764 Ecclesiae
363 2708 446 2775 dedit,
463 2709 532 2765 sicut
548 2708 649 2780 scripta
673 2725 734 2781 quae
751 2709 883 2764 habemus
899 2708 1015 2763 demon·
1065 2726 1099 2766 cx
1114 2709 1157 2765 his
1171 2709 1216 2782 qui
1229 2710 1388 2781 episcopum
1402 2710 1520 2766 comitati
1535 2719 1607 2781 sunt,
1626 2710 1738 2783 quidam
1752 2711 1862 2770 desece-

217 2804 312 2852 strant.
330 2796 398 2866 Quae
408 2798 541 2870 exiguitas
565 2814 627 2853 mea
650 2813 702 2853 nec
727 2798 833 2866 meruit,
854 2813 905 2853 nec
919 2796 1014 2864 ambit,
1066 2800 1130 2866 rint,
1146 2807 1175 2854 ut
1190 2815 1252 2855 cum
1280 2815 1313 2854 eo
1343 2799 1377 2854 de
1406 2798 1598 2873 indignissima
1620 2799 1765 2856 atilictionc
1780 2817 1864 2874 quarn

216 2901 268 2944 uec
281 2886 393 2958 appetit,
410 2901 461 2943 nec
472 2887 593 2959 requirit,
607 2902 761 2959 quanquam
771 2893 798 2941 et
808 2885 896 2957 quarti
906 2885 1015 2956 Leonis,
1065 2889 1185 2960 pertulit,
1202 2888 1371 2959 lacrymabili
1390 2888 1495 2957 actione
1523 2897 1766 2961 conquererentur.
1783 2888 1865 2958 Quod

217 2974 242 3030 ei
258 2975 367 3031 nomine
389 2990 422 3030 ac
445 2976 532 3048 gratia
556 2975 694 3030 benedicti
718 2974 866 3031 auctoritas
880 2975 947 3042 ‚milri
962 2973 1018 3045 pri·
1066 2986 1095 3033 tu
1113 2977 1251 3050 quomodo
1267 2992 1376 3047 ageres,
1396 2977 1419 3032 si
1445 2976 1684 3050 metropolitanum
1714 2986 1790 3033 tuum
1814 2979 1868 3036 hoc

119 3100 121 3104 ν
216 3063 317 3136 vilegia
328 3079 384 3120 non
399 3079 416 3120 a
430 3080 474 3119 mc
491 3064 602 3137 quaesita
617 3063 789 3132 contulerint,
805 3063 867 3134 quia
883 3062 1017 3118 sufficiunt
1065 3065 1188 3138 indigere
1203 3066 1322 3131 videres,
1346 3066 1392 3138 qui
1416 3065 1632 3140 quantiscunque
1650 3075 1728 3139 potes
1744 3067 1867 3124 molitio·

216 3152 283 3208 mihi
298 3169 357 3225 quae
378 3169 429 3225 per
453 3169 546 3210 sacros
570 3168 689 3209 canones
711 3151 855 3225 unicuique
880 3161 942 3207 sunt
956 3122 1051 3206 mac
1066 3155 1145 3211 nibus
1159 3163 1258 3221 certas,
1274 3162 1302 3209 ut
1317 3163 1370 3211 tuas
1383 3156 1527 3228 metropoli
1550 3156 1735 3212 auctoritatem
1750 3173 1785 3212 ex
1798 3156 1869 3213 anti·

218 3240 383 3312 tropolitano
399 3242 506 3298 collata.
523 3242 601 3298 Unde
625 3242 693 3297 sicut
708 3241 836 3296 omnibus
850 3240 1016 3313 generaliter
1067 3259 1121 3316 quo
1136 3260 1186 3316 per
1200 3259 1295 3300 sacras
1309 3244 1418 3317 regulas
1443 3245 1601 3300 attributam
1625 3243 1753 3318 deroges,
1770 3261 1804 3301 ac
1816 3261 1869 3316 per

217 3330 355 3402 episcopis
370 3332 497 3387 convenit
505 3347 557 3402 pro
571 3332 695 3388 Romano
709 3330 847 3403 pontitice,
865 3338 892 3385 et
905 3329 1018 3401 speciali
1030 3365 1038 3374 -
1067 3334 1120 3389 hoc
1133 3333 1260 3388 omnibus
1272 3333 1489 3403 metropolitanis
1499 3333 1588 3388 debita
1599 3333 1663 3403 jura
1675 3331 1779 3388 tollas?
1793 3332 1869 3389 Sicut

219 3421 290 3475 Petri
304 3420 407 3478 vicario
421 3421 567 3477 Dominum
578 3435 701 3487 exorare,
714 3419 797 3476 veluti
808 3426 835 3475 et
847 3418 955 3474 traditio
970 3418 1018 3474 dc·
1068 3422 1141 3478 enim
1154 3422 1302 3492 Apostolus
1318 3421 1463 3477 Corinthiis
1471 3421 1551 3477 dicit:
1563 3424 1599 3477 lit
1612 3423 1638 3476 st
1647 3422 1714 3478 aliis
1729 3439 1789 3480 non
1804 3439 1868 3479 sam

217 3517 350 3564 monstrat
365 3508 548 3565 ecclesiastica
562 3509 607 3580 (dc
623 3524 677 3582 qua
691 3507 853 3564 Caelestinus
868 3506 933 3563 dicit
946 3506 1018 3580 [post
1068 3512 1220 3585 apostolas,
1239 3511 1287 3567 sed
1308 3515 1402 3573 tamen
1418 3511 1490 3566 vobis
1505 3528 1584 3577 sam,·
1600 3527 1669 3567 nam
1684 3511 1869 3582 signaculum

219 3600 300 3671 epist.
313 3597 354 3671 8]:
365 3597 614 3655 «Obsecrationum
629 3597 838 3653 sacerdotalium
846 3603 1019 3652 sacramenta
1068 3601 1243 3672 apostolatus
1257 3601 1313 3656 met
1328 3616 1373 3655 vos
1389 3600 1456 3655 estis
1472 3601 1502 3654 tn
1518 3600 1634 3655 hennino
1650 3599 1675 3667 (l
1687 3599 1748 3656 Cor.
1766 3599 1828 3672 rx);
1843 3606 1870 3656 et

219 3686 408 3757 respiciamus,
426 3703 485 3760 quae
501 3687 535 3741 ab
549 3686 678 3758 apostolis
694 3685 790 3740 tradita
805 3685 831 3739 in
847 3684 1018 3739 talemundo
1069 3689 1092 3743 si
1105 3687 1166 3744 aliis
1180 3689 1283 3759 primas
1296 3687 1366 3743 sorte
1388 3702 1443 3742 non
1467 3703 1567 3754 essem,
1583 3687 1632 3742 tihi
1647 3695 1738 3744 tamen
1753 3687 1829 3759 apud
1844 3697 1870 3744 tc

218 3782 299 3847 atquc
307 3774 334 3829 in
345 3776 419 3831 omni
429 3775 559 3831 catholica
570 3774 695 3830 Ecclesia
701 3772 872 3829 uniformiter
878 3772 1019 3828 celebran-

220 3871 274 3929 tur,
289 3872 318 3917 ut
333 3863 424 3934 legem
439 3863 569 3919 credendi
584 3863 627 3918 lev
643 3868 743 3916 statuat
753 3859 968 3931 supplicandiv),
981 3859 1020 3915 ei-

221 3952 340 4022 demque
355 3951 390 4005 ab
404 3951 529 4006 omnibus
539 3949 642 4006 obediri
651 3957 765 4020 oportet,
779 3949 847 4004 sicut
858 3965 890 4004 ex
901 3964 1019 4020 evange·

221 4039 273 4093 lica
288 4046 314 4093 et
330 4038 480 4109 apostolica
495 4039 662 4103 auctoritate,
671 4039 804 4108 majorum
815 4037 969 4103 traditione,
982 4045 1019 4093 at·

1069 3778 1172 3848 primas
1187 3792 1248 3833 esse
1263 3777 1426 3845 debueram
1452 3791 1516 3832 nam
1540 3775 1712 3850 signaculum
1732 3776 1868 3847 primatus

1069 3865 1123 3921 mei
1137 3872 1165 3921 tu
1180 3882 1219 3935 es,
1235 3882 1317 3938 quem
1330 3866 1409 3938 signe
1424 3865 1640 3939 interrogatione
1660 3864 1788 3937 primatis
1800 3865 1870 3922 altc-

1069 3964 1135 4030 rius‚
1153 3979 1217 4020 cum
1231 3978 1367 4020 consensu
1382 3964 1607 4035 coepiscoporum
1628 3963 1793 4019 Rhemensis
1805 3977 1870 4035 pro·

1070 4052 1175 4122 vincia,
1204 4053 1279 4124 potui
1309 4052 1436 4108 ordinare
1465 4053 1624 4123 episcopum
1641 4069 1647 4107 :
1665 4052 1712 4124 qui
1740 4068 1788 4108 me
1808 4060 1870 4108 tunc

223 4143 276 4198 que
289 4125 1020 4199 autiquaconsuetudinenosciturcssedecretumzsic
1070 4142 1247 4198 vehementer
1273 4157 1305 4197 30
1331 4140 1468 4197 inhianter
1495 4142 1625 4212 cupiebas
1647 4156 1709 4196 egge
1723 4141 1869 4212 primaqgm

224 4216 258 4271 ab
283 4216 409 4272 Omnibus
430 4217 578 4287 imiimi&
601 4216 782 4287 ⁰⁰0P5⁵0⁰llisr
808 4215 854 4287 ‘lui
874 4216 1020 4286 amimam
1070 4232 1151 4287 totius
1178 4230 1334 4301 provinciae,
1363 4236 1467 4286 tantum
1493 4238 1522 4285 ut
1550 4229 1594 4285 vel
1621 4230 1649 4284 in
1676 4243 1731 4284 uno
1760 4227 1872 4300 opidulo

179 4368 183 4378 Α
223 4320 279 4359 suae
294 4304 453 4376 metropolis
468 4305 636 4374 ordinantur,
660 4304 787 4361 convenit
807 4303 958 4360 secundum
973 4318 1020 4358 sa·
1069 4316 1870 4391 possesesseepjscopugquqqam‚gqve110mquu0g0.

221 4409 282 4450 ⁰¹¹³⁵
300 4394 409 4466 regulas
423 4394 538 4460 Obedil'b
555 4402 687 4464 e¹tt1'0‘30
704 4392 848 4449 00ffl511¹¹ffl
863 4391 1018 4463 supplicati·
1071 4410 1138 4465 ritas
1153 4424 1186 4464 ac
1201 4408 1268 4463 ratio
1289 4408 1369 4475 foret,
1394 4408 1507 4464 honoris
1530 4423 1562 4463 ac
1585 4405 1728 4478 potestatis
1743 4407 1871 4479 cupidus,

222 4483 350 4555 quoniam
373 4483 543 4539 incolumitas
564 4482 737 4554 praesidentis
760 4481 835 4537 salus
856 4488 898 4538 cst
921 4480 1053 4540 subdi-D
1070 4497 1183 4554 vicanus
1207 4495 1263 4552 fieri
1284 4495 1453 4553 consentires
1477 4496 1630 4568 episcopus,
1647 4495 1694 4568 qui
1710 4496 1811 4552 (312aeoe
1824 4509 1872 4552 vo.

222 4580 320 4628 torum.
340 4572 394 4628 Sed
409 4580 435 4628 et
450 4580 476 4628 te
489 4571 517 4626 in
542 4571 584 4625 liis
608 4571 808 4644 vigilantiorem
831 4585 926 4626 curam
941 4569 1020 4625 exhi·
1071 4595 1149 4642 camp
1163 4585 1384 4656 chorepiscopus,
1410 4585 1479 4641 sicut
1502 4601 1575 4641 nunc
1598 4592 1682 4656 paret,
1703 4583 1751 4656 qui
1765 4583 1872 4640 humjfi.

223 4661 289 4716 bete
305 4668 479 4727 convenerat,
496 4676 577 4731 ‘1⁰0¹ss
593 4658 691 4726 taliter,
710 4669 738 4714 ul
752 4658 880 4731 Psaemisb
895 4675 910 4712 ὃ
925 4675 954 4713 ⁵0
969 4675 1022 4713 ΗΠ·
1072 4674 1133 4731 tatis
1148 4674 1299 4730 ministerio
1323 4689 1356 4731 ac
1380 4680 1514 4745 potestate
1538 4672 1658 4730 abuteris
1672 4672 1700 4728 iu
1716 4670 1872 4744 cupiditatis

225 4749 318 4804 tritum
332 4750 498 4806 Rhemorum
515 4747 674 4820 metropolis
689 4748 716 4802 in
732 4748 861 4804 subsellio
877 4747 951 4802 sedis
967 4762 1023 4802 suae
1072 4780 1104 4822 ag
1117 4763 1251 4836 supesbqae
1266 4762 1392 4819 vanitate,

225 4837 361 4893 ordinavit
376 4839 544 4909 episcopum.
555 4837 623 4906 Qum
639 4852 693 4894 non
708 4852 780 4907 meo,
792 4837 842 4892 sed
856 4852 889 4891 ex
904 4835 1024 4908 Scriptu-

224 4941 319 4980 rarum
335 4942 418 4981 sensu
430 4927 502 4982 beati
510 4927 608 4983 Leonis
616 4926 783 4981 institutione
798 4923 909 4996 profero
924 4925 1021 4996 (serm.
1363 4897 1474 4955 CAPUT
1493 4896 1579 4953 Μ·

224 5019 251 5083 3,
267 5016 298 5070 in
313 5015 508 5072 anniversario
522 5016 567 5072 die
582 5017 707 5088 ejusdem
716 5013 931 5087 assumptionis)
944 5031 950 5068 ε
961 5035 972 5065 ι
984 5015 1023 5067 ln·
1073 5025 1109 5079 De
1120 5023 1271 5078 rebellione
1299 5023 1444 5077 minorum
1468 5022 1644 5077 sacerdotnm
1662 5036 1730 5092 erga
1740 5023 1873 5092 potiores,

227 5111 324 5170 stante,
341 5103 436 5175 inquit,
452 5104 580 5175 passione
593 5120 642 5159 sua
655 5102 796 5168 Dominus,
823 5118 884 5174 quae
899 5101 1023 5174 discipu·
1109 5097 1136 5150 et
1152 5094 1184 5148 de
1201 5093 1516 5165 Constantinopolitano
1526 5093 1589 5148 sede
1604 5093 1768 5149 reluctante
1779 5094 1877 5150 adam-

226 5193 315 5249 lorum
330 5201 388 5248 erat
403 5192 542 5248 turbatura
556 5191 744 5261 constantiam,
760 5190 798 5246 ait
815 5209 821 5245 :
839 5193 1023 5257 Simonianae
1109 5181 1156 5220 ⁸¹⁴⁸
1172 5166 1364 5236 ‘mmmm'

226 5282 348 5338 Satanas
363 5284 565 5356 expostalavit,
584 5285 618 5337 at
637 5298 682 5338 voe
697 5285 825 5337 cerneret
841 5282 929 5337 aelati
945 5281 1023 5336 trttt-
1109 5286 1221 5341 Etcum
1236 5285 1294 5341 hac
1323 5285 1362 5341 ita
1386 5301 1417 5341 se
1440 5285 1566 5353 habeant,
1592 5300 1647 5340 non
1661 5286 1748 5342 miror
1764 5288 1788 5343 si
1803 5297 1830 5345 te
1843 5286 1877 5344 ad

227 5387 369 5442 cutntho
385 5370 692 5442 antemroqacipeote
707 5370 940 5440 nedeficiatfidcs
956 5373 1023 5435 taa;
1073 5375 1388 5447 lrocpotuiprovocarc,
1419 5383 1448 5430 ut
1468 5375 1614 5430 adversum
1638 5389 1682 5430 me
1706 5383 1837 5448 tumeres,
1853 5384 1879 5434 et

228 5461 256 5512 ct
273 5463 305 5514 ta
321 5460 473 5532 aliquando
498 5474 648 5515 convertat
672 5459 809 5528 confirma
833 5461 938 5530 fratres
963 5461 1024 5513 tuos
1074 5464 1163 5521 nolles
1178 5464 1327 5520 seeundum
1339 5463 1458 5519 divinam
1483 5463 1689 5534 dispositionem
1705 5481 1768 5520 esse
1784 5466 1878 5537 subja·

227 5556 307 5622 (lac.
324 5571 396 5613 xxa.
414 5558 457 5626 31,
475 5554 531 5627 tt).
546 5556 581 5612 Et
594 5555 720 5614 omnibus
735 5553 884 5628 apostolis:
898 5554 1022 5626 l'tailate
1075 5570 1143 5631 ctus,
1159 5562 1206 5635 qui
1221 5561 1360 5618 conditori
1375 5575 1424 5617 sao
1438 5559 1535 5618 nolens
1556 5559 1664 5631 subjici,
1680 5561 1715 5618 de
1730 5563 1804 5621 coelo
1817 5579 1878 5622 cun
