3794 6104
148 245 201 301 sot

652 243 824 299 attremat
837 239 1039 299 RHEblENSlS
1053 238 1332 296 aacfltartscorr.

1745 244 1801 300 208

151 380 234 437 quam
248 366 282 420 sit
296 366 454 422 damnanda
468 375 644 432 monstratur,
657 367 764 422 dicente
779 366 921 436 Scriptura
938 383 944 419 ε
962 367 1084 433 Asaper
1102 365 1286 420 altitudinem
1306 363 1424 418 numam
1441 366 1452 417 t
1482 362 1641 418 Pestilentia
1654 370 1682 418 et
1696 363 1806 436 gladius

148 456 268 510 Probata
283 459 380 510 nutem
395 457 485 511 oirtns
499 458 616 527 corripit
631 456 797 528 insipientes
812 456 887 524 (Sap.
904 454 945 524 rr).

147 540 336 613 Quantumque
352 543 498 599 iraternum
513 544 682 610 scandalum,
699 551 727 597 ut
742 559 775 598 ex
797 542 947 598 altitudinis

145 646 247 696 nostrae
261 640 367 710 rapina,
385 640 408 694 si
423 639 491 696 lorte
506 640 603 712 aliquis
627 649 747 696 nostrum
770 641 823 695 hoc
849 640 946 695 morbo

147 727 262 794 laborat,
279 727 395 783 lratibus
411 729 569 784 scandalum
584 743 639 784 non
661 744 837 801 generemus,
859 728 945 783 vitare

145 816 304 886 debeamus,
321 816 429 872 Domini
445 818 578 872 sententia
592 817 757 873 demonstrat
773 816 887 872 dicentis
910 816 945 871 ad

145 904 264 973 Petrum,
280 912 308 960 ut
323 905 433 961 vitando
449 906 607 961 scandalum
631 904 804 977 exigentibus
832 920 944 960 censum

144 1007 194 1062 pro
209 1008 243 1048 eo
257 1000 283 1048 et
297 1009 347 1063 pro
362 993 493 1059 sedaret,
510 1009 592 1064 quem
604 1008 659 1047 non
678 992 822 1047 debebant.

178 1081 297 1136 Xllllll.
317 1081 351 1136 Et
363 1081 489 1152 quoniam
505 1081 568 1135 anni
578 1080 691 1153 triginta
707 1080 856 1136 secundum
866 1080 943 1153 leges

142 1169 276 1240 publicas,
293 1177 321 1224 ut
335 1178 427 1224 notum
440 1177 489 1235 est,
506 1177 532 1223 et
556 1169 632 1238 juxta
660 1168 880 1224 constitutionem
894 1183 942 1225 ec·

143 1256 333 1321 clesiasticam,
349 1266 377 1311 ut
391 1257 561 1313 demonstrat
575 1256 703 1312 Gelasius
717 1271 799 1327 papa,
809 1257 942 1312 humanas

143 1345 267 1400 adimunt
282 1345 449 1416 questiones,
467 1353 492 1400 et
507 1345 657 1400 iustiniana
676 1345 748 1417 lege,
772 1360 805 1400 ac
833 1345 941 1400 decreto

998 468 1049 523 per
1062 452 1193 508 mundum
1210 452 1294 521 saevit,
1313 450 1561 524 gentesinsurgunt
1576 451 1716 522 gentibus,
1731 461 1806 508 terra

1000 541 1162 607 concutitur,
1188 540 1263 595 orbis
1288 556 1349 594 cum
1378 539 1549 595 habitoribus
1575 540 1634 594 suis
1661 549 1736 596 terra
1751 541 1802 598 de-

999 628 1120 684 hiscente
1136 629 1268 694 sorbetur,
1292 627 1384 683 omnia
1408 627 1480 682 enirn
1496 643 1557 698 quae
1580 628 1715 698 praedicta
1740 638 1802 685 sunt

997 713 1073 771 stunt.
1090 717 1147 772 Rex
1170 716 1306 787 superbire
1328 731 1412 787 prope
1429 724 1480 786 est,
1505 723 1531 769 et
1556 716 1631 787 quod
1660 717 1801 773 diciuelas

997 812 1047 868 est,
1064 804 1234 859 sacerdotum
1249 812 1289 859 est
1304 811 1473 874 praeparatus
1488 804 1635 871 exercitus,
1651 804 1715 876 quia
1738 821 1799 861 cer·

995 891 1047 947 vici
1063 892 1182 946 militant
1196 891 1329 959 elationis,
1345 892 1391 964 qui
1405 906 1439 947 sc
1453 893 1507 947 hoc
1526 892 1608 963 positi
1636 890 1756 961 inerant,
1772 902 1800 949 ιιι

995 980 1122 1035 ducatum
1136 980 1290 1051 preberent
1300 980 1527 1035 humilitatis.Sed
1538 981 1588 1037 hac
1599 980 1627 1035 in
1638 998 1682 1047 re,
1693 983 1798 1037 etiamsi

995 1076 1089 1123 nostra
1103 1067 1195 1140 lingua
1210 1067 1320 1123 minime
1335 1067 1512 1134 contradicat,
1528 1068 1591 1123 illus
1613 1068 1700 1124 virtus
1729 1086 1796 1126 con-

994 1163 1035 1210 tra
1064 1155 1207 1210 elationem
1231 1156 1259 1210 in
1283 1155 1413 1212 ultionem
1440 1156 1562 1228 erigitur,
1592 1156 1638 1228 qui
1663 1158 1797 1229 superbie

991 1243 1057 1298 vitio
1071 1259 1122 1315 per
1146 1244 1321 1314 semetipsum
1345 1244 1498 1315 specialiter
1525 1245 1699 1300 adversatur.
1730 1247 1796 1304 ilinc

993 1331 1066 1385 enim
1075 1331 1205 1403 scriptum
1216 1339 1258 1387 est
1274 1333 1363 1388 :Deus
1373 1334 1625 1404 saperbisresistit,
1638 1334 1794 1392 tramitibus

143 1433 216 1488 beati
232 1433 360 1504 Gregorii
375 1449 408 1488 ex
423 1432 518 1489 eadem
533 1433 596 1506 lege
619 1433 801 1505 promulgato,
831 1433 942 1504 negotia
992 1433 1089 1484 uatem
1104 1429 1153 1484 dot
1167 1432 1291 1501 pretium
1306 1430 1315 1501 (
1331 1432 1389 1486 too.
1399 1446 1436 1499 tv,
1444 1432 1483 1501 6).
1493 1430 1562 1486 Hinc
1570 1447 1664 1486 rursus
1671 1432 1769 1488 dicitur
1785 1452 1792 1487 ε

141 1522 211 1577 inter
225 1521 395 1577 venerabiles
411 1522 560 1587 Ecclesiae,
578 1536 610 1578 ac
625 1522 799 1589 nrcnasteria,
826 1522 941 1594 locaque
991 1517 1148 1572 Immundus
1164 1518 1283 1588 estapud
1299 1519 1385 1573 Deum
1400 1519 1446 1590 qui
1460 1519 1558 1574 exaltat
1573 1535 1639 1587 cors
1657 1520 1722 1577 binc
1732 1536 1793 1579 con·

142 1609 273 1681 religiosa
287 1611 350 1664 anni
366 1610 546 1683 quadraginta
562 1609 753 1679 determinant,
770 1610 793 1664 si
808 1611 940 1681 supersti-
991 1612 1031 1659 tra
1046 1605 1249 1676 superbientem
1264 1606 1400 1661 hominem
1416 1607 1602 1678 scriptumest
1618 1626 1625 1662 :
1644 1608 1718 1676 Quid
1746 1626 1791 1664 su-

140 1696 226 1754 tiosus
240 1698 376 1769 appetitus
390 1698 557 1754 excellentiae
571 1698 712 1754 avidarum
732 1698 863 1753 mentium
887 1714 976 1780 ¹¹⁰·ss
992 1693 1095 1763 perbis,
1106 1694 1288 1750 terraetcinis
1299 1696 1395 1764 (Eroti.
1405 1695 1458 1766 st?
1473 1695 1542 1752 Hinc
1551 1712 1601 1767 per
1619 1696 1792 1768 semetipsam

142 1794 260 1841 strarum
279 1785 377 1841 suffero
407 1786 518 1852 valeret,
543 1803 597 1841 non
626 1785 720 1841 sedem
749 1786 937 1857 apostolicam,
992 1781 1789 1855 Veritasdicit:Omnisqniseeaultothumiliabitarttnc.

142 1874 185 1929 vel
196 1890 277 1930 aures
292 1873 456 1945 imperiales,
474 1875 531 1928 sine
546 1874 600 1929 ulta
615 1890 686 1930 nova
698 1877 872 1941 necessitate,
889 1890 939 1946 pro
989 1885 1048 1936 xrv,
1067 1870 1121 1940 ιι).
1139 1869 1207 1938 Quae
1221 1879 1249 1925 ut
1263 1886 1313 1925 nos
1328 1870 1362 1926 ad
1377 1871 1450 1926 viam
1464 1872 1526 1927 vitas²
1549 1889 1598 1943 per
1612 1874 1790 1930 humilitatem

141 1962 194 2018 hoc
208 1962 328 2018 indebito
343 1961 488 2033 supercilio
503 1962 675 2034 inquietaret,
699 1979 760 2017 cum
790 1962 867 2034 quies
881 1964 939 2034 epi·
989 1958 1139 2023 reduceret,
1155 1958 1183 2012 in
1199 1959 1345 2029 semetipsa
1357 1959 1470 2032 dignata
1484 1968 1525 2015 est
1539 1961 1612 2032 quod
1628 1977 1680 2017 nos
1695 1963 1791 2018 admo-

142 2066 287 2121 scoporum
307 2050 509 2122 cisalpinarum
531 2051 742 2122 provinciarum,
767 2051 826 2106 sine
858 2052 938 2120 hujus
988 2046 1546 2112 netdemonstrarc,dicenszllisciteomo
1560 2050 1628 2121 qnia
1638 2053 1720 2106 mitis
1730 2068 1790 2107 sam

140 2138 334 2211 inquietudinis
349 2139 479 2196 scandalo
494 2148 574 2211 atque
597 2140 751 2210 dispendio,
776 2147 837 2211 post
864 2148 938 2195 tanta
988 2138 1016 2188 et
1027 2135 1143 2189 transitis
1154 2135 1234 2190 corde
1245 2136 1353 2203 (llotttt.
1370 2151 1409 2200 ιιι,
1426 2137 1482 2207 29).
1499 2136 1694 2208 Numquidnam
1702 2147 1790 2196 mente

140 2235 260 2298 tempora
275 2227 513 2283 mancrcvaleret,
530 2228 559 2283 Si
586 2228 658 2282 enim
687 2228 786 2298 quique
814 2236 937 2282 nostrum
988 2222 1096 2288 excidit,
1121 2221 1193 2294 quod
1218 2222 1324 2277 Veritas
1347 2223 1439 2279 dicit:
1472 2226 1524 2292 Qui
1551 2226 1789 2284 scandalizaverit

140 2314 264 2387 regulam
275 2315 437 2386 pastoralem
452 2316 525 2370 beati
540 2315 665 2386 Gregorii
679 2315 756 2386 sequi
774 2331 824 2386 per
847 2315 937 2369 omnia
987 2325 1078 2365 tetam
1088 2310 1231 2382 depositis
1240 2312 1583 2383 istisqaiinrnecrcdnnt,
1594 2315 1789 2386 expediteiat

138 2409 167 2458 ut
181 2401 364 2458 debueramus
377 2403 577 2472 maluissemus,
595 2411 681 2459 metas
691 2411 791 2458 nostrae
801 2419 937 2459 mensurae
987 2399 1177 2469 suspendatur
1191 2399 1266 2454 noto
1280 2400 1409 2455 usirtoric
1423 2401 1454 2455 in
1468 2402 1539 2457 cotto
1553 2404 1664 2474 ejas,et
1676 2404 1786 2461 demer-

139 2507 311 2563 nequaquam
338 2492 602 2559 transcenderemus,
619 2499 645 2546 et
659 2491 732 2562 quod
749 2493 936 2562 cujuscunque
986 2490 1071 2557 potor
1084 2487 1115 2541 in
1125 2487 1300 2558 profundum
1311 2488 1518 2559 moridblatttr.
1528 2491 1741 2561 xv11,6)?Quod
1748 2502 1787 2548 ts-

138 2579 297 2636 nostrarium
321 2580 416 2636 civitas
443 2596 562 2652 unquam
588 2595 643 2635 non
669 2580 777 2647 meruit,
808 2587 935 2651 appetere
986 2590 1049 2628 men
1057 2574 1262 2630 siconsiderare
1271 2576 1446 2648 negligimus,
1454 2585 1548 2633 contra
1561 2585 1642 2635 tantae
1661 2581 1786 2637 elationis

137 2668 330 2724 devitaremus.
351 2668 460 2724 Timere
484 2668 583 2740 quippe
610 2684 641 2723 ac
666 2683 763 2724 cavere
792 2667 932 2737 debemus,
986 2669 1120 2717 tumorem
1132 2663 1234 2731 judicia
1249 2680 1367 2734 superna
1382 2664 1541 2738 vigilabunt.
1561 2687 1573 2717 s

137 2773 197 2827 quae
211 2757 313 2827 passim
321 2757 416 2811 beatus
424 2757 572 2829 Gregorius
580 2755 607 2809 in
618 2756 732 2826 epistola
748 2755 782 2810 ad
802 2755 935 2812 loannem
1020 2750 1150 2806 XXXIII·
1162 2751 1209 2806 His
1218 2751 1254 2805 ite
1265 2768 1294 2806 se
1304 2751 1475 2821 habentibus
1487 2755 1560 2826 quia,
1572 2763 1601 2810 ut
1611 2764 1723 2812 sanctas
1732 2758 1786 2813 Leo

137 2840 463 2911 Constantinopolitanum
490 2840 649 2911 episcopum
677 2839 763 2895 Roma
772 2840 891 2911 scripsit,
908 2850 934 2896 et
985 2838 1049 2893 dicit
1063 2838 1156 2910 (epist.
1173 2840 1229 2909 56),
1246 2840 1354 2911 quoties
1368 2841 1402 2896 ob
1417 2851 1593 2899 occurrentes
1607 2859 1708 2900 causas
1734 2863 1784 2917 ge·

135 2928 282 2998 unicuique
296 2937 419 2983 nostrum
435 2928 533 2983 altiora
547 2945 577 2983 se
592 2928 724 3000 quaerenti
740 2928 774 2985 de
789 2929 859 2984 coelo
869 2928 935 2984 dicit
984 2925 1085 2981 neralis
1100 2928 1278 2999 congregatio
1292 2927 1362 2985 lacta
1378 2928 1459 2985 luerit
1473 2932 1657 3000 sacerdotum,
1673 2932 1784 2990 difficile

134 3014 193 3085 (lib.
211 3030 240 3082 ιι,
258 3017 340 3086 epist.
357 3015 402 3085 38)
419 3033 426 3069 :
446 3038 457 3066 ι
472 3015 622 3087 Perpende,
633 3016 767 3087 inquiens,
780 3031 858 3088 rogo,
869 3016 933 3086 quia
983 3021 1026 3069 est
1040 3022 1068 3067 ut
1083 3014 1215 3084 cupiditas
1230 3015 1412 3086 improbemur
1426 3034 1482 3073 non
1496 3018 1598 3091 aliquid
1613 3035 1783 3092 supramen-

132 3101 160 3157 in
176 3103 227 3158 hac
242 3104 453 3174 praesumptione
468 3103 613 3158 temeraria
629 3118 682 3174 pax
704 3104 784 3159 totius
806 3104 929 3160 turbatur
981 3118 1072 3156 suram
1088 3103 1214 3158 moliatur
1228 3113 1367 3174 appetere,
1384 3106 1454 3162 sicut
1470 3122 1542 3178 sape
1557 3116 1584 3163 et
1595 3109 1784 3165 etiaminuni-

131 3191 273 3260 Ecclesiae,
290 3200 315 3247 ει
330 3192 425 3265 gratiae
438 3191 631 3248 contradicitur
645 3192 826 3247 communiter
840 3192 928 3248 omni·
976 3190 1129 3246 versalibus
1143 3192 1254 3263 synodis
1270 3193 1386 3265 legimus
1400 3195 1545 3264 accidisse,
1562 3196 1586 3250 si
1601 3197 1666 3268 quid
1687 3199 1715 3253 in
1730 3200 1782 3256 hoc

131 3278 182 3333 bus
197 3277 302 3335 effusae.
322 3281 352 3335 In
367 3296 419 3351 qua
447 3279 574 3334 nimirum
597 3279 655 3351 ipse
679 3288 783 3335 tantum
805 3296 927 3337 crescere
976 3277 1135 3333 humilitatis
1148 3288 1249 3336 nostrae
1263 3290 1407 3348 conventu,
1431 3282 1546 3338 duorum
1561 3285 1605 3341 vel
1630 3286 1716 3342 trium
1739 3286 1780 3342 ia-

24 3367 30 3373 ’
128 3367 240 3439 poteris,
258 3376 387 3440 quantum
402 3385 486 3439 penes
493 3369 664 3439 temetipsum
675 3367 832 3424 decreveris
848 3377 927 3425 :tan-
975 3381 1051 3436 vore,
1066 3382 1099 3422 sc
1113 3383 1261 3437 paucomm
1276 3369 1392 3436 silentio,
1411 3369 1483 3425 lustu
1506 3371 1657 3442 imperialis
1684 3383 1781 3446 poten-

127 3461 209 3527 toque
224 3457 311 3526 major
324 3455 449 3523 efficeris,
469 3464 570 3529 quanto
585 3466 610 3513 ιε
632 3472 649 3513 a
672 3457 780 3527 superbi
801 3465 828 3512 et
852 3458 926 3513 stulti
975 3454 1028 3521 tiae,
1047 3463 1140 3511 contra
1156 3458 1338 3528 suprascripta
1352 3474 1491 3514 sacrorum
1506 3476 1641 3516 canonum
1656 3470 1684 3518 et
1712 3479 1780 3535 apo·

126 3545 254 3600 vocabuli
281 3546 455 3617 usurpatione
478 3546 631 3618 restringis,
656 3555 737 3617 atque
766 3547 793 3599 in
822 3554 924 3601 tantum
974 3542 1076 3599 stolicae
1093 3544 1166 3599 sedis
1181 3544 1339 3615 pontificum
1363 3546 1475 3602 decreta
1498 3565 1530 3603 ex
1559 3549 1664 3605 eisdem
1693 3552 1780 3608 sacris

125 3631 236 3702 proficis
251 3633 278 3688 in
294 3642 425 3705 quantum
441 3634 489 3688 tibi
516 3650 571 3689 non
600 3633 735 3689 studueris
764 3634 924 3707 derogando
973 3632 1122 3687 canonibus
1137 3633 1317 3706 promulgata,
1334 3643 1481 3708 contraque
1499 3637 1615 3710 singulis
1639 3648 1778 3711 metropo-

124 3719 254 3775 lratribus
268 3737 405 3792 arrogare.
423 3720 500 3790 Quis,
517 3738 594 3793 rogo,
613 3723 640 3775 in
653 3722 705 3777 hoc
719 3730 775 3776 tam
789 3739 921 3792 perverso
970 3719 1060 3774 litanis
1075 3721 1185 3792 antiqua
1199 3722 1356 3794 privilegia,
1369 3724 1453 3778 etiarn
1470 3733 1496 3780 et
1510 3742 1561 3795 per
1575 3742 1670 3782 sacras
1689 3728 1776 3802 leges,

123 3808 266 3875 vocabulo,
278 3809 331 3863 nisi
345 3808 390 3862 ille
406 3809 441 3862 ad
455 3809 613 3863 imitandum
629 3810 797 3879 proponitur,
816 3810 861 3881 qui
874 3811 922 3866 de·
972 3808 1073 3878 quibus
1088 3824 1142 3863 una
1158 3827 1219 3865 curn
1233 3812 1399 3866 venerandis
1414 3813 1563 3869 canonibus
1578 3824 1674 3871 sancta
1685 3818 1780 3872 orode-

122 3895 223 3965 spectis
238 3895 396 3967 angelorum
411 3896 565 3968 legionibus
581 3912 673 3952 secum
689 3898 824 3953 socialiter
853 3914 920 3954 con·
971 3903 1045 3950 ratur
1058 3897 1192 3965 Ecclesia,
1210 3900 1408 3967 conservanda,
1425 3900 1568 3958 immaturo
1582 3911 1663 3975 atque
1682 3905 1776 3961 incon·

122 3982 231 4053 stitutis,
247 3984 282 4038 ad
296 3985 403 4039 culmen
417 3993 528 4039 conatus
544 3994 585 4039 est
606 3985 799 4057 singularitatis
828 4003 920 4042 erum·
970 3984 1088 4039 siderate
1109 3986 1187 4054 jussu
1212 3995 1253 4041 est
1281 3987 1515 4058 superinductum,
1545 3990 1602 4047 sive
1631 3993 1775 4062 sancitum,

120 4087 196 4142 pere,
213 4079 239 4125 nt
255 4079 281 4126 et
295 4071 362 4126 nulli
377 4073 501 4137 subesse,
518 4081 544 4128 et
560 4073 635 4129 solus
650 4075 775 4130 omnibus
800 4092 920 4145 praeesse
968 4072 1130 4142 probibente
1145 4074 1271 4143 Domin0,
1290 4084 1387 4131 utnon
1411 4078 1547 4147 plantetur
1572 4096 1671 4135 nemus
1696 4097 1776 4137 secus

119 4158 278 4214 videretur?
292 4158 343 4229 Qui
359 4160 440 4216 etiam
455 4161 522 4216 dixit
537 4179 545 4216 z
561 4163 593 4216 ln
608 4165 709 4219 crolum
719 4165 916 4230 conscendam,
968 4161 1195 4230 templumsnum,
1205 4163 1232 4216 id
1242 4171 1284 4218 est
1295 4180 1329 4219 ne
1347 4165 1532 4233 obumbretur,
1552 4175 1578 4223 et
1604 4168 1776 4225 decoloretur

118 4263 205 4319 sapor
218 4252 296 4304 ostro
312 4250 375 4305 coeti
389 4251 520 4307 exultabo
534 4252 637 4307 sotium
652 4269 767 4307 meunt:
782 4253 876 4308 sedebo
887 4255 918 4308 in
968 4255 1031 4319 typo
1047 4249 1145 4304 terreni
1162 4250 1331 4322 principatus
1347 4252 1489 4309 sinceritas
1505 4264 1532 4310 et
1547 4254 1639 4328 fulgor
1662 4258 1773 4313 humili-

118 4339 917 4412 montetestamenti,intuteritusdqailonis.decendunt
967 4337 1029 4391 tatis
1053 4338 1255 4408 ecclesiasticae,
1276 4340 1351 4408 juxta
1370 4341 1480 4397 decreta
1508 4343 1631 4416 mysticae
1653 4346 1774 4403 Nieaenae

117 4441 204 4496 saper
216 4427 402 4482 altitudinem
412 4428 918 4500 nubium,similiserodttissimotlso.
935 4421 1081 4495 DsyssOdb
1098 4443 1152 4497 quo
1166 4427 1264 4482 dicitur
1280 4445 1286 4482 :
1305 4450 1315 4479 t
1334 4428 1361 4485 Si
1376 4430 1430 4485 duo
1444 4439 1490 4486 ³112
1504 4439 1558 4487 tres
1573 4441 1689 4504 propter
1710 4451 1775 4491 ιου-

117 4527 180 4578 ιιιιι,
199 4514 256 4584 tl).
277 4511 349 4582 Quid
364 4515 437 4570 enim
452 4513 550 4570 tratres
564 4517 612 4582 tui,
639 4533 734 4573 omnes
760 4518 919 4574 universalis
969 4514 1103 4570 tentiones
1117 4516 1245 4586 proprias
1266 4518 1464 4584 contradicunt,
1491 4520 1611 4576 obtineat
1638 4524 1773 4579 sententia

116 4601 249 4658 Ecclesiae
264 4602 396 4674 episcopi,
413 4602 464 4657 uisi
479 4612 552 4658 astra
568 4604 630 4659 cccli
645 4613 707 4660 sunt
717 4606 731 4660 ‘t
742 4606 920 4676 quorumvita
968 4601 1156 4673 plurimorum,
1176 4604 1339 4677 spretisque,
1356 4614 1384 4661 ut
1399 4606 1526 4675 diximus,
1544 4609 1569 4663 si
1583 4609 1638 4665 duo
1658 4611 1702 4667 vel
1718 4620 1773 4668 tres

116 4688 196 4745 simul
211 4698 238 4745 ει
249 4690 351 4764 lingua,
368 4691 439 4745 inter
452 4700 565 4762 peccata
580 4708 745 4764 erroresque
767 4694 917 4763 hominum,

118 4777 197 4848 quasi
211 4777 382 4835 intersectis
397 4781 525 4836 tenebras
539 4780 640 4836 lucent.
657 4779 762 4850 Quibus
781 4782 845 4836 dtrm
867 4797 918 4838 cu-

116 4864 160 4936 pis
170 4865 342 4935 temetipsum
352 4869 484 4925 vocabulo
494 4869 620 4925 elationis
629 4884 799 4940 praeponere,
810 4887 918 4926 eorum-

120 4968 173 5023 que
189 4968 289 5007 ncmen
303 4956 340 5010 tui
356 4958 558 5028 comparatione
574 4958 690 5023 calcare,
710 4958 774 5029 quid
789 4958 863 5014 aliud
877 4959 918 5014 di·

119 5041 917 5118 ciS,nisiincortnrnconscendo-tn,srtperostroccelieeal-

120 5132 182 5188 tabo
197 5132 300 5188 sotium
314 5147 408 5186 mcum
419 5138 430 5187 ι
443 5137 485 5189 dn
501 5151 555 5191 non
564 5135 683 5191 universi
693 5135 815 5208 episcopi
831 5136 918 5192 nubes

120 5228 193 5286 sunt,
209 5220 256 5292 qui
270 5227 296 5275 et
310 5219 399 5275 verbis
413 5222 614 5291 praedicationis
628 5224 731 5295 pluunt,
748 5232 774 5280 ει
784 5225 917 5281 bonorum

968 4699 1080 4762 propter
1093 4693 1302 4749 assentationem
1316 4694 1386 4750 torte
1401 4712 1456 4750 non
1479 4697 1573 4765 corde,
1599 4699 1648 4754 sed
1676 4701 1772 4770 verbo,

968 4779 1011 4834 vel
1026 4780 1133 4835 silentio
1148 4791 1382 4852 conspiraverunt,
1401 4786 1567 4857 generalitas
1586 4795 1680 4843 nostra
1713 4789 1771 4845 Deo

969 4876 1078 4923 auctore
1092 4885 1146 4923 non
1157 4870 1260 4940 annuit,
1278 4872 1326 4926 sed
1341 4873 1424 4928 corde
1438 4889 1470 4929 ac
1496 4876 1702 4932 contradicente
1725 4893 1771 4933 ore

968 4957 1187 5012 constantissime
1206 4959 1308 5026 abnuit,
1326 4968 1352 5014 et
1368 4962 1502 5017 sententia
1521 4963 1701 5034 plurimorum
1723 4966 1771 5022 de-

968 5043 1053 5099 bitum
1066 5045 1150 5100 robur
1163 5053 1244 5117 atque
1257 5047 1381 5120 vigorem
1395 5050 1518 5116 obtinuit,
1535 5052 1649 5119 obtinet,
1673 5069 1705 5111 ac
1719 5055 1770 5109 ad-

964 5132 1076 5201 juvante
1096 5134 1214 5190 Domino
1229 5137 1363 5207 perpetim
1379 5137 1522 5194 obtinebit.
1542 5161 1553 5189 ι
1571 5139 1653 5210 Quia,
1669 5149 1698 5197 ut
1710 5159 1771 5198 me·

967 5228 1084 5276 moratus
1112 5230 1221 5278 sanctus
1250 5224 1304 5280 Leo
1332 5226 1368 5280 ad
1400 5227 1546 5283 Maximum
1570 5229 1770 5287 Antiochenam

119 5322 233 5377 operum
249 5308 309 5364 luce
319 5317 464 5364 coruscant
474 5309 487 5363 t
496 5310 571 5378 Quos
581 5312 646 5368 dum
659 5322 749 5370 vestra
759 5312 916 5369 iraternitas
967 5308 1124 5380 episcopum
1138 5312 1246 5382 scripsit
1260 5312 1353 5386 (epist.
1367 5314 1412 5385 66)
1428 5333 1435 5369 τ
1449 5337 1460 5366 ι
1479 5316 1506 5373 Si
1522 5317 1586 5388 quid
1602 5333 1618 5373 a
1632 5336 1770 5392 quoquam

120 5394 274 5466 despiciens
288 5398 339 5452 sub
355 5413 385 5454 se
398 5414 524 5470 premere
537 5409 656 5468 conatur,
674 5401 738 5474 quid
752 5402 826 5458 aliud
841 5403 914 5474 dicit,
967 5405 1063 5453 contre
1086 5398 1259 5455 Nicaenorum
1277 5417 1412 5458 canonum
1436 5412 1535 5461 statuta
1558 5405 1587 5460 in
1607 5424 1768 5481 quacunque

80 5529 85 5538 .
120 5481 174 5540 nisi
187 5483 239 5540 hoc
255 5486 328 5557 quod
340 5486 374 5542 ab
390 5487 500 5561 antiquo
527 5487 607 5545 hoste
623 5489 722 5548 dicitur
737 5509 743 5545 z
760 5492 917 5551 decendunt
967 5495 1072 5568 synodo
1086 5496 1130 5554 vel
1146 5505 1277 5554 tentatum
1292 5509 1343 5569 est,
1360 5501 1404 5558 vel
1417 5502 1452 5558 ad
1466 5510 1572 5576 tempus
1587 5504 1696 5564 videtur
1719 5524 1768 5565 ex-
