3826 6098
123 194 177 272 355
569 192 740 249 HINCMARI
758 185 959 248 RHEDIENSIS
973 190 1249 249 anctrturtscorl.
1727 197 1781 252 356

125 318 283 392 qualitatem
315 332 512 389 personarum,
544 317 735 374 necessilatem
759 333 870 383 rerum,
896 316 958 379 οιΑ
976 315 1078 372 tionem
1090 325 1215 386 aetatum,
1232 325 1280 373 aut
1293 333 1343 390 pro
1358 319 1519 375 necessitate
1541 335 1632 376 rerum
1656 328 1782 392 oporteat

125 407 355 478 opportunitatem
382 416 545 478 temporum.
579 406 656 462 Unde
681 414 706 461 et
728 405 874 461 dnacletus
898 408 925 463 in
975 407 1137 476 temperari,
1154 407 1198 462 illa
1214 423 1323 478 semper
1337 407 1492 463 conditione
1507 416 1633 476 serrata,
1650 416 1680 464 ot
1693 409 1723 464 in
1737 408 1781 465 his

126 494 240 567 epistola
258 495 291 549 ad
313 494 454 551 universos
470 493 613 567 episcopos
626 493 655 548 in
674 494 750 549 ltalia
766 496 926 554 constitutos
977 511 1038 566 quae
1052 495 1095 549 vel
1110 494 1190 549 dubia
1206 495 1305 551 luerint
1320 496 1364 551 vel
1378 496 1507 565 obscura,
1522 497 1549 552 id
1565 497 1722 554 noverimus
1731 515 1778 554 se-

125 585 191 641 dicit
204 584 301 656 (epist.
317 584 345 653 a)
363 601 369 636 τ
387 583 571 653 Ejectionem,
597 582 732 655 inquiens,
759 600 926 641 summorum
977 583 1124 656 quendum,
1151 584 1223 656 quod
1246 601 1296 640 nec
1319 586 1464 656 praeceptis
1485 586 1653 659 evangelicis
1668 595 1779 642 contra·

125 674 300 730 sacerdotum
315 671 365 727 sibi
376 672 508 728 Dominus
518 671 677 738 reservavit,
692 672 754 728 licet
766 671 927 730 electionem
977 672 1063 739 rium,
1088 688 1139 729 nec
1163 671 1280 728 decretis
1304 681 1461 729 sanctorum
1484 674 1594 729 Petrum
1627 674 1781 731 inveniatur

126 779 223 820 eorum
245 761 325 817 bonis
348 760 536 817 sacerdotibus
558 769 585 816 et
609 760 796 832 spiritualibus
819 763 928 834 populis
977 759 1133 816 adversum.
1160 782 1171 811 ι
1205 759 1279 830 Quas
1301 761 1457 834 singillatim
1481 762 1604 835 singulas
1626 762 1732 819 formas
1754 771 1781 820 et

58 882 63 888 ·
125 850 323 916 concessisset;
343 871 354 900 a
371 867 404 904 er
420 865 475 921 quo
489 849 568 905 aliter
580 849 609 904 in
623 850 790 920 praecedenti
808 851 927 922 epistola
978 858 1087 906 sanctus
1111 849 1211 905 Paulus
1235 851 1402 906 demonstrat
1423 851 1457 905 ad
1481 850 1635 907 Corinthios
1660 852 1779 909 dicens:

126 941 284 1012 scripserat.
305 939 340 993 Et
355 938 560 994 Constantinum
575 937 764 1008 imperatorem
779 938 807 992 in
817 939 927 995 Nicaena
977 939 1031 994 lloc
1042 942 1138 994 autem
1149 940 1209 996 dico
1219 940 1375 995 secondom
1384 940 1603 1011 indulpectiom,
1614 957 1780 998 occaecan-

126 1030 232 1103 synodo
246 1028 297 1083 tale
321 1027 387 1099 quid
400 1026 503 1082 dixisse
517 1027 661 1098 Tripertite
675 1034 768 1082 narrat
783 1027 926 1084 Historia:
978 1028 1045 1083 darn
1060 1028 1212 1098 imperium
1228 1028 1253 1099 (l
1267 1029 1327 1085 Cor.
1345 1027 1406 1094 ιιι),
1422 1028 1582 1100 etreliqua.
1610 1030 1659 1085 llis
1682 1034 1780 1087 cutem

125 1120 187 1175 Non
202 1119 237 1174 ob
253 1118 281 1172 id
294 1125 387 1173 tamen
401 1116 505 1170 dimisit
520 1116 670 1171 decernere
680 1116 792 1172 Nicaena
806 1116 927 1188 synodus
978 1118 1026 1188 qui
1040 1117 1223 1172 matrimonio
1228 1118 1327 1188 juncti
1336 1121 1414 1185 sect,
1431 1118 1562 1187 precipio
1577 1135 1634 1174 noc
1650 1134 1713 1191 epo.
1732 1120 1779 1176 sed

126 1209 202 1280 (coc.
218 1206 265 1278 il):
279 1228 290 1257 a
304 1205 332 1261 Si
348 1204 418 1276 quis,
436 1203 532 1275 inquit,
549 1211 649 1275 praeter
663 1205 721 1260 hac
733 1203 837 1273 lecerit,
848 1206 927 1277 quasi
978 1206 1124 1272 Dominus,
1136 1222 1255 1260 exorem
1265 1222 1282 1261 o
1293 1206 1352 1261 viro
1366 1222 1424 1260 noo
1435 1205 1586 1274 discedere,
1600 1213 1626 1262 et
1638 1206 1782 1278 sequentia

126 1305 365 1367 contramagnum
381 1291 525 1348 concilium
541 1292 714 1360 caederem,
730 1292 928 1363 ipsedecleri·
978 1292 1079 1364 (ibid).
1096 1293 1131 1348 Et
1145 1293 1290 1349 concihum
1304 1291 1461 1349 Africanum
1484 1293 1512 1348 in
1534 1310 1589 1350 uno
1613 1294 1733 1366 capituto
1746 1295 1781 1352 de

126 1393 204 1444 catus
217 1384 322 1439 honore
337 1380 545 1452 periclitabitur.
568 1400 579 1430 r
596 1380 626 1435 ln
641 1395 695 1451 quo
710 1380 850 1437 decretum
865 1398 928 1438 cum
979 1380 1128 1437 Donatistis
1142 1381 1176 1435 ad
1194 1381 1284 1438 locum
1306 1381 1381 1454 (coc.
1398 1383 1444 1453 35)
1460 1400 1467 1436 :
1487 1403 1498 1432 r
1517 1381 1632 1453 Propter
1647 1383 1781 1440 Ecclesia

126 1474 201 1542 dicit,
217 1473 247 1528 Si
262 1472 333 1545 quis,
350 1469 485 1525 neminem
501 1477 556 1523 tam
570 1469 604 1524 de
618 1468 752 1540 superiori
767 1486 849 1541 quarn
859 1470 928 1527 inie-
978 1486 1073 1541 pacem
1088 1477 1115 1527 et
1129 1469 1285 1537 utilitatem,
1303 1477 1331 1524 ut
1345 1486 1379 1525 ex
1392 1469 1459 1542 ipsis
1474 1470 1640 1538 Donatistis,
1658 1471 1781 1543 quicum·

125 1561 191 1618 riori
205 1559 299 1616 ordine
314 1557 422 1630 excipit,
441 1557 512 1629 quod
528 1564 554 1612 et
569 1557 596 1611 in
610 1557 670 1612 aliis
685 1557 826 1614 evidenter
840 1566 929 1615 osten·
979 1575 1032 1630 que
1046 1558 1139 1615 clerici
1154 1567 1277 1615 correcto
1292 1558 1406 1614 consilio
1420 1559 1455 1616 ad
1471 1559 1631 1615 catholicam
1650 1560 1781 1617 unitatem

126 1652 179 1707 dit.
199 1649 254 1705 Sed
269 1647 383 1704 elidem
398 1645 608 1712 Constantinus,
625 1654 652 1701 et
666 1655 729 1718 post
743 1664 803 1703 eum
818 1648 864 1704 alii
879 1663 927 1704 or·
941 1679 968 1739 B
980 1648 1098 1703 transire
1112 1647 1255 1713 voluerint,
1268 1648 1417 1703 secundum
1431 1648 1645 1720 uniuscujusque
1658 1648 1781 1722 episcopi

126 1738 238 1796 tbodoxi
256 1738 444 1809 imperatores,
462 1734 539 1808 leges
552 1736 587 1790 de
601 1734 738 1806 episcopis
752 1736 928 1809 promulgare
978 1735 1104 1792 catholici
1117 1735 1285 1792 voluntatem
1300 1743 1380 1808 atque
1394 1736 1537 1792 consihum
1561 1737 1607 1810 qui
1629 1737 1657 1792 in
1680 1738 1780 1794 eodem

125 1826 269 1885 nonluere
284 1824 411 1882 cunctati.
435 1823 488 1880 Sed
503 1831 605 1895 etpost
620 1825 799 1892 Anocletum,
817 1826 928 1897 quidam
977 1825 1039 1882 loco
1062 1825 1194 1898 gubernat
1216 1825 1386 1892 Ecclesiam,
1412 1825 1436 1880 si
1460 1826 1512 1881 hoc
1534 1825 1594 1897 paci
1618 1825 1780 1884 christiane

28 1970 34 1981 .
126 1924 190 1976 ante
202 1915 344 1973 Nioaenum
359 1912 513 1980 concilium,
525 1912 610 1967 Julius
620 1921 711 1968 autern
725 1921 751 1968 et
765 1913 809 1968 alii
818 1914 929 1985 quidam
977 1912 1110 1986 prodesse
1125 1912 1214 1969 visum
1228 1913 1322 1982 luerit,
1338 1913 1367 1969 in
1381 1912 1437 1968 suis
1453 1913 1601 1970 honoribus
1624 1915 1779 1987 suscipian-

124 2014 188 2079 pcst
200 2003 340 2060 Nicenum
354 2000 519 2067 muchium,
533 2000 637 2070 judicia
652 2002 844 2073 episcoporum
867 2010 928 2058 ante
978 2010 1030 2072 tur,
1047 2003 1116 2058 sicut
1134 2010 1160 2057 et
1179 2002 1318 2074 prioribus
1341 2002 1463 2070 ejusdem
1487 2001 1628 2059 divisionis
1643 2003 1778 2075 tempori·

125 2093 314 2150 diffinitionem
335 2090 369 2146 ad
393 2089 487 2146 sedem
510 2088 689 2161 apostolicam
712 2089 811 2146 referri
835 2091 928 2161 jusse-
979 2091 1030 2147 bus
1043 2090 1144 2147 lactum
1158 2106 1219 2146 esse
1239 2089 1414 2146 manifestum
1430 2098 1471 2146 est
1487 2109 1494 2145 :
1510 2107 1566 2147 non
1579 2098 1609 2147 ut
1621 2091 1779 2164 concilium,

125 2191 201 2240 runt.
222 2179 397 2237 Innocentius
411 2194 485 2244 vero,
502 2185 529 2235 et
544 2192 719 2234 successores
733 2178 835 2250 ipsius,
851 2187 929 2250 post·
979 2179 1051 2251 quod
1065 2178 1093 2234 in
1106 2178 1296 2235 transmarinis
1310 2179 1433 2251 partibus
1451 2180 1486 2234 de
1500 2180 1552 2235 hnc
1566 2195 1596 2236 re
1610 2179 1714 2237 lactum
1729 2189 1779 2251 est,

96 2274 99 2280 '
126 2287 207 2344 quam
221 2286 237 2325 a
252 2268 339 2325 sacris
353 2266 485 2336 concihis,
510 2273 537 2322 et
559 2266 689 2323 Romanae
704 2267 777 2322 sedis
791 2265 928 2338 pontilici-
978 2267 1151 2334 dissolvatur,
1169 2268 1219 2323 sed
1240 2275 1269 2322 ut
1291 2267 1357 2323 illud
1375 2276 1484 2324 maneat
1504 2268 1660 2336 aimanos,
1677 2267 1780 2341 qnisic

127 2361 188 2426 bus,
203 2358 239 2414 de
253 2356 335 2415 certis
357 2353 484 2426 capitulis
507 2354 665 2425 expressius
684 2353 795 2411 luerunt
818 2355 930 2413 decreta
979 2357 1095 2412 transire
1109 2356 1143 2410 ad
1158 2355 1319 2413 catholicam
1333 2355 1442 2423 volunt,
1458 2355 1570 2411 utnulla
1584 2373 1635 2430 per
1651 2373 1700 2418 eos
1716 2357 1779 2414 uni·

123 2446 244 2519 judicia,
267 2446 302 2501 de
326 2443 415 2500 dubiis
437 2442 481 2500 vel
503 2442 628 2498 obscuris
650 2451 712 2499 ante
729 2443 878 2513 iudicitur,
894 2445 929 2501 de
978 2445 1040 2501 tatis
1054 2445 1241 2516 compensatio
1262 2453 1430 2516 procuretur,
1457 2466 1469 2495 a
1495 2453 1522 2500 et
1546 2445 1651 2518 reliqua
1665 2463 1728 2519 quae
1742 2445 1780 2504 ibi

126 2536 209 2594 certis
230 2544 320 2592 autem
343 2540 424 2604 atque
447 2531 564 2588 decretis
587 2531 726 2603 (qnoniam
750 2541 777 2588 et
797 2533 929 2590 ecclesia·
978 2533 1159 2608 prosequitur.
1191 2534 1294 2589 Sedet
1317 2534 1371 2589 Leo
1394 2541 1523 2606 utrasque
1546 2535 1595 2591 has
1618 2534 1722 2591 fortnas
1746 2534 1780 2592 de

127 2625 203 2683 sticae
217 2632 244 2680 et
257 2621 374 2696 publicae
389 2622 466 2694 leges
480 2620 636 2676 confessum
647 2620 690 2676 vel
706 2620 860 2677 convictum
870 2621 929 2678 sine
978 2638 1033 2678 una
1047 2624 1197 2694 eademque
1211 2637 1242 2677 re
1256 2622 1284 2676 iu
1298 2639 1352 2677 uno
1366 2622 1483 2693 capitulo
1504 2623 1621 2678 ostendit
1636 2623 1670 2678 ad
1684 2623 1780 2680 Rusti-

127 2714 255 2770 dilatione
269 2712 313 2768 vel
327 2709 520 2767 retractatione
532 2709 649 2778 judicari
671 2709 852 2782 precipiunt),
868 2717 931 2781 post
979 2727 1040 2769 cum
1054 2710 1260 2774 Narbonensem
1275 2711 1433 2783 episcopum
1447 2711 1541 2768 dicens
1556 2711 1637 2784 (epis.
1654 2714 1700 2779 95,
1716 2726 1779 2785 cap.

127 2802 283 2876 episcopale
290 2799 433 2871 judicium,
445 2797 596 2855 secundum
608 2798 787 2855 sardicenses
798 2814 928 2867 canones,
980 2802 1007 2872 l)
1024 2818 1031 2855 ε
1051 2822 1061 2852 ι
1078 2799 1170 2866 Nulla,
1185 2799 1287 2872 inquit,
1311 2799 1381 2855 ratio
1404 2799 1468 2854 sinit
1492 2807 1520 2854 ut
1543 2798 1613 2855 inter
1633 2799 1781 2872 episcopos

129 2893 182 2947 sub
197 2899 339 2964 gestorum
362 2886 551 2943 testificatione
574 2885 608 2941 ad
632 2888 728 2942 sedern
750 2888 929 2959 apostohcam
978 2888 1139 2956 habeantur,
1157 2888 1203 2960 qui
1216 2904 1268 2944 nec
1282 2904 1297 2943 a
1312 2887 1420 2944 clericis
1434 2895 1496 2944 sunt
1511 2888 1601 2956 electi,
1616 2903 1670 2945 nec
1683 2904 1702 2944 a
1715 2888 1778 2960 ple-

126 2980 223 3036 rclerri
243 2980 384 3048 jusserunt
407 2993 413 3030 :
439 2990 554 3046 quorum
568 2974 677 3031 decreta
691 2975 718 3030 in
733 2992 785 3031 usu
799 2975 929 3032 ecclesia·
980 2977 1060 3033 bibus
1083 2977 1209 3049 expetiti,
1234 2993 1285 3034 nec
1306 2992 1324 3032 a
1346 2976 1618 3050 comprovincialibus
1642 2975 1782 3049 episcopis

126 3069 196 3126 stico
218 3066 298 3123 etiarn
313 3073 465 3137 atempore
488 3064 623 3133 majorum
644 3071 800 3120 nostrorum
819 3081 928 3136 praeva-
942 3035 1041 3124 Ccum
1065 3065 1265 3137 metropohtani
1288 3065 1391 3135 judicio
1420 3065 1584 3122 consecrati.
1612 3064 1692 3122 Unde
1719 3081 1782 3122 cum

127 3158 212 3215 luisse
227 3154 420 3228 comperimus.
437 3153 539 3208 Verum
552 3160 580 3208 et
594 3161 623 3208 ut
637 3152 672 3208 de
685 3152 793 3227 legibus
811 3152 929 3225 publicis
976 3172 1051 3227 saepe
1066 3155 1179 3227 quaestio
1193 3155 1227 3209 de
1242 3154 1313 3210 male
1324 3162 1437 3226 accepto
1450 3155 1553 3211 bonore
1567 3161 1703 3223 nascatur,
1719 3153 1782 3228 quis

127 3247 253 3320 quedam
277 3250 339 3300 sunt
362 3241 510 3314 abrogata,
538 3242 664 3315 quaedam
684 3258 749 3298 vero
777 3241 927 3310 immutata,
977 3245 1099 3318 ambigat
1119 3258 1292 3315 nequaquam
1316 3243 1374 3298 istis
1404 3259 1465 3299 esse
1489 3243 1684 3311 tribuendum,
1706 3241 1781 3316 quod

126 3335 253 3411 quaedam
263 3334 344 3389 etiam
353 3331 550 3403 superadjecta,
562 3330 599 3386 ita
609 3330 786 3386 nihilominus
802 3331 928 3404 quaedntn
977 3349 1033 3389 nou
1047 3332 1161 3389 docetur
1174 3331 1259 3387 luisse
1283 3331 1434 3388 collatum?
1457 3332 1486 3387 Si
1507 3331 1553 3404 qui
1575 3339 1666 3389 autem
1684 3328 1781 3388 elerici

127 3426 238 3482 decreta
253 3422 448 3481 catholicorum
462 3436 513 3492 pro
527 3427 647 3491 tempore
669 3427 696 3475 et
718 3420 825 3476 ratione
847 3429 928 3492 atque
978 3423 1013 3478 ab
1036 3422 1095 3478 istis
1117 3420 1361 3494 pseudoepiscopis
1381 3420 1410 3476 in
1438 3419 1478 3476 eis
1501 3419 1633 3477 Ecclesiis
1662 3417 1782 3477 ordinati

125 3515 290 3583 necessitate
304 3511 431 3584 prolate,
448 3509 497 3565 sed
512 3516 607 3580 postea
622 3509 757 3582 abrogata
770 3509 816 3565 vel
829 3509 928 3565 immu-
979 3518 1051 3577 sunt,
1067 3526 1128 3583 quae
1142 3509 1179 3565 ad
1192 3509 1318 3582 proprios
1334 3508 1478 3582 episcopos
1492 3509 1675 3581 pertinebant,
1693 3515 1721 3564 et
1730 3523 1780 3565 or·

126 3607 183 3655 tata
198 3594 447 3668 lneruntzquodet
456 3593 630 3649 Innocentius
638 3594 807 3649 demonstrat
816 3593 926 3649 dicens:
978 3599 1081 3655 dinatio
1103 3615 1198 3654 eorum
1221 3614 1358 3654 consensu
1389 3606 1415 3652 et
1440 3595 1543 3666 judicio
1572 3595 1780 3669 praesidentium

127 3689 192 3744 «De
202 3687 257 3753 his,
270 3684 406 3757 inquiens,
415 3681 569 3738 Observabo
580 3682 655 3751 pfi⁰r
669 3680 926 3753 duri01'‚l)0⁵lsssi0s‚
978 3689 1048 3746 lacta
1063 3695 1113 3754 est,
1131 3694 1221 3759 potest
1234 3695 1295 3742 rata
1309 3687 1415 3756 haberi,
1432 3685 1470 3742 ita
1483 3693 1512 3741 ut
1526 3685 1555 3740 in
1566 3684 1634 3756 ipsis
1647 3684 1781 3742 Ecclesiie

126 3775 324 3833 interveniente
339 3769 536 3835 misericordia,
552 3769 705 3825 inclinatior
719 3777 770 3835 est,
789 3790 801 3819 »
819 3777 846 3824 et
859 3768 929 3825 reli·
978 3785 1174 3850 perseverent;
1198 3776 1278 3831 aliter
1295 3784 1385 3831 antem
1399 3790 1471 3831 vane
1485 3774 1609 3831 habenda
1624 3782 1666 3830 est
1677 3788 1780 3831 conse-

126 3881 193 3937 qua·
212 3864 248 3919 Et
262 3861 361 3917 Afrioae
375 3856 522 3931 pr0tin0iae
536 3872 654 3913 ⁰³110110⁸
669 3855 703 3911 de
718 3856 852 3914 t'elssfione
869 3858 928 3915 vir·
979 3867 1082 3933 oratio,
1109 3881 1169 3938 quae
1193 3881 1243 3920 nec
1262 3863 1322 3920 loco
1345 3864 1457 3943 lundata
1475 3871 1531 3933 est,
1549 3878 1600 3920 nec
1620 3863 1781 3919 auctoritate

126 3953 238 4028 giourn,
263 3957 291 4006 et
309 3946 448 4019 baptizatis
471 3946 591 4017 parvulis
616 3961 633 4001 a
655 3946 826 4018 Donatistis,
842 3956 869 4002 et
893 3948 928 4004 de
978 3956 1118 4012 munire,
1140 3956 1174 4010 Et
1195 3954 1260 4009 item
1284 3954 1320 4008 ad
1343 3954 1469 4010 eumdem
1493 3954 1521 4009 in
1545 3953 1641 4009 eadem
1664 3952 1781 4025 epistola

126 4039 308 4105 dimcesibus‚
331 4036 409 4091 aliter
427 4050 507 4107 quarn
533 4034 651 4106 primum
682 4033 820 4091 decretum
848 4034 929 4092 luerit
978 4045 1137 4118 (cap,10):
1157 4065 1167 4095 a
1182 4043 1212 4098 ln
1222 4042 1404 4098 adolescentia
1428 4037 1606 4109 constitutus,
1623 4041 1647 4096 si
1662 4049 1780 4114 urgente

126 4127 301 4184 diffinierunt.
318 4126 354 4180 Et
368 4130 479 4180 sanctus
495 4122 643 4179 Gelasius:
664 4124 804 4191 «Priscis,
830 4123 926 4197 inquit,
978 4143 1023 4190 aur
1043 4141 1117 4189 metu
1140 4131 1251 4201 mortis,
1277 4138 1323 4185 aut
1344 4130 1507 4202 captivitatis
1529 4129 1671 4201 periculo,
1687 4129 1779 4200 poenj.

125 4234 178 4292 1³¹⁰
193 4217 235 4273 ⁵1¹1
249 4214 403 4272 severentia
420 4212 594 4270 manentibus
618 4212 789 4281 ⁰0¹¹S¹i¹u²ist
806 4230 867 4284 quae
881 4213 928 4269 ubi
977 4223 1088 4278 tentiam
1102 4221 1172 4293 egit,
1190 4228 1216 4276 et
1231 4227 1325 4291 postea
1339 4219 1438 4275 timens
1453 4219 1560 4290 lapsum
1575 4217 1780 4274 incontinentiae

125 4308 202 4364 nulla
222 4305 265 4364 vel
289 4320 381 4361 rerum
404 4302 448 4360 tel
469 4311 620 4374 temporum
642 4310 773 4374 perure&
792 4301 927 4375 angustia,
974 4311 1101 4381 iuvenilis
1115 4309 1241 4381 copulam
1262 4308 1355 4363 uxoris
1371 4307 1466 4381 elegit,
1488 4324 1523 4362 ne
1542 4307 1644 4363 crimen
1658 4305 1780 4365 fornica-

125 4395 288 4471 regulorilet·
301 4393 427 4451 convenil
437 4391 578 4457 custoditi.
597 4412 608 4441 e
626 4399 652 4446 θῑ
666 4391 781 4463 reliqua·
798 4392 831 4447 El
842 4392 925 4447 Inno-
936 4395 964 4459 D
975 4400 1055 4457 tionis
1068 4400 1240 4464 incurreret,
1255 4413 1315 4452 rem
1334 4395 1440 4451 ridetur
1463 4395 1561 4452 fecisse
1586 4395 1740 4464 venialem,
1757 4395 1780 4450 si

125 4487 231 4544 centius
255 4485 336 4557 longe
358 4490 420 4538 ante
443 4480 478 4537 ad
502 4480 647 4553 episcopos
662 4480 825 4538 llacedoues
840 4497 925 4539 excu·
976 4498 1073 4562 praeter
1093 4489 1238 4560 conjugem
1251 4484 1473 4541 nrdlamomuino
1487 4484 1664 4557 cognoverit,
1681 4485 1711 4539 in
1726 4498 1780 4557 quo

125 4584 217 4631 santes
239 4574 273 4629 de
303 4570 473 4644 temporibus
504 4569 665 4626 necessitate
697 4570 771 4641 quod
801 4579 924 4645 egerant,
975 4586 1067 4634 tamen
1091 4594 1146 4634 non
1168 4575 1293 4648 regulam
1310 4573 1513 4641 constituimus,
1530 4590 1559 4630 se
1575 4573 1639 4646 quid
1655 4573 1691 4628 sit
1707 4573 1779 4629 tole·

125 4663 192 4720 dixit
207 4664 303 4734 (epist.
319 4663 365 4730 27)
383 4679 389 4716 :
408 4682 419 4712 ι
437 4661 512 4731 Ergo
523 4659 597 4730 quod
610 4657 762 4714 necessitas
776 4674 825 4729 pro
840 4675 926 4715 reme·
975 4667 1089 4723 rabilius
1111 4664 1288 4722 aestimamus.
1312 4664 1381 4718 Nam
1405 4662 1555 4718 secundum
1569 4677 1664 4719 veram
1679 4661 1780 4736 cogni·

125 4751 172 4808 dio
186 4751 295 4823 reperit,
312 4748 475 4806 necessitate
490 4756 615 4804 cessante
639 4746 720 4801 debet
743 4746 836 4818 utiquc
861 4762 925 4803 ces·
976 4757 1093 4826 tionem,
1119 4754 1186 4810 nihil
1206 4753 1294 4834 magis
1325 4752 1349 4808 ei
1378 4752 1501 4823 congruit
1522 4751 1569 4823 qui
1591 4751 1779 4822 paenitentiam

126 4856 186 4896 sare
201 4839 304 4911 pariter
317 4838 390 4910 quod
403 4838 519 4912 urgebat
534 4854 541 4891 ἱ
558 4836 621 4908 quia
634 4835 704 4890 alius
718 4843 760 4890 esi
774 4835 842 4891 0rd0
857 4835 926 4910 legi·
976 4846 1077 4918 gessit,
1094 4860 1175 4916 quarn
1188 4843 1299 4899 castitas
1319 4857 1501 4913 perseverans
1516 4847 1543 4896 et
1557 4840 1656 4896 mentis
1671 4848 1699 4896 et
1714 4856 1780 4896 cor·

125 4929 219 4995 limus,
236 4928 288 4982 ³11³
302 4927 443 4999 ¹¹⁵¹11'l)atio
458 4940 540 4999 ‘luam
556 4925 590 4979 ad
605 4940 728 4995 Pfaesesss
743 4923 803 4979 fieri
818 4932 925 4995 ‘empus
975 4934 1059 5006 poris.
1079 4954 1090 4984 i
1106 4934 1141 4988 Et
1154 4932 1182 4987 in
1197 4931 1312 5003 epistola
1326 4931 1360 4986 ad
1375 4931 1549 4986 Theodorum
1564 4928 1780 4998 ForojuHensem

125 5017 258 5090 impellit,
273 5025 300 5072 et
314 5016 444 5072 advertite
459 5015 532 5087 quod
545 5012 652 5085 utique,
669 5020 697 5067 ut
711 5012 811 5079 dicitis,
827 5029 926 5069 neces·
976 5023 1135 5095 episcopum
1159 5022 1241 5094 (epis.
1257 5021 1303 5091 59)
1323 5038 1329 5074 :
1348 5042 1358 5072 a
1377 5021 1411 5076 Ut
1423 5019 1451 5074 in
1467 5026 1590 5089 tempore
1604 5017 1780 5074 necessitatis

125 5107 193 5164 sitas
212 5105 373 5178 imperauit,
394 5104 421 5158 in
446 5119 514 5175 pace
532 5103 588 5171 jam
611 5099 751 5158 Ecclesias
766 5102 926 5157 constitutas
977 5120 1004 5168 er
1018 5112 1045 5166 in
1065 5110 1177 5182 periculi
1202 5109 1326 5182 urgentis
1347 5108 1491 5173 instantia,
1513 5106 1597 5162 nudis
1620 5106 1780 5177 presidium

125 5213 180 5253 non
194 5212 277 5269 posse
290 5193 536 5267 praesumere.rEt
551 5192 604 5246 Leo
619 5190 653 5244 ad
666 5189 807 5246 Rusticum
820 5189 926 5248 Narbo·
976 5199 1141 5273 poenitentia*
1163 5207 1189 5255 et
1219 5215 1281 5255 mox
1313 5197 1540 5254 reconciliationis
1569 5195 1780 5267 implorantibus

125 5302 239 5342 nensem
261 5284 421 5357 ellis<³⁰ll¹¹¹1¹
444 5281 537 5352 (ildit-
552 5283 603 5345 95,
619 5279 647 5334 5¹¹
661 5278 780 5352 Plffisibl
797 5296 804 5334 ἲ
823 5300 834 5330 e
853 5278 927 5335 55⁰OE
977 5290 1136 5362 denegetur,
1159 5289 1241 5343 etiarn
1257 5287 1280 5341 si
1296 5286 1398 5342 amisso
1421 5285 1496 5342 vocis
1517 5283 1605 5340 officio
1621 5299 1720 5354 caper
1735 5282 1779 5338 in-

126 5384 268 5455 quaedam,
293 5380 399 5453 inquit,
422 5385 483 5435 sunt
506 5393 568 5449 quae
588 5377 661 5433 nulla
683 5385 799 5449 possunt
820 5376 926 5433 ratione
976 5379 1046 5434 dicia
1060 5378 1161 5450 integri
1177 5374 1558 5447 sensusexpostulent;velsi
1572 5371 1781 5444 subpraesentia

126 5479 260 5550 conveni,
273 5479 312 5537 iia
326 5475 456 5536 nonnulla
470 5481 532 5532 sunt
548 5490 609 5546 quae
627 5482 674 5530 aut
694 5490 744 5547 pro
764 5474 925 5533 considere-
978 5467 1125 5526 sacerdotis
1141 5464 1295 5538 significare
1310 5480 1365 5520 non
1380 5463 1481 5530 ualent,
1493 5461 1648 5518 testimonia
1655 5458 1781 5519 fidebum
