3794 6104
167 233 216 289 tlt
613 225 785 284 emonam
802 224 1004 283 RHEMENSIS
1026 226 1303 285 ttcumptscoet.
1771 232 1822 287 bii

199 355 240 411 lta
262 354 297 410 de
317 351 449 427 ligatione
473 359 499 408 et
521 349 656 408 solutione
691 357 792 407 sancta
824 349 1005 411 catholicaeA
1016 350 1136 422 epistolae
1150 351 1189 407 illi
1204 352 1352 425 legendum
1364 351 1438 408 dedi.
1454 352 1485 407 ln
1498 350 1620 408 indiculo
1635 357 1728 408 autem
1743 368 1761 407 a
1775 370 1820 410 me

162 441 304 510 Ecclesiae,
322 449 348 497 et
363 441 519 512 apostolicae
534 439 607 496 sedis
622 437 769 510 pontilicis,
786 438 836 494 sed
855 445 882 493 et
904 438 968 492 sub·
1019 439 1143 509 collecto,
1161 448 1188 495 et
1209 440 1332 513 regibus,
1358 449 1384 497 et
1408 440 1544 513 episcopis
1565 441 1672 496 relecto
1693 447 1722 494 et
1745 441 1819 509 dato,

161 529 298 599 jactorum
312 529 364 584 sibi
387 529 578 600 episcopomm
604 543 637 582 er
660 526 784 596 ejusdem
811 525 969 597 apostolieae
1018 537 1147 599 quantum
1161 527 1195 584 de
1209 528 1270 599 ipsa
1284 528 1409 599 epistola,
1425 528 1474 585 sed
1489 537 1515 584 et
1530 529 1565 584 de
1580 527 1728 600 illaquam
1742 528 1821 584 dom-

165 617 239 675 sedis
253 617 377 674 doctrina
392 615 569 683 credendum,
586 622 612 670 et
638 613 795 680 tenendum,
818 621 899 686 atque
925 629 968 669 se·
1018 631 1069 671 nus
1079 615 1245 687 apostolicus
1253 615 1327 670 misit
1336 617 1550 687 (nibiliatorum
1560 617 1681 686 exstat),
1693 631 1822 672 necessa·

165 707 303 778 quendum
317 704 431 775 accepi:
448 711 475 759 et
504 703 542 757 ita
569 702 663 768 credo,
685 711 783 768 teneo,
816 709 842 757 et
857 717 966 773 sequor.
1017 702 1087 758 dum
1111 702 1304 758 admittendum
1326 703 1391 773 vidi,
1416 704 1487 772 misi,
1513 711 1540 759 et
1563 703 1712 774 exemplar
1737 702 1821 774 ipsius

163 795 200 850 Et
212 794 259 868 qui
274 793 352 850 aliter
366 792 400 847 de
415 807 459 847 me
474 791 545 845 dixit
559 797 641 862 atque
656 790 763 856 dixerit,
788 789 915 845 ostendet
938 803 968 845 se
1017 789 1128 846 indiculi
1142 791 1243 846 domno
1257 791 1407 862 apostolico
1422 807 1455 847 ex
1470 791 1585 863 epistola
1598 805 1664 847 mea
1679 791 1777 847 direxi.
1789 792 1822 846 Et

164 897 226 938 essa
240 879 408 945 malivolum,
424 887 451 933 et
464 894 508 933 me
522 877 639 948 probare
652 892 707 933 nou
721 876 822 949 poterit
835 891 891 931 non
906 891 968 931 ease
1017 876 1104 949 ipsam
1118 877 1260 949 epistolam
1274 879 1366 934 domni
1380 879 1531 950 apostolici,
1548 878 1599 935 sed
1624 887 1652 934 et
1677 893 1820 935 memora-

164 968 348 1026 catholicum:
365 974 501 1022 seautem
515 964 706 1036 comprobabit
723 964 887 1021 mendacem
910 963 967 1019 cri·
1017 973 1074 1020 tum
1087 966 1245 1033 indiculum,
1268 967 1318 1023 sed
1338 974 1364 1022 et
1385 966 1486 1038 scripta
1504 965 1590 1038 ipsius
1618 966 1713 1022 fratris
1735 967 1819 1023 Hinc-

164 1057 337 1122 miuatorem,
353 1063 380 1110 et
394 1070 450 1111 non
464 1052 586 1109 criminis
601 1068 663 1107 esse
676 1068 721 1108 me
736 1067 822 1107 reum.
840 1049 907 1120 Quae
921 1067 968 1106 au·
1017 1054 1096 1119 mari,
1113 1054 1157 1110 hio
1171 1053 1258 1110 habeo
1274 1069 1282 1109 t
1298 1054 1394 1126 quibus
1408 1053 1517 1125 probari
1531 1061 1623 1126 potest
1650 1069 1697 1110 me
1726 1070 1818 1111 uerum

160 1154 218 1201 tem
231 1145 298 1199 mihi
311 1142 442 1200 discenda
457 1148 529 1208 sunt,
552 1149 578 1196 et
593 1139 707 1195 libenter
721 1147 747 1195 et
757 1138 918 1195 obedienter
932 1138 968 1194 ab
1018 1141 1120 1211 dicere,
1137 1149 1164 1196 et
1177 1141 1254 1197 illum
1267 1157 1284 1197 a
1297 1157 1364 1198 vero
1378 1141 1498 1199 domare.

160 1233 233 1289 illins
247 1248 360 1289 aummae
375 1230 449 1286 sedis
465 1227 600 1285 catholica
624 1226 750 1282 doctrina
772 1235 883 1297 paratus
907 1243 967 1281 sum
1284 1246 1396 1304 (Ἄρῃ
1423 1247 1549 1303 χχγῃῐ,

163 1321 280 1390 discere,
297 1327 400 1386 tenere,
417 1324 444 1372 et
458 1314 550 1388 loqui;
577 1314 676 1385 quaein
690 1313 809 1385 primatu
830 1315 860 1368 Β.
883 1314 966 1381 Petri,
1021 1335 1096 1404 ΟΜ
1111 1351 1182 1392 mm
1205 1337 1355 1407 mmmmm
1391 1336 1721 1391 excommunicationem
1746 1352 1765 1392 tt
1790 1351 1819 1391 m

162 1409 207 1466 cni
220 1408 354 1466 Dominus
366 1405 441 1461 trina
455 1402 616 1475 repetitione
639 1403 793 1472 pascendas
816 1417 879 1457 suas
901 1417 967 1458 oves
1108 1408 1216 1476 sactum
1230 1407 1319 1461 accde
1335 1406 1489 1478 apostolice
1502 1406 1651 1478 probatam
1667 1407 1718 1461 iri.

161 1495 402 1564 commisculans.
419 1491 492 1562 xxa),
509 1499 536 1547 et
551 1498 580 1545 nt
595 1488 774 1546 confirmaret
789 1488 890 1546 iratres
900 1505 966 1545 suos
1053 1492 1153 1549 Scribit
1168 1492 1250 1548 etiam
1264 1493 1292 1548 in
1308 1492 1396 1548 rotula
1411 1508 1493 1565 quam
1506 1508 1555 1564 per
1569 1491 1739 1549 clarentium
1759 1508 1819 1564 prc-

162 1583 292 1658 praecepit
305 1583 384 1652 (buc.
400 1580 484 1651 xxn),
501 1578 674 1651 privilegium
688 1578 822 1649 primatus
844 1577 966 1634 omnium
1016 1580 1158 1651 sbyterum
1174 1597 1254 1636 suum
1269 1580 1334 1636 mibi
1349 1581 1496 1636 transmisit
1519 1581 1572 1637 boc
1591 1580 1676 1638 modo
1693 1598 1700 1634 :
1718 1600 1730 1631 ι
1755 1580 1820 1635 Tam

165 1671 353 1731 Ecclesiarum
367 1669 395 1724 in
409 1676 465 1725 toto
479 1668 546 1724 orbe
561 1674 697 1723 terrarum
712 1666 827 1739 accepit.
979 1668 1173 1754 Bintentatire
1188 1669 1217 1724 in
1231 1669 1365 1725 attiniaco
1379 1669 1413 1724 de
1428 1667 1713 1725 excommunicatione
1737 1682 1754 1724 a
1776 1683 1819 1724 me

429 1773 542 1830 cpiam·
580 1773 694 1828 xxvfl,
1017 1755 1189 1828 inparochie
1206 1772 1269 1812 mee
1294 1756 1365 1813 iacta
1388 1756 1570 1828 interrogatus
1591 1772 1662 1812 sum.
1690 1756 1818 1811 Tantum·

166 1867 242 1937 Quod
249 1866 333 1940 pluro
341 1865 416 1938 solco
426 1865 528 1918 nonai
538 1861 572 1916 de
582 1861 687 1916 litteris
697 1861 860 1933 apostolicis
871 1875 966 1916 secum
1016 1843 1099 1900 m⁰d0
1112 1845 1164 1900 ¹¹⁰0
1180 1844 1286 1900 interea
1308 1843 1410 1915 Plssdb
1434 1860 1467 1900 2⁰
1492 1844 1564 1916 (1¹10d
1587 1859 1637 1900 V⁰⁸
1668 1842 1817 1899 hundium

414 1949 473 1990 nort
486 1931 716 1987 communicatis.
1016 1931 1103 2000 illam,
1119 1946 1151 1988 ac
1165 1940 1260 1988 contra
1274 1932 1450 2004 apostolicam
1479 1932 1640 1999 doctrinam,
1670 1940 1697 1987 et
1726 1939 1817 1988 contra

198 2025 288 2081 Isdem
304 2020 477 2079 etiamlrater
491 2018 769 2086 nosterllincmarus,
785 2017 853 2073 mibi
871 2016 966 2072 litteris
1017 2020 1231 2077 ecclesiasticam
1258 2020 1401 2077 veritatem
1427 2018 1513 2076 luisse
1545 2019 1675 2076 asseratis
1708 2018 1814 2075 laetam.

164 2112 224 2170 suis
240 2110 353 2184 impegit
367 2124 466 2165 noxam
481 2122 537 2162 non
559 2106 649 2163 levem
666 2123 674 2161 z
695 2105 718 2161 si
742 2121 837 2163 verum
852 2104 964 2170 diceret,
1015 2109 1078 2164 Non
1090 2108 1173 2164 aliam
1186 2109 1262 2163 illam
1276 2107 1338 2174 leci,
1355 2124 1436 2180 mam
1449 2123 1464 2162 a
1478 2115 1570 2163 restra
1583 2107 1654 2164 ulvae
1669 2107 1746 2165 vocis
1768 2106 1815 2162 do

163 2218 208 2258 me
221 2198 393 2259 commisisse
409 2202 503 2253 contra
517 2194 642 2250 eundem
657 2201 779 2250 sanctam
793 2201 821 2249 et
834 2192 966 2263 apostoli·
1016 2195 1104 2251 ctrina
1118 2195 1269 2252 taciendam
1284 2195 1377 2261 didici,
1391 2203 1418 2250 et
1431 2209 1479 2251 vos
1494 2209 1526 2250 ea
1540 2210 1602 2266 quaa
1623 2195 1688 2263 jure
1709 2194 1815 2250 destru-

163 2285 478 2353 camsedem,dicens:
498 2281 651 2337 «vocastis
683 2297 727 2336 me
749 2279 844 2335 litteris
868 2287 966 2336 vestra
1016 2282 1103 2349 xistia
1118 2282 1154 2338 ab
1168 2300 1199 2339 re
1213 2282 1348 2339 adificare
1362 2298 1417 2338 non
1431 2281 1546 2337 debetis.
1564 2282 1622 2338 luto
1636 2290 1664 2337 et
1685 2281 1815 2354 quamin

162 2374 329 2433 auctoritatis
338 2371 499 2429 attiniacum
508 2368 541 2424 ad
552 2368 696 2441 synodum,
718 2367 873 2423 intimantes
902 2367 966 2438 quia
1016 2371 1136 2429 Romana
1151 2371 1216 2426 sede
1230 2371 1379 2443 apostolica
1394 2369 1554 2425 auctoritate
1568 2369 1688 2441 cognovi
1716 2368 1815 2440 praeiu·

162 2464 261 2521 litterae
285 2459 379 2517 domni
394 2456 538 2530 apostolici
552 2456 653 2512 domno
663 2455 723 2529 regi
732 2455 840 2522 Carolo,
850 2462 876 2510 et
886 2453 967 2528 regni
1016 2458 1109 2526 dium,
1124 2458 1200 2514 etde
1216 2475 1269 2531 qua
1283 2458 1408 2514 eamdem
1421 2456 1488 2512 mibi
1502 2456 1597 2513 sedem
1610 2455 1738 2513 declamo
1760 2454 1815 2511 lore

162 2543 644 2627 ipatusepiseoptsdirectetuerunt,
662 2543 812 2616 dequibus
829 2541 888 2597 sine
917 2558 966 2614 sy·
1016 2546 1165 2602 auctricem
1182 2564 1189 2601 :
1205 2545 1283 2615 cujus
1310 2545 1425 2601 interest
1444 2552 1471 2601 et
1498 2544 1532 2601 de
1560 2543 1606 2598 illa
1630 2559 1646 2599 a
1675 2559 1720 2599 me
1747 2543 1815 2599 iacta

162 2638 254 2697 nodali
265 2635 391 2695 consultu
401 2631 563 2705 responderi
581 2637 764 2702 nonpoterat.
777 2628 908 2699 Quamvis
917 2630 966 2684 has
1016 2633 1296 2690 excommunicatione
1308 2633 1442 2702 judicare,
1459 2639 1486 2688 et
1500 2632 1536 2688 de
1550 2639 1641 2688 vestra
1648 2630 1815 2688 resolutione

161 2729 266 2786 litteras
281 2726 309 2781 in
319 2721 448 2781 Gundulli
463 2720 528 2778 uilla
542 2719 748 2790 (Houdilcourt)
764 2717 964 2789 suscepissetis,
1017 2722 1175 2779 decernere.
1194 2741 1206 2772 ι

164 2815 211 2872 ubi
226 2823 252 2871 et
266 2827 388 2885 praesens
403 2808 477 2865 adtut
491 2826 499 2862 ε
514 2808 664 2879 quaemihi
688 2807 790 2862 ibidem
813 2805 966 2861 nullatenus
1051 2810 1093 2866 Ad
1108 2827 1169 2882 quaa
1183 2808 1314 2865 rescribo.
1322 2808 1437 2878 Maiores
1446 2808 1481 2863 ad
1490 2807 1618 2864 doctores
1629 2806 1719 2863 nostri
1735 2807 1813 2863 dixe-

165 2900 332 2960 nstendistis.
345 2899 413 2954 Cum
440 2903 532 2952 autem
559 2894 724 2950 Attiniacum
751 2893 823 2959 veni,
853 2893 967 2948 dedistis
1016 2904 1085 2965 mut,
1093 2898 1219 2969 quendem
1235 2913 1297 2953 esse
1312 2896 1431 2966 nomina,
1450 2911 1511 2967 quae
1530 2895 1558 2950 in
1567 2894 1731 2951 femininum
1744 2894 1814 2951 tleoti

164 2989 232 3048 mitri
245 2986 323 3060 quasi
336 2983 474 3055 exemplar
488 2981 657 3048 earumdem.
681 2980 776 3054 tegere
797 2996 842 3036 me
865 2996 966 3052 rogan·
1016 3002 1072 3042 non
1085 2993 1209 3057 possunt,
1225 2993 1254 3041 ut
1268 2993 1372 3053 auctor,
1389 2999 1495 3040 eurmr.
1512 2980 1546 3040 itt
1574 2982 1625 3038 iste
1654 2998 1744 3039 novus
1766 2982 1815 3037 de

164 3086 215 3147 tes,
231 3083 258 3132 et
272 3074 313 3131 sic
326 3072 416 3128 statim
430 3070 494 3126 inde
508 3086 552 3125 me
576 3068 755 3141 respondere,
780 3077 806 3124 et
829 3075 857 3122 ut
877 3068 969 3139 perle-
983 3034 1086 3142 Cotor,
1102 3073 1148 3146 qui
1166 3073 1271 3130 noviter
1295 3072 1433 3128 adinvenit
1460 3071 1535 3143 quod
1563 3070 1668 3126 diceret
1693 3070 1729 3126 de
1756 3070 1819 3142 ipsa

164 3181 234 3241 gens
255 3162 373 3234 idipsum
396 3158 536 3230 exemplar
559 3157 637 3215 vobis
660 3156 786 3229 protinus
809 3156 965 3223 redderem,
1016 3161 1303 3227 excommunicatione,
1319 3159 1500 3232 apostolicum
1513 3159 1608 3215 oedem
1626 3175 1659 3214 se
1682 3158 1818 3215 reclamat

165 3250 342 3327 praecepistis.
368 3248 443 3304 Siout
465 3253 554 3302 autem
581 3251 677 3317 postea
699 3259 749 3315 per
770 3242 843 3299 aliud
876 3242 967 3301 dediti
1016 3250 1075 3307 lore
1089 3251 1254 3306 ambirem.
1272 3248 1326 3304 Sed
1340 3265 1384 3304 me
1398 3245 1825 3314 auctoremnonbabebit,seeo

166 3341 317 3414 exemplar,
337 3337 415 3410 plura
437 3334 558 3392 indiculo
582 3341 675 3391 restro
698 3332 763 3388 mibi
782 3340 892 3389 ostenso
915 3331 966 3388 de·
1016 3338 1090 3411 quod
1105 3354 1188 3409 super
1201 3353 1246 3393 me
1259 3335 1333 3402 dicit,
1352 3334 1439 3407 «quia
1453 3351 1508 3392 non
1521 3334 1600 3390 ιΙίιιιι
1615 3333 1693 3390 illam
1705 3349 1827 3392 excom-

162 3431 283 3488 luerunt.
302 3447 313 3480 ι
1015 3426 1225 3482 munitationern
1239 3424 1368 3498 parochia
1381 3438 1432 3479 sua
1445 3422 1519 3491 iecit,
1536 3437 1620 3495 quam
1632 3437 1651 3479 a
1663 3437 1729 3480 mea
1748 3421 1832 3479 rita

198 3518 265 3589 Qun
286 3515 357 3572 dicta
380 3512 453 3568 iltius
476 3526 531 3567 non
556 3518 620 3566 sunt
642 3524 719 3567 vera.
744 3509 816 3566 Nam
840 3507 899 3579 ipsa
921 3507 966 3564 die
1015 3514 1091 3571 vocis
1115 3513 1239 3570 doctrina
1268 3511 1422 3568 faciendam
1446 3510 1549 3567 didicit.
1567 3510 1626 3566 alit
1647 3510 1723 3587 quod
1754 3524 1840 3566 mot

163 3606 270 3681 quando
285 3601 362 3659 missi
384 3600 478 3657 domni
505 3597 657 3670 apostolici,
687 3597 716 3652 in
745 3594 874 3652 Gundulsr
901 3595 966 3650 sitta
1014 3601 1189 3673 subsequitur
1204 3618 1211 3656 :
1229 3621 1242 3652 ι
1258 3598 1390 3669 Quoniam
1405 3614 1438 3656 ea
1452 3616 1513 3672 quae
1524 3596 1844 3668 juredextruxi,abre=

163 3697 221 3767 ejus
236 3691 366 3766 epistolas
379 3689 408 3744 iu
423 3687 568 3759 prasentia
583 3686 659 3759 regis
673 3693 701 3741 et
715 3684 917 3756 episcoporum,
939 3690 966 3738 et
1014 3688 1152 3746 edificem
1166 3705 1221 3744 uon
1235 3688 1334 3755 debeo,
1352 3709 1363 3738 s
1380 3703 1474 3744 verum
1487 3702 1549 3743 esse
1577 3684 1722 3743 confirmo.
1747 3686 1849 3741 Nan

163 3791 323 3842 caeoerorum
337 3777 458 3835 fidelium
473 3776 520 3847 qui
535 3774 574 3829 ibi
586 3774 707 3839 aderant,
723 3771 790 3826 mihi
804 3771 938 3827 dederunt
956 3785 963 3825 :
1014 3793 1066 3850 per
1080 3776 1267 3850 evangelicam
1282 3776 1434 3845 veritatem,
1446 3782 1473 3830 et
1483 3774 1662 3846 apostolicam
1676 3781 1760 3847 atque
1774 3789 1861 3831 ca*-

163 3872 233 3928 sicul
249 3877 275 3926 el
290 3868 407 3923 domnus
421 3880 470 3919 rex
484 3862 544 3932 scil,
571 3869 597 3916 et
618 3859 749 3930 episcopi,
773 3874 806 3914 ac
827 3857 919 3914 caeleri
937 3857 966 3912 in
1015 3865 1143 3922 nonicam
1160 3864 1366 3931 auctoritatem
1382 3878 1490 3921 necnon
1505 3871 1532 3919 et
1545 3861 1866 3934 perupostolicaeseae

164 3972 280 4033 quornm
294 3951 442 4026 prasentia
461 3948 592 4021 epistolas
611 3946 672 4001 illas
692 3947 796 4017 accepi,
821 3953 965 4018 antequam
1015 3953 1060 4010 dis
1082 3952 1233 4011 doctrinam
1262 3960 1342 4024 atque
1365 3951 1487 4018 decreta,
1522 3963 1600 4006 suam
1631 3949 1866 4022 perniciosarn

164 4047 199 4103 de
212 4045 273 4116 ipsa
287 4043 369 4098 domo
384 4037 498 4107 exirem,
516 4035 642 4092 audiente
657 4050 733 4106 rege,
750 4041 776 4090 et
792 4032 965 4090 audientibus
1014 4040 1324 4099 excommunicationem
1338 4037 1460 4095 desti-uni
1476 4053 1483 4093 ς
1499 4053 1580 4111 quem
1591 4036 1866 4094 abreaedifieere

165 4130 312 4207 episcopia,
329 4136 356 4184 et
371 4125 477 4184 coeteris
486 4124 532 4196 qui
542 4122 643 4178 ibidem
656 4121 776 4190 luerunt,
793 4138 840 4178 eas
865 4122 962 4195 relegi.
1014 4129 1182 4195 nonomen,
1197 4143 1249 4184 nec
1264 4127 1336 4194 volo,
1354 4141 1406 4183 nec
1424 4125 1511 4183 celeo,

164 4223 199 4280 Et
214 4220 238 4276 si
251 4219 415 4276 Hincmams
429 4214 467 4269 ibi
478 4213 536 4280 fuit,
552 4220 578 4268 et
592 4211 687 4268 audire
711 4226 759 4267 0³³
783 4210 878 4276 voluit,
894 4210 964 4266 sicut
1048 4219 1080 4273 ln
1093 4232 1127 4272 eo
1141 4231 1208 4272 vero
1222 4215 1295 4288 quod
1304 4214 1378 4281 dicit,
1390 4214 1454 4286 quia
1463 4228 1518 4271 non
1527 4211 1694 4270 aliamillam
1706 4227 1868 4270 excant-

163 4320 189 4370 et
204 4307 297 4368 ceteri
313 4322 361 4363 eas
374 4303 529 4370 audierunt,
548 4301 643 4357 audire
661 4299 750 4357 modis
765 4299 891 4355 omnibus
909 4314 962 4370 po·
1013 4304 1225 4361 manicationem
1238 4302 1311 4371 iecit,
1329 4324 1340 4354 ι
1357 4317 1440 4374 quam
1454 4302 1483 4356 in
1501 4302 1623 4358 Romana
1652 4300 1720 4358 sede
1747 4315 1869 4372 apo-

162 4400 223 4458 tuit.
237 4396 316 4468 Quod
329 4394 403 4461 dicit,
429 4391 559 4466 quoniam
584 4388 663 4463 quasi
691 4387 831 4460 exemplar
858 4383 997 4445 earum-D
1012 4393 1109 4450 stolioa
1136 4391 1294 4449 auctoritate
1320 4389 1449 4462 coguovit
1474 4388 1688 4462 praeinditam»
1719 4387 1750 4444 id
1777 4386 1873 4443 eei

161 4489 235 4557 dem,
252 4484 360 4559 quando
380 4481 544 4539 Attiniacum
565 4479 648 4547 lenit,
672 4477 711 4532 illi
731 4474 804 4545 dedi,
828 4475 963 4550 ellegere
1012 4489 1074 4538 ante
1101 4480 1242 4547 insertam,
1272 4485 1334 4534 ante
1361 4477 1525 4549 impositam,
1554 4485 1616 4532 ante
1644 4475 1872 4531 immissarum:

162 4576 268 4652 witti,
283 4582 310 4631 el
324 4574 365 4629 ⁵50
379 4571 471 4627 Sillim
484 4567 664 4639 le⁸P⁰¹1d0r02
691 4580 746 4621 ⁰⁰¹1
768 4564 834 4621 ditali
856 4581 960 4620 verum·
1012 4569 1093 4626 nimis
1108 4570 1238 4626 audacter
1250 4567 1341 4639 posuit
1355 4566 1384 4622 in
1397 4565 1497 4623 ooelum
1520 4581 1552 4620 os
1575 4579 1665 4621 suum.
1694 4564 1731 4619 Et
1754 4562 1874 4618 ideas

162 4664 309 4737 Exemplar
322 4660 472 4718 secundum
487 4665 608 4712 tenorem
632 4653 817 4711 authenticum
841 4653 963 4724 epistolae
1013 4675 1068 4715 non
1082 4666 1124 4714 est
1138 4658 1238 4712 mirum
1252 4656 1276 4711 si
1290 4656 1383 4727 lingua
1398 4654 1457 4723 ejus
1472 4651 1595 4709 transivit
1605 4653 1634 4706 in
1644 4659 1760 4719 terram,
1785 4646 1876 4700 ..ιι

163 4754 203 4810 illi
217 4754 251 4808 ad
265 4750 413 4823 legendum
427 4746 501 4816 dedi,
526 4744 594 4801 sicut
611 4751 636 4800 et
650 4741 755 4798 Erardo
779 4739 961 4813 [Turonensi],
1013 4748 1048 4805 de
1061 4764 1105 4803 me
1118 4753 1263 4817 peccatore
1278 4744 1382 4801 diceret
1398 4759 1405 4799 ς
1424 4765 1435 4790 ι
1456 4742 1519 4798 Nou
1543 4740 1626 4796 eliam
1653 4740 1733 4796 illem
1754 4727 1877 4797 ieci,

163 4850 190 4899 et
203 4839 344 4898 Waniloni
359 4831 606 4912 [tornomagensi.
622 4839 648 4888 el
662 4829 780 4886 anlado
803 4829 963 4902 [Bituricam
1013 4852 1095 4909 quarn
1109 4842 1224 4891 svestra
1239 4832 1307 4888 vivae
1322 4831 1398 4888 vocis
1419 4829 1545 4887 doctrina
1566 4827 1723 4884 taciendam
1745 4814 1879 4882 defi-i

163 4930 207 5004 sil,
223 4936 250 4986 et
264 4927 371 4985 caeteris
385 4921 598 4996 archiepiscopis
612 4919 706 4977 domui
713 4917 802 4974 Caroli
811 4933 845 4973 ex
854 4916 963 4990 integro
1013 4925 1048 4981 ci,
1067 4943 1079 4974 a
1094 4922 1149 4978 Sed
1163 4921 1232 4978 sicut
1245 4920 1397 4992 apostolice
1412 4918 1493 4974 cedes
1507 4934 1524 4972 n
1539 4915 1619 4973 nohis
1630 4915 1755 4972 accusent
1764 4914 1881 4999 nam

161 5018 233 5087 misi·
250 5023 277 5073 0⁸
293 5014 417 5071 eamdem
431 5011 574 5084 e1³5⁵²⁰¹l²¹¹²
588 5008 617 5065 in
631 5006 736 5081 Slss⁰d0
750 5006 823 5078 ¹²1³ud
845 5004 963 5061 Allississ·
1012 5011 1103 5078 debet,
1113 5025 1164 5067 nec
1174 5009 1245 5066 valet
1258 5026 1264 5062 :
1279 5009 1316 5064 ita
1339 5005 1513 5065 excusatione
1534 5011 1636 5061 nostrae
1656 4996 1879 5058 humiliter-¹¹³

163 5124 225 5166 curn
239 5104 335 5178 retegi.
347 5102 427 5173 Quod
441 5101 516 5168 dicit,
531 5115 576 5156 me
593 5097 709 5167 jussisse
729 5095 805 5152 illum
823 5101 854 5150 11²
873 5093 963 5149 Sillim
1012 5117 1068 5158 non
1079 5099 1192 5172 indiget.
1207 5097 1404 5152 Verumtamen
1418 5095 1492 5166 quod
1505 5109 1561 5149 non
1570 5093 1605 5148 ab
1618 5090 1731 5148 incertis
1745 5078 1881 5146 ιιι-1·

163 5197 342 5269 responderet
359 5206 436 5250 :non
457 5190 497 5246 sic
521 5187 598 5243 dixi:
630 5186 679 5243 sed
706 5191 736 5240 ut
763 5183 869 5257 legeret
896 5181 964 5238 illud
1012 5187 1117 5245 tonius
1129 5186 1193 5242 inde
1208 5185 1369 5253 audivimus,
1385 5176 1873 5252 cumveninipsiosscdislibztv

164 5285 312 5356 exemplar,
326 5290 355 5341 et
367 5281 473 5338 videret
487 5276 552 5351 quid
578 5276 642 5331 inde
665 5272 855 5345 responderet.
883 5269 964 5340 Quod
1013 5277 1105 5333 dicere
1126 5290 1283 5346 possumus.
1303 5271 1464 5329 Audivimus
1484 5284 1612 5342 namque,
1630 5266 1693 5340 quia
1715 5260 1869 5352 sarit-2}ll

164 5371 239 5438 dicit,
256 5370 318 5444 quia
331 5386 382 5442 per
395 5369 469 5425 aliud
482 5363 621 5436 exemplat·
634 5362 729 5419 didicit
742 5361 820 5433 plura
843 5359 870 5415 iu
894 5358 964 5414 indi·
1013 5363 1153 5422 memoriae
1167 5362 1296 5419 Nicolaus
1310 5376 1391 5433 popa,
1404 5366 1498 5417 sanctu
1513 5359 1636 5417 Romana
1650 5352 1812 5412 Ecclesiu-
1834 5354 1859 5396 Μ

165 5467 228 5526 culo
242 5481 304 5524 meo
320 5466 372 5523 sibi
388 5475 498 5523 ostensa
519 5461 640 5519 defuisse
655 5458 813 5530 :integrum
827 5455 965 5527 exemplar
1015 5452 1159 5510 afflictione
1178 5450 1277 5523 posita,
1295 5450 1454 5507 auctoritate
1481 5446 1588 5504 Veteris
1597 5453 1625 5502 et
1641 5442 1713 5502 Nori
1725 5437 1851 5532 105¹&
