3794 6104
121 272 174 326 bbl
740 267 888 324 rotulus
917 269 1013 324 PAPAE
1032 271 1103 326 llll.
1718 273 1768 330 652

121 392 216 447 viduas
231 391 282 446 sub
297 389 380 446 tutela
394 390 583 462 episcoporum
597 407 659 446 esse
672 391 803 456 decrevit,
820 399 847 447 et
869 407 918 446 eos
931 391 960 452 Α
971 392 1038 447 dare
1051 392 1094 449 vel
1109 393 1233 464 accipere
1248 393 1463 465 presumpserit,
1480 393 1669 450 ecclesiastica
1696 409 1769 449 com-

120 463 156 518 ad
171 461 314 518 seauton
325 460 428 529 judicie
443 463 512 517 trahi
524 461 613 517 modis
628 461 754 517 omnibus
769 461 916 517 interdixit.
969 464 1097 518 munione
1112 464 1203 519 tandiu
1216 464 1369 533 judicamus
1387 480 1499 520 manere
1517 465 1671 536 puratum,
1684 464 1769 521 donee
1787 510 1794 521 .

122 533 276 602 Quamlibet
289 540 381 586 autem
396 533 493 588 ducem
508 533 552 587 vel
565 532 646 587 alium
662 534 822 588 contrahaec
833 548 917 604 agen·
968 535 1119 589 secundum
1133 536 1186 590 hoc
1199 544 1301 590 nostrie
1314 535 1471 606 apostolicae
1493 536 1665 592 auctoritatis
1693 536 1767 607 sapi·
1792 577 1794 582 .

121 612 186 672 tem,
203 602 494 659 excommunicandum
509 619 570 658 esse
583 603 723 670 decrevii;
738 618 919 673 perseverari·
968 605 1054 659 tulum
1073 605 1206 660 studuerit
1225 621 1317 678 agere.

122 683 177 728 tem
192 690 259 730 vero
273 673 455 728 anathematis
470 673 579 728 vinculo
596 673 793 728 innodandum.
1004 676 1090 743 Hujus
1105 676 1271 746 temporibus
1287 675 1440 731 Ludovicus
1454 676 1616 747 imperator,
1633 676 1668 732 ab
1681 676 1765 732 sdrt-
1783 716 1794 727 .

156 744 234 798 ldem
248 744 318 798 inter
332 744 479 798 caeterade
501 743 615 798 decimis
639 744 827 799 sacerdotibus
846 742 917 796 dan·
968 744 1029 816 giso
1052 746 1241 801 Beneventano
1268 747 1338 802 duce
1366 748 1536 815 constrictus,
1566 747 1665 802 timore
1693 747 1762 808 vita.
1792 806 1794 811 ,

122 814 164 869 dis
180 815 217 868 ita
233 830 322 884 praece
342 814 371 869 it.
387 812 713 881 Quasscilicetdeaimas
732 828 918 884 unumquem—
966 815 1145 884 jurejurando
1173 816 1296 882 firmavit,
1328 832 1465 888 nunquam
1489 833 1519 872 sc
1544 817 1693 872 Beneventi
1708 816 1794 882 tine}

122 900 175 956 que
189 883 298 940 fidelem
314 830 353 937 ifii
368 883 504 940 sacerdoti
521 884 584 939 dare
599 883 766 949 censuimus,
790 884 818 937 in
841 883 919 952 cujus
968 886 1038 940 ultra
1061 886 1232 950 intraturum,
1254 903 1343 957 neque
1366 902 1399 941 ex
1421 887 1543 958 periculo
1564 888 1673 956 injuriae
1707 895 1794 957 tunQ

122 954 251 1025 parochia
279 970 341 1008 eum
368 954 464 1025 procul
488 954 571 1009 dubio
594 962 699 1009 constat
718 954 768 1008 sub
797 953 919 1024 episcopi
969 956 1020 1010 sibi
1035 955 1117 1012 illatae
1131 957 1275 1012 vindictam
1291 957 1438 1028 aliquando
1453 965 1623 1014 exacturum.
1648 958 1693 1012 ab
1719 958 1794 1026 hoq

120 1024 223 1096 proprii
246 1024 347 1080 ditione
372 1025 421 1095 (a),
446 1025 510 1096 quia
531 1024 565 1079 ad
587 1025 640 1079 hoc
672 1024 857 1094 recipiendum
885 1024 919 1078 ab
969 1027 1228 1095 autemjuramento
1244 1028 1419 1097 postmodum
1442 1028 1590 1098 pradictus
1612 1042 1685 1152 papa
1710 1044 1794 1099 eor-

121 1095 250 1164 episcopo
266 1111 316 1151 suo
331 1103 374 1150 est
387 1095 559 1162 constitutus,
584 1110 708 1162 manere,
725 1101 751 1148 el
773 1095 835 1148 ideo
856 1092 919 1147 nul·
970 1098 1063 1152 Romae
1078 1097 1195 1152 absolvit
1209 1098 1368 1152 auctoritate
1381 1098 1432 1152 Dei
1452 1107 1479 1154 et
1502 1098 1590 1154 sancti
1637 1099 1701 1163 etri,
1727 1097 1794 1155 al?

120 1165 177 1220 lam
205 1164 315 1219 alterius
343 1164 495 1220 dioeceseos
524 1165 693 1220 sacerdotem
722 1172 769 1218 aut
798 1164 919 1218 Levitam
969 1166 1081 1221 firmans
1095 1167 1162 1222 nihil
1176 1168 1229 1222 sibi
1243 1168 1352 1233 obesse,
1369 1169 1443 1240 quod
1457 1168 1493 1224 ob
1506 1168 1606 1223 mortis
1620 1167 1794 1241 periculuQ

122 1234 200 1290 altari
212 1235 274 1305 jure
289 1251 322 1290 ca
336 1249 436 1290 novum
451 1237 489 1304 (b)
517 1234 609 1289 debita
636 1233 791 1304 hujusmodi
823 1234 919 1288 audire
970 1238 1141 1293 evadendum
1155 1247 1266 1294 coactus
1279 1237 1390 1303 iecerat,
1406 1254 1458 1294 nec
1479 1246 1681 1295 sacramentum
1705 1255 1779 1301 aas,

120 1305 302 1376 impudenter,
319 1305 361 1360 val
377 1314 479 1359 temere
495 1314 681 1374 quaesierant
694 1305 820 1374 accipere
835 1304 919 1357 dam·
970 1308 1115 1363 dicendum
1130 1309 1203 1380 quod
1218 1316 1310 1364 eontra
1334 1309 1450 1364 salutem
1464 1308 1631 1379 reipublicae,
1647 1323 1794 1381 quamrx

120 1377 259 1431 nationem
272 1374 316 1430 vel
330 1375 505 1429 donationem
524 1376 571 1446 (c).
596 1377 664 1429 Eum
685 1390 752 1429 vero
776 1374 822 1445 qui
842 1374 920 1429 aliter
970 1393 1031 1433 eum
1047 1379 1137 1433 multis
1153 1379 1392 1444 exsecrationibus,
1408 1379 1490 1434 tuerit
1503 1379 1648 1451 prolatum.

121 1507 177 1546 eum
187 1495 291 1545 aaronis
301 1494 409 1546 crederet
421 1507 449 1544 ex
462 1496 508 1545 hoc
521 1496 586 1546 lacto
594 1495 700 1546 tabulam
712 1495 743 1547 de
754 1496 847 1545 loannc
856 1495 920 1559 vlll,
1006 1502 1042 1568 (a)
1056 1506 1136 1555 Locus
1147 1505 1284 1556 mendosus.

120 1559 921 1679 stallatiathlllllilllltlttilllittle
1006 1596 1046 1663 <u
1060 1598 1203 1648 ararum·
1216 1599 1431 1650 tursomo-

121 1693 298 1744 viteloannis.
312 1695 368 1744 Ser.
381 1694 436 1743 Bia.
935 1700 940 1705 ·
1006 1688 1123 1756 (ellarii
1135 1693 1228 1741 tantum
1239 1690 1400 1742 uictorem.

138 1818 284 1832 ‘-
512 1919 1169 2056 concursator
1233 1918 1369 2052 viu

232 2132 825 2304 EPISTOLAE
890 2130 1033 2301 ET
1128 2131 1660 2302 DECRETA

602 2375 749 2442 ORDINE
776 2374 1075 2442 CHRONOLOGICO
1104 2374 1281 2438 DIGESTA.

210 2511 358 2584 (Epistolas
374 2528 422 2568 seu
436 2512 548 2569 decreta
562 2512 660 2584 quibus
671 2511 772 2568 iontem
787 2512 859 2567 unde
873 2510 1013 2567 hausimus
1024 2525 1079 2565 non
1093 2509 1277 2578 inscribimus,
1293 2509 1422 2566 Consiliis
1436 2511 1522 2566 blansi
1533 2511 1672 2584 ascribas.)

812 2614 1065 2632 ff

624 2693 834 2778 PHlLlPPl
865 2691 1011 2777 itala
1042 2690 1295 2776 MONITUM.

682 2856 813 2929 (Regesta
828 2853 988 2913 Pontificum
1003 2856 1211 2925 Romanorum.)

159 3031 375 3104 Quaoticurique
389 3030 491 3087 merito
506 3030 624 3087 babetur
639 3030 767 3156 amplum
783 3035 811 3087 et
824 3030 940 3102 qrauele,
956 3029 1027 3103 quod
1040 3032 1179 3102 superest,
1196 3029 1318 3100 lleqlstri
1337 3031 1455 3088 loannis
1485 3031 1544 3086 Vlll
1563 3033 1736 3115 sreqrueutari.

56 3130 58 3134 ·
121 3104 254 3177 epistolas
268 3106 319 3157 308
335 3102 583 3174 comprehenderis,
594 3102 677 3158 doleri
697 3108 854 3156 umtameri
868 3105 920 3168 est,
936 3100 1007 3173 quod
1022 3116 1080 3156 uori
1094 3100 1210 3182 meliore
1225 3100 1388 3156 conditione
1398 3101 1435 3156 acl
1444 3116 1496 3156 rios
1502 3107 1641 3173 peruenit.
1652 3100 1738 3157 lacuna

118 3175 196 3230 euim
210 3173 267 3228 siue
280 3174 370 3245 ipsius
384 3175 503 3238 notarii,
514 3173 581 3236 siue,
603 3176 636 3227 ul
648 3172 819 3254 probabilius
835 3175 887 3236 est,
903 3187 1001 3227 eorum
1015 3173 1064 3242 qui
1079 3174 1202 3254 trauscri
1224 3174 1334 3254 seruiit,
1354 3187 1412 3254 uari
1436 3171 1524 3255 modo·
1540 3176 1676 3256 corrupte
1693 3185 1737 3251 uu·

119 3240 1738 3394 lllll:tillllililllllllillllla‘lllillllilllatalilltllltillltlltilll

117 3385 219 3440 multis
233 3385 323 3455 iisque
337 3385 481 3440 coutinuis
498 3384 613 3448 litteris,
630 3384 792 3455 quasplures
802 3384 956 3464 oiaoifesto
967 3397 1003 3436 ex
1014 3381 1198 3462 anterioribus
1209 3380 1326 3437 iudiciis
1336 3386 1455 3506 alpparet
1465 3384 1589 3454 scriptas
1599 3379 1738 3455 tempiutu

118 3453 236 3510 diuersis
250 3454 349 3523 fuisse,
365 3453 507 3508 chronicis
517 3454 606 3523 siquis
620 3454 735 3509 omuino
749 3453 866 3523 abjectis
881 3451 976 3508 eodem
990 3450 1070 3506 ruodo
1084 3451 1305 3506 substitueretur
1321 3471 1331 3506 :
1370 3458 1414 3504 ata
1435 3457 1465 3505 ut
1484 3467 1579 3523 supra.
1604 3453 1667 3520 Quo
1682 3449 1739 3506 uerbo

109 3524 152 3580 ⁴ab
167 3526 215 3579 irie
236 3527 263 3578 to
277 3523 396 3594 quodam
407 3524 500 3578 oetatis
514 3525 680 3606 posterioris
696 3524 839 3578 librariolo
854 3538 924 3594 pro:
939 3521 1007 3576 Data
1021 3528 1047 3575 et
1063 3520 1177 3586 (latera,
1195 3523 1324 3592 apposita
1336 3525 1445 3593 putem,
1460 3537 1527 3577 cum
1537 3525 1691 3594 praesertim
1703 3532 1739 3592 qu

118 3609 156 3648 eie
169 3609 200 3649 eo
220 3596 263 3649 icc
277 3608 314 3647 ee
335 3608 444 3647 cessum
458 3595 619 3664 lleqistrum
634 3596 685 3658 est,
703 3609 768 3648 eum
784 3592 933 3648 undecimo
947 3591 1061 3646 demum
1076 3591 1178 3646 saeculo
1192 3593 1354 3662 consectum
1367 3607 1427 3646 esse
1443 3595 1567 3648 testetur
1585 3595 1702 3648 Pertei'us
1718 3590 1738 3642 u

115 3661 214 3719 Archiv
233 3662 277 3717 liic
291 3610 376 3717 abt-’ere
390 3662 520 3718 deutsche
536 3662 799 3731 Gcschichtskunde,
816 3663 848 3728 V,
866 3666 909 3718 32.
924 3661 976 3719 Sed
990 3661 1177 3734 quoquomodo
1190 3676 1304 3717 sereres
1314 3661 1424 3728 babeat,
1435 3659 1738 3735 decpiiuterameulu

117 3734 192 3789 riibil
207 3731 301 3789 debuit
316 3748 434 3804 usquam
447 3749 484 3788 ee
498 3749 586 3805 provo
595 3734 649 3789 illa
662 3734 787 3803 formula
801 3733 950 3788 extricari.

491 3908 513 3962 l.
931 3904 1133 3976 Biadictionis,
1147 3913 1193 3962 aut
1206 3922 1257 3978 per
1283 3906 1457 3979 temetipsum
1478 3906 1591 3965 deferas
1614 3918 1659 3966 aut
1678 3916 1738 3962 tuas

968 3993 1070 4064 mittas,
1087 3993 1178 4050 sciens
1190 3995 1253 4067 quia
1268 3995 1291 4050 si
1305 3994 1358 4051 hoc
1372 3996 1499 4053 condicto
1513 4005 1639 4069 tempore
1649 3994 1739 4075 redditus

969 4090 1048 4146 nobis
1062 4104 1118 4145 noo
1133 4089 1266 4161 venerint,
1279 4089 1380 4146 nullius
1394 4089 1507 4147 alterius
1524 4092 1579 4149 nisi
1591 4100 1643 4149 tuae
1652 4097 1738 4147 morou

361 4156 469 4232 Ffflgffl·
491 4159 581 4230 (ΑΜο
605 4157 680 4229 ⁸73)
969 4177 1144 4251 negligentiae
1158 4178 1312 4249 specialiter
1326 4178 1523 4250 imputandam.
1543 4181 1681 4238 Precamur
1700 4189 1737 4230 tl·

122 4285 154 4342 tu
168 4280 302 4339 Ecclesia
315 4282 447 4339 llouiarioe
462 4282 566 4339 demtos
589 4281 717 4339 redditus
726 4283 918 4339 trausriiittal.
969 4274 1026 4322 ¹0¹⁰
1039 4275 1068 4322 ¹¹²
1082 4268 1213 4339 ⁰P¹iffl¹¹¹¹¹
1228 4283 1360 4339 mianum
1375 4282 1437 4325 ⁰¹1¹ss
1451 4268 1569 4336 “lifissei
1585 4269 1630 4342 (1¹²i
1643 4270 1686 4324 ¹¹⁰⁰
1696 4275 1737 4319 ΜΨ

969 4356 1061 4412 derari
1075 4364 1100 4412 et
1116 4356 1205 4413 lucere
1219 4358 1255 4412 ed
1269 4371 1380 4414 aninam
1393 4357 1589 4415 modulationis
1617 4351 1735 4415 efficiam

969 4445 1065 4515 possit,
1080 4445 1114 4499 ad
1129 4445 1333 4501 instructionem
1340 4447 1452 4503 musicae
1461 4446 1622 4518 disciplina,
1633 4442 1735 4501 nobaia

971 4530 1089 4600 deferas,
1106 4541 1153 4587 aut
1167 4548 1230 4589 cum
1245 4533 1347 4589 eisdem
1358 4533 1509 4590 redditibus
1521 4535 1622 4605 mittas,
1633 4535 1734 4606 qusuou

970 4619 1034 4675 dum
1051 4619 1103 4675 vile
1117 4620 1252 4676 metallum
1268 4620 1347 4678 beato
1361 4623 1442 4678 Petro
1453 4621 1583 4680 conferre
1595 4608 1733 4681 festinauib

971 4723 1003 4764 eo
1018 4723 1102 4764 aurea
1116 4709 1196 4782 regni
1209 4709 1328 4766 coelestis
1341 4725 1456 4767 munera
1470 4726 1611 4783 capessas.

138 4048 175 4090 to
190 4046 327 4090 ANNONBU
342 4047 555 4091 salembriensis
570 4048 710 4090 ECCLESlAE
735 4049 899 4091 aetscoautt.

155 4398 315 4458 Efficaciam
329 4409 380 4457 tuae
394 4399 530 4457 fidelitatis
544 4400 616 4457 circa
631 4402 724 4458 sedem
732 4401 919 4473 apostolicam,

122 4503 205 4562 quam
226 4489 354 4544 nimirum
377 4488 472 4543 litteris
492 4488 545 4543 tuis
567 4490 716 4558 extuleras,
741 4490 871 4560 operibus
894 4496 921 4545 te

123 4578 275 4648 approbare
289 4576 359 4632 rebe
374 4576 441 4630 satis
464 4576 639 4632 devotissime
666 4577 867 4648 promittentem
894 4585 921 4633 et

124 4672 264 4736 gratanter
277 4663 433 4734 accepimus
449 4671 475 4719 et
486 4679 537 4734 pro
564 4665 800 4722 commendatione
829 4682 922 4721 rerum

124 4753 253 4808 Romanae
262 4750 394 4808 Ecclesia
404 4751 554 4822 provisioni
564 4759 626 4820 tuae,
634 4760 663 4807 ut
671 4754 780 4822 asseris,
793 4754 922 4810 commis·

126 4854 226 4894 sarum.
241 4839 358 4895 Nauaris
368 4839 623 4912 itaquenuperrime
637 4856 688 4896 nos
703 4841 806 4896 litteras
821 4842 921 4900 dilecto
1351 4816 1385 4871 Π·

125 4924 181 4981 tilio
195 4934 287 4981 nostro
301 4926 437 4984 Ludorieo
452 4928 522 5002 regi,
539 4929 588 4986 sed
602 4937 629 4984 et
643 4929 779 4999 episcopis
795 4938 821 4987 et
836 4931 922 4987 comi·
1006 4934 1042 4974 Αῠ
1057 4919 1233 4976 Wlfflsslwlt
1255 4935 1452 4978 ⁰⁰¹20N¹RNS⁸¹
1479 4925 1706 4980 imbellium·

124 5013 196 5070 tibus
211 5013 296 5069 Italici
311 5015 387 5085 regni
403 5016 448 5087 qui
464 5032 559 5071 earum
574 5017 698 5072 redditus
713 5017 793 5072 nobis
821 5017 921 5075 deterri
1189 5025 1299 5099 Fragm.
1315 5057 1350 5067 -
1365 5027 1456 5098 (Anno
1479 5028 1556 5102 873.)

124 5101 215 5157 salvos
229 5100 339 5167 iaciant,
364 5103 560 5170 transmisisse,
596 5105 717 5177 nihilque
746 5106 921 5178 aliudsuper·
970 5130 1449 5205 p0115„m‚„555903200mwam
1464 5133 1531 5205 Μή
1549 5131 1726 5207 wolmeri,

124 5205 186 5245 esse
209 5187 401 5262 cognoscimus
420 5190 473 5244 nisi
496 5199 526 5247 ut
548 5207 646 5248 aurum
669 5192 789 5266 aliasque
814 5194 921 5266 species
1244 5202 1310 5259 dori
1324 5219 1383 5260 ueri
1398 5204 1487 5261 debet.

123 5291 192 5346 quas
207 5285 233 5331 te
247 5276 393 5350 collegisse
406 5275 498 5333 lateris
512 5279 592 5336 simul
607 5298 669 5337 cum
683 5282 826 5353 praeteritas
848 5261 959 5338 indi·C
1005 5287 1135 5358 Optatam
1149 5287 1197 5345 tibi
1212 5290 1323 5362 pallium
1337 5306 1408 5348 aune
1428 5291 1556 5349 conterre
1583 5284 1729 5366 nequiufflu'·

122 5362 220 5417 ationis
235 5363 281 5435 qui
295 5364 384 5420 minus
399 5364 509 5421 luerunt
524 5367 674 5424 redditibus
689 5371 741 5425 sub
764 5370 839 5426 omni
862 5371 921 5443 ple·
972 5376 1034 5448 quia
1048 5374 1111 5432 fidei
1125 5386 1176 5433 tuae
1191 5378 1319 5450 paginam
1328 5379 1419 5435 minus
1433 5396 1518 5452 mam
1533 5388 1650 5455 oporteat
1665 5365 1730 5432 ⁰⁰⁰⁰*

123 5447 245 5505 nitudine
264 5451 342 5507 nobis
368 5468 420 5527 per
441 5461 529 5511 totum
552 5454 740 5527 Septembrem
761 5458 857 5516 lutura
881 5474 920 5515 vu
970 5478 1035 5521 nere
1049 5465 1198 5537 reperimus
1213 5483 1221 5522 ε
1238 5482 1300 5524 cum
1314 5467 1442 5525 videlieet
1456 5469 1485 5525 in
1499 5484 1534 5527 es
1546 5463 1729 5526 audancia·-
