3826 6098
168 241 221 296 tao
524 236 644 294 OPUSC.
673 237 719 291 ET
741 235 850 291 EPIST.
880 236 917 289 IN
946 235 1059 292 CAUSA
1082 237 1253 296 HIthltttt
1277 237 1429 295 LAUDUN.
1764 242 1815 298 626

207 359 287 429 Quod
320 360 385 417 dicit
417 360 490 415 illam
522 358 729 430 professionem,
766 365 912 430 antequam
943 357 967 412 ei
981 360 1093 419 Aretur
1106 360 1218 433 aliquid,
1240 362 1312 433 quod
1328 361 1397 417 forte
1417 362 1588 419 intolerabile
1603 363 1681 430 foret,
1698 365 1727 419 B.
1744 378 1817 437 papa

171 447 367 514 subscriberet,
383 464 460 503 suam
474 448 585 503 domum
599 454 733 518 portasse,
743 462 797 500 non
812 454 853 502 est
864 462 968 501 verum.
1021 449 1177 504 Alexander
1198 450 1236 503 illi
1254 466 1364 504 nannum
1385 451 1549 524 porrigeret.
1574 453 1721 509 Videamus
1745 466 1816 525 qno·

172 529 244 604 Quia
263 544 408 608 postquam
431 535 491 591 Odo
512 535 657 605 episeopus
676 551 736 589 eam
750 535 778 588 in
793 533 891 588 tabulis
914 535 970 588 suis
1020 537 1102 591 modo
1124 538 1163 591 illi
1183 539 1335 604 conveniat,
1361 548 1387 593 et
1410 555 1521 595 manum
1545 540 1582 595 illi
1601 541 1722 614 porrigat
1744 539 1818 611 quod

171 624 289 694 excepit,
311 624 439 694 scriptam
458 624 620 678 Hiuomarus
644 622 718 676 illam
737 638 792 677 non
812 621 896 687 vidit;
921 638 969 676 us·
1021 624 1049 678 S.
1066 624 1218 680 Alexander
1231 626 1361 682 decrevit.
1377 627 1421 682 Ait
1437 629 1507 683 enim
1521 629 1548 683 in
1563 629 1675 700 epistola
1691 627 1817 684 omnibus

172 727 284 783 queque
298 727 348 766 xvr
363 712 421 766 Kal.
435 711 487 766 Jul.
505 714 520 765 3
536 709 689 766 indictionis
704 710 793 766 eidem
807 708 971 780 professioni
1021 713 1176 768 orthodoxis
1196 731 1243 784 per
1266 715 1390 770 diversas
1413 716 1568 787 provincias
1589 717 1706 772 Domino
1730 715 1819 773 famu·

170 800 197 853 in
213 800 319 872 synodo
334 816 425 856 coram
444 799 572 854 omnibus
593 799 638 870 qui
657 797 802 853 adfuerunt
823 797 968 869 episeopis,
1021 798 1138 854 lantibus
1149 801 1241 874 (epist.
1260 803 1305 872 t):
1324 824 1335 851 r
1353 803 1401 857 Est
1416 804 1496 858 etiam
1511 813 1537 859 et
1551 806 1602 860 boc
1617 805 1652 859 ad
1667 805 1736 861 hanc
1750 819 1818 861 aan-

172 895 200 942 et
215 903 309 943 coram
334 888 434 943 domno
457 903 524 960 rege
543 886 720 956 subscripsit:
737 893 763 941 et
777 886 878 940 domno
900 885 969 958 regi,
1022 895 1092 943 olam
1115 889 1247 959 perlatum
1272 891 1365 946 sedem
1387 892 1459 962 quod
1480 893 1564 963 pudet
1578 893 1692 958 dicere;
1714 886 1818 950 et'non

170 990 205 1031 ae
232 975 298 1030 mihi
322 974 452 1046 porrexit,
473 983 500 1029 et
521 975 545 1029 ei
560 974 588 1028 in
610 974 713 1045 synodo
737 974 875 1044 exemplar
898 973 970 1028 illius
1021 977 1109 1031 solum
1132 978 1302 1045 sacerdotali,
1323 980 1372 1033 sed
1396 980 1474 1034 etiam
1498 982 1571 1036 omni
1591 981 1743 1036 Christiano
1764 995 1817 1038 no·

171 1064 284 1119 donavi.
301 1064 330 1118 ln
352 1063 471 1118 crastino
490 1070 590 1128 autern,
616 1062 643 1115 id
666 1070 707 1117 est
729 1077 767 1115 xv
792 1062 853 1117 Kal.
874 1061 968 1128 tutias,
1021 1064 1087 1118 mini
1102 1072 1143 1119 est
1157 1065 1305 1120 inimicum.
1322 1068 1350 1121 ld
1365 1077 1415 1134 est,
1432 1069 1504 1139 quod
1515 1069 1659 1124 nonnullos
1674 1068 1818 1141 episcopos

170 1151 292 1206 domnus
305 1151 458 1206 Harduieus
477 1151 709 1220 archiepiscopus,
732 1149 779 1204 tali
801 1150 883 1205 modo
902 1149 971 1204 sieut
1021 1160 1065 1207 aut
1087 1153 1243 1208 sacerdotes
1263 1162 1308 1209 aut
1322 1163 1394 1209 metu
1417 1157 1590 1226 compellunt,
1613 1166 1658 1212 eut
1677 1158 1702 1213 vi
1724 1164 1817 1214 extor-

168 1240 305 1309 praemisi,
321 1240 441 1294 libellum
457 1240 492 1293 ab
507 1255 540 1294 eo
555 1239 619 1292 mihi
636 1239 768 1294 directum
784 1238 867 1293 dedit.
882 1238 916 1291 Et
931 1237 972 1291 ni·
1021 1249 1114 1312 quent,
1140 1250 1184 1295 aut
1208 1241 1301 1297 fraude
1328 1243 1475 1313 decipiunt,
1503 1245 1608 1316 aliquos
1637 1245 1818 1301 confessionis

166 1328 208 1382 hil
224 1336 331 1399 postea,
348 1327 468 1400 quandiu
482 1328 510 1380 in
525 1326 659 1382 attiniaco
675 1326 783 1392 fuimus,
809 1326 872 1380 inde
886 1325 970 1382 llinc-
1022 1345 1078 1383 sure
1094 1329 1121 1382 in
1137 1329 1249 1384 alteram
1265 1340 1370 1401 partem
1389 1349 1469 1403 quam
1484 1332 1610 1399 debeant,
1628 1341 1673 1387 aut
1687 1350 1737 1405 pro
1752 1331 1817 1389 eua-

165 1432 265 1470 mnrns
286 1417 330 1472 vel
347 1416 441 1481 verbo,
463 1415 506 1470 vel
529 1413 631 1485 scripto
654 1414 783 1486 quiddam
807 1414 873 1467 mihi
894 1413 969 1467 dixit.
1021 1434 1081 1471 rum
1105 1433 1159 1471 non
1181 1418 1357 1488 requisitione
1384 1436 1500 1487 rerum;
1525 1429 1580 1487 aut,
1607 1421 1679 1492 quod
1699 1421 1819 1477 deterius

166 1503 226 1573 Qui
241 1504 349 1559 etiarnsi
363 1504 428 1557 mihi
442 1503 542 1575 aliquid
557 1503 621 1557 inde
635 1502 757 1568 dixisset,
775 1501 970 1572 responderem
1022 1513 1073 1570 est,
1100 1505 1179 1560 alieni
1208 1507 1307 1560 erroris
1338 1514 1425 1562 sectas
1453 1507 1514 1580 [al.,
1538 1525 1589 1580 pro
1612 1508 1692 1562 alieni
1719 1508 1819 1564 erroris

164 1592 209 1646 illi
226 1608 264 1646 ex
278 1592 399 1648 tacebo:
417 1593 504 1657 Petis,
520 1595 548 1647 et
562 1608 619 1647 non
635 1592 748 1663 accipis,
767 1607 796 1646 eo
812 1591 883 1662 quod
896 1591 971 1645 mole
1021 1592 1117 1664 seotnl,
1135 1594 1281 1664 scripturas
1298 1594 1397 1659 faeere,
1414 1603 1441 1650 et
1455 1597 1572 1667 propriis
1595 1595 1721 1651 manibus
1734 1596 1820 1652 robo-

158 1681 245 1751 petis
269 1680 338 1748 (tec.
363 1680 413 1749 tv).
438 1678 508 1747 Quia
531 1678 761 1749 injustum-atque
783 1678 969 1733 irrationabile
983 1696 1094 1765 ere,
1125 1690 1152 1736 et
1179 1697 1272 1736 coram
1300 1683 1408 1752 populis
1437 1684 1552 1739 recitare
1580 1693 1661 1756 atque
1688 1682 1820 1740 confiteri.

160 1777 223 1833 est,
250 1775 280 1822 ut
301 1767 523 1838 archiepiscopus
541 1782 558 1820 a
578 1767 664 1822 saeris
687 1766 838 1821 canonibus
861 1766 969 1821 exorbi-
1023 1770 1135 1841 Aliquos
1160 1770 1252 1826 dicunt
1270 1771 1426 1826 carceribus
1440 1779 1466 1825 et
1486 1773 1632 1845 ergastutis
1654 1772 1768 1840 recludi,
1791 1779 1822 1828 ut

158 1866 231 1911 tans
252 1855 395 1911 excedenti
420 1853 547 1925 episcopo
572 1853 755 1925 suffraganeo,
780 1863 807 1909 et
821 1870 837 1908 a
852 1869 881 1908 se
897 1853 971 1909 ordi·
1023 1858 1118 1912 saltem
1141 1858 1183 1913 his
1203 1859 1289 1913 territi
1308 1858 1413 1913 insidiis
1435 1859 1544 1915 devient
1562 1861 1671 1916 Domini
1690 1860 1820 1918 sacerdo-

157 1952 246 2009 nat0,
270 1941 449 2014 professionis
464 1957 497 1998 ac
511 1942 718 2014 subscriptionis
737 1958 793 1997 sure
815 1941 908 1997 libello
926 1957 971 1996 sa·
1023 1955 1073 2012 tes,
1091 1955 1117 2002 et
1132 1947 1187 2002 suis
1209 1946 1315 2002 faveant
1339 1947 1535 2005 voluntatibus.
1559 1950 1620 2003 »Et
1633 1948 1758 2020 plurimis
1771 1963 1821 2006 ea·

156 2030 301 2086 tisfaeiat.
318 2030 392 2087 Sicut
408 2031 480 2085 enim
496 2032 645 2086 secundum
661 2031 838 2101 scripturam,
854 2031 973 2085 minora
1022 2035 1113 2106 pitulis
1131 2035 1298 2106 interpositis
1317 2035 1413 2090 iterum
1432 2036 1495 2092 hine
1510 2036 1575 2091 dicit
1588 2036 1623 2090 ad
1638 2036 1737 2102 locum,
1759 2051 1822 2106 quae

155 2120 278 2188 majore
297 2118 467 2174 benedicitur
485 2137 491 2172 :
508 2119 544 2173 ita
571 2135 682 2190 prorsus
704 2119 794 2174 minor
817 2136 832 2172 a
857 2119 972 2188 maiore,
1023 2124 1184 2179 Hiuomarus
1207 2123 1416 2178 adulterantium
1436 2125 1517 2179 modo
1539 2124 1566 2178 in
1591 2124 1679 2179 rotula
1694 2138 1744 2178 sua
1766 2137 1819 2194 po-

151 2217 188 2264 et
207 2207 664 2277 nonmaJ'oraminorejudieatur,
680 2206 787 2278 ligatur,
802 2216 829 2262 et
841 2206 971 2263 solvitur:
1024 2212 1076 2266 snit
1100 2230 1107 2265 ι
1129 2234 1140 2262 r
1166 2211 1294 2266 Similiter
1313 2212 1336 2265 si
1360 2211 1511 2281 hujusmodi
1539 2212 1665 2283 personis
1694 2211 1820 2284 quaedam

153 2297 241 2352 sicut
258 2303 286 2350 et
295 2295 322 2350 in
335 2295 452 2351 decretis
462 2296 492 2350 Β.
502 2295 603 2350 Gelasii
619 2296 829 2352 demonstratur.
1023 2300 1163 2369 scripturae
1184 2300 1376 2371 quoquomodo
1404 2308 1585 2370 permotum,
1616 2307 1662 2354 aut
1684 2298 1819 2368 fraudem,

200 2385 248 2439 De
264 2384 388 2456 eoquod
410 2384 603 2455 subsequitur:
623 2405 633 2434 ι
651 2384 720 2438 Nam
737 2384 804 2438 sicut
815 2384 871 2452 jam
895 2382 973 2438 vobis
1023 2391 1069 2437 aut
1083 2399 1131 2452 per
1145 2383 1199 2436 vim
1214 2390 1334 2445 extortae,
1351 2382 1461 2448 fuerint,
1477 2383 1520 2437 vel
1536 2391 1564 2436 ut
1579 2399 1608 2438 se
1621 2383 1739 2437 liberare
1753 2397 1821 2454 poa·

149 2472 316 2544 rescripsi,
344 2472 378 2527 ad
401 2472 475 2527 illam
503 2473 637 2543 synodum
660 2488 709 2543 pro
731 2471 910 2543 responsione
938 2470 973 2524 ad
1024 2479 1092 2535 sent,
1123 2485 1285 2542 quocunque
1310 2471 1344 2525 ab
1369 2471 1409 2525 eis
1433 2472 1593 2541 conscriptae
1619 2471 1662 2526 vel
1685 2471 1820 2528 roboratae

145 2560 280 2617 litteras
311 2559 403 2615 domni
434 2559 577 2630 apostolici
610 2576 653 2613 me
677 2558 805 2614 vocasti:
829 2558 863 2612 ad
893 2574 972 2629 quam
1023 2557 1122 2612 fuerint
1152 2558 1271 2631 iugenio,
1302 2559 1335 2613 ad
1367 2558 1470 2613 nullum
1499 2559 1539 2613 eis
1570 2558 1747 2629 prejudicium
1776 2565 1822 2613 aut

140 2649 298 2714 veniens,
314 2664 369 2704 non
382 2647 455 2703 illam
466 2664 510 2703 me
526 2647 628 2703 intrare
643 2646 822 2717 permisistis;
840 2647 888 2701 sed
899 2653 974 2700 extra
1023 2655 1213 2702 nocumentum
1229 2646 1375 2718 provenire
1397 2662 1556 2701 censemus:
1572 2663 1660 2718 neque
1675 2645 1758 2700 ullam
1772 2661 1820 2703 eoa

138 2739 252 2802 fores,
272 2745 303 2791 ut
317 2736 460 2808 privilegio
475 2744 571 2792 vestrae
587 2736 660 2790 sedis
676 2735 877 2789 subscriberem
892 2750 973 2788 man·
1022 2734 1171 2801 infamiam,
1192 2744 1236 2789 aut
1259 2734 1430 2802 calumniam,
1452 2743 1527 2789 euta
1543 2735 1599 2789 suis
1623 2733 1820 2806 sequestratio-

138 2826 268 2882 (lastis.
291 2824 405 2889 »bione
422 2840 472 2894 per
485 2840 566 2895 quem
581 2824 632 2879 lroc
651 2823 689 2876 illi
705 2831 781 2877 extra
796 2822 869 2877 fores
893 2837 973 2877 man·
1023 2839 1084 2877 nem
1100 2823 1188 2889 bonis,
1206 2839 1324 2894 unquam
1338 2831 1449 2877 auctore
1466 2823 1575 2890 domno,
1592 2830 1619 2876 et
1634 2822 1736 2877 sanctis
1749 2836 1820 2894 apo-

138 2915 228 2971 davi
242 2933 252 2981 ;
265 2921 295 2968 et
309 2913 445 2978 ostendat,
461 2914 599 2983 quomodo
613 2927 709 2967 verum
723 2926 784 2965 esse
797 2909 892 2980 possit,
911 2926 975 2981 quo-
1024 2911 1099 2965 stolis
1114 2927 1263 2982 eorumque
1286 2911 1503 2977 successoribus,
1525 2911 1660 2965 sustinere
1681 2909 1821 2981 permitte-

132 3005 241 3058 niam
256 3001 297 3056 ad
305 3000 439 3072 synodum
448 3001 570 3065 veniens,
587 3016 641 3054 non
649 3000 724 3054 illum
734 3015 793 3053 earn
805 3015 857 3071 ego
871 2997 972 3052 intrare
1023 3016 1094 3053 mus.
1118 2998 1259 3054 Confessio
1283 2999 1388 3054 veroin
1409 2999 1509 3052 talibus
1530 3014 1584 3053 non
1609 2998 1751 3068 compulsa
1770 2997 1820 3054 aed

135 3089 356 3162 permiserim.
378 3089 448 3143 Nam
476 3096 621 3159 postquam
643 3088 677 3141 ad
699 3087 861 3142 attiniacum
887 3087 971 3152 venit,
988 3054 1175 3158 Cspontanee
1193 3086 1251 3141 fieri
1272 3087 1373 3142 debet:
1390 3086 1449 3156 ipso
1469 3093 1611 3141 attestante
1632 3087 1678 3158 qui
1698 3086 1736 3139 ait
1752 3103 1759 3139 :
1776 3086 1820 3142 Ec

131 3179 393 3253 quandocunque
408 3177 437 3231 in
459 3176 564 3247 synodo
587 3175 696 3239 fuimus,
714 3182 739 3229 et
754 3175 813 3244 ipse
828 3173 948 3229 interluit
965 3192 972 3228 τ
1023 3178 1189 3232 cordeenim
1199 3176 1356 3247 procedunt
1367 3175 1527 3240 homicidio,
1537 3175 1688 3240 adulterio,
1699 3173 1821 3234 fornico·

135 3279 182 3325 et
201 3281 312 3347 coram
325 3264 407 3320 illoin
422 3265 526 3336 synodo
541 3281 572 3319 ea
583 3281 644 3335 quae
659 3263 744 3318 semel
755 3270 782 3317 et
794 3262 974 3332 secundopro
1024 3265 1124 3328 tiones,
1141 3250 1436 3334 blaspbemioe(llottb.
1450 3260 1509 3329 rr),
1519 3269 1546 3315 et
1556 3268 1664 3328 cratera,
1682 3267 1821 3332 quaesunt

132 3353 359 3413 dissolvendis
371 3352 456 3424 ipsius
471 3353 561 3423 impiis
583 3350 802 3424 colligationibus
815 3350 850 3404 ad
864 3365 925 3404 eum
941 3365 975 3404 ex
1024 3351 1058 3404 ad
1073 3352 1130 3405 baec
1138 3350 1309 3421 pertinentia.
1320 3351 1379 3404 Nee
1394 3356 1497 3402 tantum
1508 3347 1744 3403 attendendasuut
1758 3362 1819 3418 quaa

127 3442 337 3516 evangeliea
356 3441 479 3507 veritate,
496 3447 569 3495 etex
584 3439 701 3495 decretis
724 3436 974 3508 apostolicaesedis
1023 3437 1099 3502 frunt,
1123 3445 1254 3509 quantum
1274 3453 1327 3509 quo
1351 3437 1441 3492 animo
1456 3434 1533 3490 fiant.
1552 3456 1563 3485 ι
1580 3437 1613 3489 Et
1635 3434 1716 3505 paulo
1738 3441 1817 3506 post:

128 3537 364 3601 decreveram,
389 3529 488 3586 relecta
509 3528 627 3583 fuerunt.
651 3528 685 3581 Et
703 3526 731 3580 in
754 3525 857 3596 synodo
881 3539 974 3579 eorem
1026 3549 1036 3577 r
1055 3527 1131 3582 Unde
1147 3534 1173 3581 et
1188 3526 1314 3593 illudest,
1336 3525 1409 3596 quod
1428 3524 1561 3579 Dominus
1574 3523 1608 3576 ad
1623 3537 1737 3576 munera
1750 3521 1821 3579 Abel

128 3622 221 3690 illo,
244 3619 376 3676 omnibus
399 3616 581 3684 audientibus,
599 3615 706 3671 Otulfus
729 3614 874 3684 episcopus
897 3612 972 3677 dixit,
1023 3614 1152 3685 respexit,
1168 3621 1194 3669 et
1215 3630 1269 3668 non
1292 3613 1328 3668 ad
1350 3613 1416 3666 Cain
1431 3631 1438 3678 ς
1456 3612 1516 3683 quia
1538 3610 1625 3683 magis
1649 3609 1763 3665 attendit
1784 3609 1820 3666 ad

126 3728 228 3770 eum
253 3723 331 3779 saepe
352 3707 452 3777 dicere,
478 3706 546 3761 sieut
568 3712 594 3759 et
616 3704 661 3758 alii
686 3720 745 3758 eum
770 3716 803 3757 eo
825 3701 974 3756 audiebant
1023 3703 1161 3759 offerentis
1183 3702 1309 3770 animum,
1331 3704 1415 3773 quam
1434 3699 1520 3755 adea
1543 3714 1603 3769 quae
1627 3696 1818 3753 offeruntur.»

121 3797 307 3874 episcopi,
318 3796 390 3868 qnod
405 3794 636 3866 plenambuccam
652 3792 687 3846 de
701 3806 773 3863 aqua
783 3806 837 3844 non
852 3788 974 3845 valerent
1058 3791 1237 3847 Conferamus
1251 3790 1335 3846 verba
1349 3791 1379 3844 B.
1395 3788 1541 3843 Alexandri
1555 3803 1617 3842 eum
1638 3784 1819 3858 professione,

121 3887 204 3946 illa
224 3901 298 3960 quae
312 3885 484 3958 legebantur.
1023 3896 1056 3937 ac
1070 3880 1268 3951 subscriptione
1282 3877 1431 3934 llincmari.
1457 3875 1612 3932 Alexander
1624 3874 1689 3930 dicit
1704 3872 1821 3930 nonnul·

190 3974 292 4048 Quod
308 3973 372 4029 dicit
386 3989 416 4028 se
430 3970 615 4043 respondisse,
639 3968 700 4040 quia
719 3983 856 4039 nunquam
879 3973 975 4022 eontra
1023 3969 1064 4024 los
1080 3969 1224 4039 episcopos
1239 3967 1281 4022 vel
1298 3967 1465 4033 sacerdotes,
1480 3971 1526 4019 aut
1538 3971 1612 4019 metu
1624 3961 1761 4033 compelli,
1774 3967 1821 4017 aut

120 4061 347 4136 privilegium
379 4077 480 4130 meum,
510 4058 583 4131 quod
610 4057 639 4112 in
667 4055 826 4126 metropolis
860 4054 974 4109 civitatis
1023 4058 1049 4111 vi
1065 4057 1228 4127 extorqueri,
1246 4063 1292 4109 eut
1307 4053 1403 4110 fraude
1422 4052 1520 4124 decipi,
1544 4052 1647 4124 aliquas
1670 4048 1820 4107 confessio·

125 4153 311 4228 dignitate
332 4150 434 4219 aecepi,
459 4148 592 4204 fecisset:
614 4161 663 4200 vos
681 4145 812 4213 judicate,
837 4142 860 4196 si
882 4149 974 4197 eontra
1022 4146 1065 4199 nis
1084 4161 1140 4200 suae
1155 4145 1182 4198 in
1196 4144 1306 4198 alteram
1325 4153 1430 4213 partem
1454 4157 1535 4213 quam
1552 4140 1680 4205 debeant,
1702 4145 1749 4194 aut
1769 4152 1820 4209 pro

120 4238 351 4312 privilegium
384 4235 621 4306 metropolitanum
647 4233 676 4287 in
701 4232 742 4285 his
775 4247 835 4303 quae
863 4228 974 4283 audistis
1024 4249 1133 4287 suarum
1148 4248 1202 4286 non
1221 4231 1395 4302 requisitione
1413 4245 1515 4294 rerum,
1533 4235 1588 4293 aut,
1605 4227 1679 4297 quod
1700 4223 1820 4281 deterius

117 4326 368 4404 quoquomodo
382 4324 484 4381 fecerit.
1023 4329 1073 4386 est,
1097 4320 1178 4375 alieni
1197 4318 1296 4374 erroris
1311 4326 1409 4383 sectas,
1433 4317 1582 4386 scripturas
1600 4314 1701 4381 faeere,
1717 4320 1743 4368 et
1756 4326 1819 4383 pro-

190 4415 291 4489 Quod
305 4413 370 4469 dicit
384 4429 414 4468 se
429 4413 523 4468 sedem
537 4408 716 4481 apostolicam
738 4406 912 4478 appellasse:
928 4404 971 4458 di·
988 4404 1013 4464 D
1023 4410 1089 4480 priis
1110 4408 1233 4462 manibus
1255 4407 1391 4470 roborare,
1408 4413 1434 4459 et
1456 4419 1549 4459 eoram
1570 4401 1678 4472 populis
1702 4400 1819 4456 recitare

116 4519 201 4566 eat
231 4502 304 4578 quis
320 4502 345 4557 et
359 4500 530 4565 contradixit,
546 4506 575 4553 ut
591 4512 668 4552 suam
689 4494 896 4567 appellationem
920 4507 973 4547 non
1026 4506 1107 4569 atque
1130 4494 1263 4553 confiteri.
1279 4495 1313 4548 Et
1326 4493 1485 4549 Hiuomarus
1505 4489 1646 4562 professus
1662 4496 1713 4554 est,
1736 4495 1819 4559 atque

117 4597 396 4666 prosequeretur.
1025 4584 1185 4655 subscripsit
1205 4584 1255 4639 boc
1279 4583 1380 4637 modo:
1404 4602 1414 4631 r
1440 4582 1500 4654 Ego
1524 4579 1684 4633 Hiuomarus
1708 4573 1818 4630 baudu-

194 4680 293 4754 Qnod
307 4678 381 4748 dicit,
403 4692 454 4749 qua
475 4676 591 4731 domnus
613 4689 659 4728 rer
675 4688 735 4727 mea
755 4669 872 4726 factione
894 4667 974 4721 insti·
1025 4674 1117 4727 nensis
1133 4672 1263 4728 Ecclesiae
1273 4671 1417 4742 episcopus
1431 4669 1528 4724 amodo
1539 4675 1566 4722 et
1576 4665 1704 4734 deinceps
1719 4663 1819 4718 domno

114 4783 263 4843 gatus„
288 4767 337 4840 qui
357 4765 441 4837 priori
464 4764 508 4818 die
531 4763 646 4829 dixerat,
671 4777 701 4816 se
722 4759 788 4813 nihil
809 4758 847 4811 illi
869 4773 901 4812 ex
926 4771 975 4810 sua
1025 4762 1126 4817 seniori
1146 4775 1208 4816 meo
1227 4760 1324 4815 Carolo
1344 4759 1402 4832 regi
1417 4758 1456 4813 sic
1477 4755 1566 4811 fidelis
1581 4761 1606 4809 et
1618 4751 1749 4808 obediens
1773 4764 1820 4806 sc·

112 4868 250 4928 parte
282 4854 469 4919 discredere3
492 4859 517 4906 ct
538 4859 633 4922 postea
657 4849 732 4904 illum
764 4847 879 4901 minatus
904 4852 944 4900 est
967 4861 973 4898 τ
1026 4852 1144 4906 eundum
1172 4848 1348 4904 ministerium
1370 4862 1459 4900 meum
1488 4860 1545 4907 oro,
1569 4843 1636 4897 sicut
1664 4841 1746 4895 homo
1770 4852 1820 4894 suo

109 4945 268 5005 domni
282 4943 359 5017 regis
373 4941 515 5013 responsio
530 4939 631 4995 valebit
647 4937 779 4992 sufficere.
1026 4939 1135 5004 seniori,
1152 4946 1178 4992 et
1192 4937 1337 5008 episeopus
1355 4951 1406 5005 per
1420 4941 1522 4988 rectum
1543 4946 1592 4985 suo
1607 4925 1666 5002 regi
1688 4943 1749 4984 esse
1768 4926 1820 4982 de-

200 5032 293 5107 Quod
307 5031 382 5099 dicit,
406 5030 467 5101 quia
486 5028 528 5084 sui
552 5026 676 5083 homines
700 5031 862 5095 cogerentur
885 5036 975 5077 rewa-
1027 5028 1080 5082 bet.
1098 5030 1137 5083 Ac
1150 5025 1291 5097 privilegio
1307 5021 1443 5078 llincmari
1457 5017 1657 5090 metropolitani
1673 5013 1821 5087 provinciae

101 5123 261 5189 diane,
287 5120 361 5193 quod
385 5119 460 5173 illurn
474 5117 502 5171 in
516 5116 608 5172 villam
632 5114 785 5169 Pauliacum
808 5109 892 5166 secuti
915 5108 976 5165 fue·
1026 5117 1189 5171 lthemorum
1211 5112 1350 5177 Ecclesia,
1374 5109 1522 5166 secundum
1544 5121 1637 5162 sacros
1660 5117 1780 5160 canones
1794 5107 1822 5156 et

109 5221 234 5269 rant
256 5228 264 5264 z
291 5208 315 5263 si
330 5206 522 5271 rewadiabant,
538 5204 602 5276 quia
622 5199 846 5257 irrationabiliter
869 5214 930 5254 eum
950 5197 976 5251 in
1027 5204 1136 5259 decreta
1160 5202 1233 5257 sedis
1257 5199 1410 5271 apostolica
1429 5215 1462 5253 ex
1477 5196 1561 5252 saeris
1584 5192 1733 5250 canonibus
1754 5204 1822 5261 pro·

102 5297 339 5355 Pauliacum
353 5294 437 5352 secuti
457 5301 544 5359 erant,
570 5307 670 5365 negare
688 5305 743 5344 non
758 5294 846 5359 potest
861 5302 892 5342 se
915 5301 977 5341 esse
1027 5292 1157 5365 mulgeo,
1177 5304 1227 5361 pro
1250 5289 1318 5344 seire
1333 5296 1359 5343 et
1380 5302 1461 5358 posse
1484 5301 1527 5340 me
1546 5282 1714 5339 obediturum
1735 5275 1822 5350 profi-

107 5396 320 5446 auctorem
334 5384 420 5455 ipsius
432 5379 678 5438 irrationabilitatis.
1028 5388 1095 5449 teor,
1113 5387 1138 5434 et
1153 5378 1305 5434 subscribo.
1324 5397 1335 5426 »
1351 5378 1380 5430 ln
1395 5392 1446 5448 qua
1467 5371 1637 5445 professione
1658 5377 1684 5424 et
1698 5366 1822 5425 subscri-

202 5483 295 5558 Quod
315 5481 391 5550 dicit,
407 5480 429 5535 si
449 5479 531 5536 etiam
552 5477 580 5532 in
603 5473 799 5548 subscriptione
821 5471 865 5527 illa
890 5470 977 5527 habc-
1027 5470 1117 5542 priene
1146 5466 1212 5524 nihil
1240 5465 1391 5524 continetur
1417 5464 1450 5518 de
1477 5462 1520 5517 his
1545 5476 1606 5532 quae
1635 5456 1739 5515 servari
1767 5471 1821 5512 nou
