3794 6104
57 230 113 282 933

700 216 877 274 EPISTOLAE
900 216 944 271 ET
973 218 1147 274 nactura.

60 350 165 414 cimus,
182 347 346 416 examinata,
362 346 522 402 canonicum
534 343 615 400 finem
631 341 790 415 percipiant.
803 339 899 400 batavi
909 349 988 397 aucto
996 342 1084 410 ritate,
1103 349 1252 414 nostroque
1266 344 1416 414 apostolico
1427 345 1498 413 jure,
1513 352 1539 400 te
1554 361 1714 402 excommu-

62 441 98 494 ut
111 452 213 509 snpra.

388 523 553 578 cccxxiv.

369 625 406 665 an
437 625 564 666 amaa.

379 700 470 770 (Anno
485 698 558 767 881).

66 807 149 864 iubet
159 807 342 862 Placentinos
353 805 477 872 clericos,
485 804 619 875 qnosss’nc
627 799 867 857 commendatitiis

106 878 214 932 titteris
222 876 258 930 od
266 893 331 931 eum
338 877 533 947 confugientes
543 875 698 944 receperat,
717 869 754 925 nd
771 885 868 951 coram

103 941 869 1084 tttztttrtttlttl⁸ittt²tt0lt⁶t⁶ttct”·

272 1058 279 1084 ,
830 1055 833 1060 .

103 1121 345 1177 Reverendissimo
362 1127 389 1174 et
403 1119 575 1174 sanctissimo
591 1117 710 1172 Romano
731 1113 867 1185 archiepi-

67 1224 153 1279 scopo
169 1208 327 1263 Ravennati.

915 428 1046 494 tricamus,
1064 439 1093 484 ut
1107 430 1182 486 nullo
1195 430 1278 486 modo
1291 432 1394 486 habeas
1408 431 1545 488 licentiam
1566 432 1667 504 aliquid
1681 434 1717 491 de

916 518 1065 589 episcopali
1086 517 1175 575 officio
1198 536 1340 592 peragere,
1365 528 1410 575 aut
1434 521 1522 592 ipsam
1539 521 1716 577 Faventinam

916 605 1069 662 Ecclesiam
1084 608 1275 679 quoquomodo
1291 607 1430 673 invadere,
1443 624 1531 682 neque
1542 609 1570 664 in
1579 609 1715 681 plebibus,

916 694 961 750 vei
974 695 1064 762 rebus,
1087 711 1135 750 seu
1159 696 1313 751 hominibus
1334 696 1420 767 ipsius
1442 686 1585 763 Ecclesiae,
1604 697 1716 769 aliquod

917 782 1066 836 dominium
1079 797 1163 854 agere
1185 800 1345 854 presumas,
1367 800 1510 856 usquequo
1532 801 1594 840 cum
1617 785 1716 840 eodem
1773 813 1778 823 =

918 869 1040 924 Romano
1059 871 1264 943 archiepiscopo
1284 880 1339 935 tuo,
1369 872 1488 944 (aliquid
1508 872 1596 943 deest)
1621 880 1717 928 octavo

918 956 1054 1012 Kalendas
1069 957 1195 1013 Octobris
1215 976 1306 1030 quam,
1330 960 1388 1015 Deo
1411 959 1529 1026 favente,
1552 959 1717 1016 celebraturi

916 1045 1009 1100 Romae
1028 1045 1140 1111 erimus,
1166 1054 1237 1100 tuam
1261 1046 1409 1116 specialem
1432 1048 1514 1102 rebus
1537 1048 1714 1118 presentiam

917 1132 1047 1188 exhibere
1068 1149 1208 1203 procures.
1233 1134 1302 1188 Nam
1325 1135 1349 1188 si
1378 1144 1474 1190 contra
1497 1135 1569 1191 hanc
1593 1144 1716 1191 nostram

918 1221 1096 1290 apostolicam
1121 1221 1283 1290 jussionem,
1306 1231 1332 1276 et
1359 1231 1420 1293 post
1442 1223 1522 1292 hujus
1545 1231 1645 1279 nostrae
1668 1240 1716 1279 ex·

104 1297 179 1351 1⁰²0?
193 1305 306 1351 ⁰2¹0?ss
320 1293 549 1365 lil⁰l²lfi³ffe0¹u³2
560 1292 679 1347 “limes
689 1290 866 1361 i¹¹⁰⁰¹¹ssffl²⁸v
918 1309 1170 1365 communicationis
1186 1310 1357 1376 sententiam,
1373 1311 1475 1381 aliquid
1489 1311 1524 1365 de
1538 1311 1598 1382 ipso
1607 1312 1715 1382 episco-

68 1385 169 1456 quibus
185 1383 301 1454 “ipsum
321 1383 440 1454 ‘luotidie
463 1391 554 1436 ¹⁰0⁰*ss
577 1379 730 1450 ifflPFOVida
750 1377 868 1433 immisi
917 1396 972 1466 pali
987 1397 1136 1452 ministerio
1151 1413 1234 1470 agere
1248 1399 1464 1469 praesumpseris,
1481 1399 1524 1454 vel
1546 1400 1575 1453 in
1589 1400 1715 1455 omnibus

68 1471 101 1543 [s.
119 1470 229 1542 irretiri]
245 1486 299 1526 non
317 1471 435 1535 dubitas,
461 1470 544 1525 Paulo
565 1467 733 1524 charissima
755 1467 868 1523 Placen·
919 1500 979 1553 φη
994 1485 1028 1538 ad
1044 1485 1170 1539 eumdem
1192 1486 1378 1557 episcopatum
1402 1487 1547 1558 pertinent,
1572 1487 1716 1543 temerario

68 1560 132 1614 tinae
143 1559 275 1614 Ecclesiae
290 1557 408 1613 antistite
431 1557 465 1611 ad
488 1572 569 1611 aures
592 1554 761 1627 apostolatus
784 1555 869 1609 nostri
918 1581 945 1626 pe
967 1589 1034 1626 ,usu
1059 1573 1235 1628 intromittere
1260 1575 1418 1641 temeri&
1440 1583 1520 1648 atque
1543 1576 1577 1630 ad
1592 1575 1715 1631 denomi,

69 1647 208 1702 humiliter
224 1646 398 1710 reclamante,
414 1646 557 1701 didicimus
568 1643 639 1715 quod
659 1642 1006 1743 clericosipsiuanayam
1022 1662 1155 1731 synodum
1179 1677 1325 1717 ,munem
1350 1665 1547 1733 postposueris,
1572 1664 1643 1720 scias
1665 1677 1737 1735 pro>
1778 1704 1782 1709 ,

68 1734 203 1791 Ecclesia
217 1734 322 1806 regula
336 1748 461 1788 normam
473 1732 571 1789 sectari
581 1731 714 1797 nolentes,
730 1730 868 1788 etidcirco
919 1756 993 1804 certo
1008 1748 1068 1820 quja
1083 1765 1137 1804 „011
1152 1750 1238 1805 solum
1254 1751 1327 1804 omni
1338 1751 1521 1807 ecclesiasqffl
1546 1760 1572 1806 qe
1595 1767 1717 1808 commu.

68 1823 129 1877 sine
143 1821 370 1878 commendatitiis
386 1821 478 1893 utique
491 1820 589 1876 litteris
603 1820 637 1875 ad
661 1826 687 1873 te
703 1821 867 1893 confugien·
918 1836 999 1891 „ione
1013 1837 1188 1906 privabimus,
1206 1838 1255 1893 sed
1269 1838 1351 1895 etjam
1373 1839 1497 1909 synodali
1514 1841 1626 1895 decreto
1641 1855 1658 1895 ι
1673 1855 1717 1894 30.

69 1919 122 1976 ¹0⁵,
139 1917 236 1966 ⁶0¹¹ir⁸
249 1924 328 1965 33013
343 1909 483 1964 b⁰³¹0ffl¹1¹
507 1910 614 1965 pillum
635 1919 732 1965 5ῑὲῑῦῑὸ
748 1910 868 1980 receiis·
919 1925 1050 1979 cerdotali
1066 1925 1170 1980 honore
1178 1934 1204 1979 te
1215 1926 1368 1981 sanciemus
1385 1925 1503 1981 alienum
1512 1927 1638 1982 existere.
1649 1927 1717 1983 Data

68 2013 125 2066 ⁸²³»
142 2006 324 2068 recellwssque
344 1998 448 2051 ‘ibimet
471 1997 597 2051 samlflssll
622 1999 764 2053 decemb&
789 1997 868 2067 QUOd
919 2027 969 2065 avr
983 2012 1119 2068 Kalendas
1134 2014 1259 2086 Augusti,
1276 2014 1422 2070 indictione
1438 2014 1661 2086 decimaquarta.

67 2086 197 2141 nimirum
218 2094 329 2156 propter
352 2084 461 2139 multam
487 2085 728 2156 perturbationem,
746 2095 772 2141 et
796 2086 868 2141 sedi·

67 2174 159 2229 nones
188 2189 248 2244 qua
271 2189 344 2243 saepe
372 2173 448 2239 liunt,
477 2173 635 2228 auctoritate
663 2174 814 2245 apostolica
842 2182 869 2230 et

68 2269 229 2317 sanctorum
248 2261 356 2316 Patrum
379 2261 518 2331 precipua
539 2261 704 2316 institutione
726 2270 868 2333 amputare

66 2350 203 2418 volentes,
220 2349 379 2403 reverentiae
394 2355 446 2404 tuae
458 2348 585 2416 jubemus
595 2350 731 2419 praedicta
739 2350 868 2406 Ecclesia

69 2437 228 2492 Faventinus
255 2436 429 2508 [Placentinae
457 2441 490 2492 ut
517 2436 613 2508 sopra]
648 2437 773 2503 ciericos,
800 2453 868 2509 quos

66 2540 156 2595 penes
187 2532 212 2579 te
239 2524 387 2580 enormiter
410 2525 510 2579 habere
539 2525 650 2590 videris,
681 2533 707 2579 et
729 2525 867 2595 praecipue

68 2612 193 2667 Gausum
209 2611 361 2677 diaconum,
377 2612 411 2666 de
425 2613 554 2683 praesenti
569 2628 618 2667 suo
630 2613 744 2667 reddere
754 2613 797 2667 vel
808 2613 868 2667 diri·

67 2717 137 2773 gere
153 2716 283 2770 procures
299 2701 437 2771 episcopo.
462 2701 532 2767 Quia
555 2716 610 2755 non
634 2700 697 2755 licet
719 2701 868 2771 quemlihet

1219 2120 1412 2175 CCCXXXVI.

1027 2222 1064 2261 an
1083 2220 1213 2262 sotrtrvatt
1232 2222 1385 2262 artscorna
1405 2222 1602 2265 rtcocaarssnst.

1226 2297 1316 2364 (Anno
1339 2297 1410 2364 881.)

925 2383 1118 2438 licitationem
1127 2384 1429 2452 Faventinnllcclcsioe
1438 2388 1550 2455 pastore
1561 2383 1715 2449 destituto,

955 2455 1069 2524 ejusque
1084 2468 1183 2508 cnrom
1198 2456 1225 2508 ei
1239 2454 1401 2518 committit,
1418 2454 1504 2510 donec
1519 2471 1607 2512 novus
1620 2458 1718 2527 postor

956 2524 1045 2577 eidem
1060 2524 1244 2594 proficiatur.

953 2610 1056 2664 lostam
1071 2610 1200 2680 episcopo
1215 2610 1376 2666 ficoclensi.

954 2696 1064 2751 Obitum
1078 2699 1191 2752 Romani
1207 2698 1361 2753 Faventiam
1375 2698 1491 2754 civitatis
1505 2699 1631 2756 antistitis
1639 2700 1716 2756 dire·

67 2789 201 2843 clericum
216 2787 244 2843 in
265 2788 379 2842 duarum
401 2788 540 2843 civitatum
564 2788 698 2843 conscribi
721 2787 799 2841 simul
814 2789 867 2843 Ec·
917 2793 961 2839 cta
975 2785 1078 2839 dudum
1093 2785 1188 2840 relatio
1204 2785 1330 2856 patefacit
1348 2804 1354 2839 ε
1371 2794 1538 2858 quapropter
1555 2788 1715 2845 visitationis

67 2876 172 2941 clesiis,
188 2884 216 2931 et
229 2877 257 2930 in
271 2892 323 2947 qua
338 2876 373 2930 ab
388 2876 463 2930 initio
479 2876 586 2940 exstitit,
604 2876 638 2930 ad
654 2891 736 2947 quam
746 2875 867 2945 confugit
917 2872 1051 2927 destitutae
1066 2873 1197 2929 Ecclesiae
1207 2873 1427 2930 fraternitatituae
1437 2891 1549 2945 operam
1560 2876 1719 2932 solemniter

68 2964 149 3034 qnasi
164 2963 199 3018 ad
214 2964 346 3034 potiorem
357 2965 392 3019 oh
408 2964 494 3018 inanis
518 2963 612 3036 glorias
630 2964 825 3034 cupiditatem:
840 2968 879 3018 ct·
923 2961 1092 3033 delegamus.
1109 2961 1195 3030 Quam
1218 2962 1254 3016 ita
1277 2970 1304 3017 te
1314 2963 1440 3018 convenit
1454 2965 1593 3031 exhibere,
1609 2972 1638 3019 ut
1653 2965 1719 3021 nihil

67 3051 132 3106 ideo
147 3067 195 3106 eos
210 3052 244 3106 ad
266 3068 341 3106 suam
365 3052 515 3107 Ecclesiam
540 3052 662 3107 revocari
681 3052 864 3119 decernimus,
882 3025 952 3104 Cde
963 3050 1182 3119 provectionibus
1193 3050 1225 3122 [f.
1235 3051 1423 3123 proventibus]
1435 3052 1607 3118 clericorum,
1618 3054 1717 3120 reditu,

68 3147 96 3193 et
111 3138 146 3193 de
162 3139 215 3195 illis
229 3141 344 3211 amphus
358 3155 441 3212 agere
456 3156 554 3196 cavere
574 3155 686 3210 prorsus
700 3147 815 3210 oportet,
831 3156 866 3195 ne
916 3147 1012 3191 ornatu
1028 3137 1250 3210 ministeriisque,
1264 3139 1308 3194 vel
1318 3140 1449 3210 quidquid
1460 3140 1525 3194 illud
1534 3149 1576 3195 est
1584 3140 1611 3194 in
1620 3141 1718 3195 matri-

68 3239 227 3283 sanctorum
251 3229 359 3283 Petrum
380 3228 490 3296 judicio,
517 3228 590 3299 quod
615 3237 711 3284 contra
725 3229 804 3297 hujus
819 3245 865 3283 re·
916 3225 1008 3280 monio
1023 3226 1129 3290 eodem,
1146 3241 1162 3281 a
1177 3242 1314 3297 quoquam
1323 3235 1507 3296 praesumatur
1521 3227 1672 3294 Ecclesiae;
1690 3236 1718 3283 et

67 3315 142 3390 gulae
156 3324 374 3389 transgressores
388 3317 524 3386 prolatum
548 3324 598 3380 est,
616 3316 735 3370 damnari
756 3316 865 3371 omnino
916 3312 977 3367 ideo
992 3313 1115 3368 Ecclesia
1130 3312 1306 3385 [fraternitas]
1325 3321 1370 3367 tua
1385 3315 1420 3368 ad
1437 3315 1593 3384 praedictam
1617 3314 1715 3371 Eccle-

66 3404 212 3459 merearis.
228 3405 300 3458 atsi
315 3404 416 3474 aliquid
439 3404 511 3458 inter
539 3420 587 3459 eos
610 3404 715 3458 adversi
740 3413 866 3458 exortum
916 3401 984 3453 siam
999 3401 1039 3454 ire
1049 3409 1184 3470 procuret,
1196 3408 1225 3455 ut
1236 3400 1366 3471 quidquid
1377 3401 1484 3455 utilitati
1495 3401 1567 3456 illius
1576 3402 1712 3474 congruit,

66 3489 160 3555 luent,
175 3491 305 3546 canonice
320 3491 451 3546 intereos
472 3489 597 3556 diffinias,
621 3491 697 3546 salvo
712 3491 786 3545 sedis
801 3506 866 3561 apo·
915 3487 1025 3541 interim
1040 3487 1132 3542 solerti
1148 3503 1214 3543 cura
1225 3488 1383 3558 praevident,
1397 3503 1546 3559 quousque,
1558 3489 1675 3560 qualiter
1684 3505 1715 3545 se

68 3577 174 3634 stolicae
188 3579 302 3647 honore,
319 3586 400 3649 atque
416 3579 521 3649 vigore,
539 3577 669 3650 salvoque
677 3585 729 3634 tuae
737 3579 867 3635 Ecclesia
915 3575 1012 3630 babeat
1041 3575 1148 3641 electio,
1173 3577 1215 3631 vel
1244 3576 1377 3630 ordinatio
1403 3576 1576 3631 succedentis
1593 3577 1715 3648 episcopi

67 3666 223 3739 privilegio.
240 3668 273 3721 Et
288 3675 422 3736 praeterea
447 3666 602 3722 sacerdotes
625 3674 651 3721 et
674 3666 790 3722 elericos
804 3665 867 3720 Pla·
916 3678 1008 3716 coram
1024 3664 1102 3717 nobis
1117 3663 1243 3733 synodali
1257 3663 1416 3717 discutiatur
1427 3664 1560 3730 examine,
1573 3673 1599 3719 et
1610 3672 1715 3735 aposto·

66 3753 185 3808 cendnae
207 3754 355 3819 Ecclesia,
378 3770 447 3826 quos
475 3754 733 3819 excommunicasti,
768 3762 796 3808 ut
833 3755 866 3808 ab
915 3750 968 3806 lica
983 3751 1151 3816 terminetur,
1168 3753 1225 3807 Deo
1237 3752 1357 3820 juvante,
1374 3767 1499 3806 censura.
1513 3753 1581 3807 Data
1590 3766 1641 3808 atu
1651 3752 1714 3808 Kal.

65 3839 165 3896 cadem
179 3842 456 3897 excommunicatione
475 3843 611 3908 absolvas,
634 3857 775 3913 quousque
795 3849 866 3897 tem-

65 3944 137 3999 pore
151 3944 273 4002 congrno
288 3938 316 3984 tu
328 3946 390 3986 cum
403 3931 443 3985 eis
458 3929 573 3987 lorcam
588 3932 624 3985 ad
647 3932 780 4002 synodum
795 3929 867 4002 pari-

65 4024 111 4072 ter
125 4017 249 4073 veniatis.
265 4019 331 4073 Data
349 4034 443 4074 mense
457 4018 540 4084 lulio,
563 4017 711 4076 indictione
726 4033 784 4074 xvv.

388 4168 542 4224 CCCXXV.

225 4266 261 4311 tn
281 4269 497 4312 consranrrnva
515 4271 707 4313 sacaanoraa.

379 4347 469 4412 (nano
483 4345 558 4417 881.)

63 4432 379 4489 Eccommuntcctcum
389 4433 568 4505 qaodnbsqttc
578 4449 630 4488 soc
646 4431 804 4488 licentiosi
818 4449 865 4487 or-

102 4505 276 4587 chicpa'scopo
299 4506 460 4559 Rauennate
484 4504 520 4558 od
548 4504 711 4588 faventinae
734 4503 865 4558 Ecclesiae

102 4573 865 4715 tttttttttc'tttltltttlcttltttt,tt

101 4731 155 4770 nec
169 4715 205 4770 nd
218 4714 355 4785 synodum
372 4715 644 4770 llomonomoeniot.
744 4750 746 4753 -

916 3842 1063 3911 Augustas,
1079 3839 1225 3895 indictione
1245 3854 1304 3893 ιιι.

1226 3962 1405 4018 cccxxvii

1083 4065 1119 4106 an
1139 4066 1274 4108 nonnus
1293 4066 1540 4109 tacnmrtscortttt.

1222 4137 1312 4207 (Anno
1332 4136 1407 4205 881.)

916 4221 956 4280 dd
970 4221 1107 4294 synodum
1123 4225 1237 4278 Romam
1252 4225 1302 4278 salt
1310 4240 1393 4294 poenc
1405 4225 1710 4280 excommunicationis

930 4292 1698 4364 ocnircjssbetutndcaqnoeobjicicbontnrrespondcot.

878 4373 906 4434 D
951 4379 1189 4434 Reverendissimo
1212 4386 1238 4432 et
1261 4378 1433 4434 sanctissimo
1465 4378 1595 4435 confratri
1618 4387 1714 4435 nostro

916 4467 1036 4523 Roatno
1051 4465 1265 4536 archiepiscopo.

951 4554 1020 4623 Quia
1030 4554 1195 4625 jampridem
1209 4553 1299 4608 missis
1313 4553 1363 4608 tibi
1377 4570 1427 4626 per
1445 4556 1578 4610 loannem
1593 4570 1713 4610 venera·

916 4643 997 4697 bilem
1012 4643 1169 4713 episcopum
1183 4643 1282 4699 Montis
1296 4643 1435 4698 Feretrani
1444 4643 1612 4715 apostolatus
1626 4643 1714 4699 nostri

915 4730 1019 4796 litteris,
1036 4731 1071 4785 ad
1086 4730 1215 4802 synodale
1231 4739 1257 4786 te
1276 4731 1422 4804 collegium
1446 4747 1496 4803 pro
1518 4731 1713 4788 ecclesiasticis

20 4860 23 4864 .
101 4820 304 4874 Consranrtno
333 4819 470 4875 sacerdoti
492 4818 623 4875 Ecclesia
654 4818 810 4875 Faventinus
830 4818 864 4873 de
915 4818 1046 4874 duntaxat
1060 4819 1219 4874 utilitatibus
1233 4820 1375 4875 uobiscum
1395 4820 1497 4890 pariter
1511 4820 1713 4876 celebraturum

62 4907 147 4980 plebe
161 4908 245 4963 sancti
259 4907 332 4963 Petri
347 4906 529 4962 Transilvani.
915 4920 1059 4962 occurrere
1083 4907 1232 4976 jussimus,
1263 4913 1289 4961 et
1316 4914 1389 4962 tuam
1419 4908 1498 4962 nobis
1527 4908 1714 4980 contempsisti

100 4995 250 5052 Audientea
265 5003 292 5050 te
305 5011 367 5051 esse
382 4995 461 5067 quasi
474 4995 508 5049 ad
532 4994 716 5067 episcopalem
733 4996 864 5051 honorem
914 4996 1087 5065 praesentiam
1125 4994 1271 5060 exhibere3
1316 5011 1388 5051 nunc
1428 4996 1520 5051 multia
1555 4996 1713 5053 criminibus

62 5099 80 5139 a
108 5086 231 5139 Romano
254 5084 409 5138 Rauennate
446 5082 661 5153 archiepiscopo,
693 5083 751 5138 sine
778 5083 864 5138 nostri
914 5083 1065 5147 irretitum,
1095 5083 1294 5153 multorumque
1327 5082 1465 5139 hominum
1494 5085 1713 5140 accusationibus

60 5171 194 5244 pontificii
208 5171 377 5237 auctoritate,
393 5186 442 5228 seu
466 5169 582 5236 licentia,
608 5178 636 5225 et
658 5170 762 5241 absque
777 5185 863 5226 cano·
914 5170 1059 5225 horrendis
1079 5169 1298 5240 impetitum,xet
1323 5170 1460 5242 praecipue
1478 5171 1622 5227 manifesto
1643 5188 1711 5243 per·

62 5260 134 5314 nica
160 5258 335 5314 institutionis
355 5259 453 5332 regula
475 5259 622 5313 enormiter
642 5267 805 5328 promotum,
821 5259 863 5313 his
911 5257 983 5326 jurio
997 5273 1059 5313 esse
1073 5258 1215 5327 pollutum,
1231 5266 1423 5329 agnoscentes,
1443 5260 1496 5314 hac
1518 5260 1646 5316 secundae
1660 5275 1713 5316 vo·

61 5347 232 5419 apostolatus
247 5347 333 5402 nostri
348 5346 445 5402 litteris
469 5362 502 5402 ex
526 5345 575 5400 Dei
591 5345 783 5416 omnipotentis
798 5361 863 5401 san·
913 5345 1026 5402 cationis
1053 5354 1153 5400 nostrae
1181 5346 1339 5402 auctoritate
1358 5347 1394 5401 ad
1417 5348 1604 5405 venerabilem
1631 5364 1714 5422 syno-

60 5443 224 5508 ctorumque
247 5434 319 5490 Petri
342 5450 375 5492 ac
398 5435 476 5490 Pauli
504 5435 687 5507 apostolorum
710 5433 863 5507 principum
912 5433 988 5503 dum,
1004 5448 1094 5505 quam,
1110 5434 1168 5490 Deo
1183 5432 1299 5502 invente,
1315 5442 1411 5492 octavo
1425 5435 1564 5494 Kalendas
1584 5435 1713 5496 Octobris
