3794 6104
47 263 119 356 τττ
748 299 936 358 uusroua.
1653 302 1705 364 cra

44 423 211 494 juramentis
231 422 404 495 contemptis,
427 422 493 479 illud
508 438 622 497 regnum
642 425 715 496 quod
730 424 857 481 Lothario
869 425 897 486 A
907 426 1057 481 seeundum
1077 426 1200 483 ordinem
1221 428 1363 496 Ecclesiae,
1380 429 1438 486 eive
1452 427 1524 487 ultro
1537 429 1704 497 confessum,

51 513 222 583 imperatore
237 510 366 568 defuncto
380 511 492 568 domiuo
507 511 683 568 serenissimo
698 512 856 583 imperatori
905 513 964 570 sive
981 523 1146 582 accusatum,
1163 525 1244 588 atque
1259 518 1421 575 convictum.
1441 539 1452 569 s

53 601 110 656 filio
127 603 187 670 eius
201 601 318 656 debetur
326 601 436 668 invasit,
449 599 564 657 etfidem
572 600 692 656 debitam
703 601 854 657 violavitt»
943 601 1011 657 Sunt
1026 603 1098 658 enim
1109 604 1196 677 leges,
1212 614 1239 660 et
1248 620 1377 671 canones,
1390 621 1422 662 ac
1431 606 1542 663 decreta
1552 607 1627 663 sedis
1639 623 1706 679 apo·

54 689 229 746 Reverentia>
257 698 357 745 vestrae
378 689 468 744 debita
496 686 644 744 humilitate
673 690 855 761 respondebo,
907 690 1009 746 stolicis
1023 707 1056 746 ex
1078 692 1179 748 eisdem
1204 695 1352 749 canonibus
1370 695 1552 768 promulgata,
1568 711 1629 767 quae
1644 708 1706 750 ma-

54 778 187 850 quoniam
202 778 254 834 etsi
268 778 305 832 ita
319 793 381 833 esse
395 785 425 832 ut
439 777 558 834 scribitis
582 778 691 844 scirem,
715 795 776 834 cum
798 778 857 849 ipse
906 776 1033 833 uifestant
1057 780 1172 850 qualiter
1194 788 1219 836 et
1233 797 1248 836 a
1262 783 1371 853 quibus,
1394 783 1437 839 vel
1451 783 1498 838 ubi
1521 783 1583 856 quis
1609 783 1709 838 debeat

53 883 102 922 rex
119 866 237 922 Carolus
251 866 288 921 ita
301 881 364 922 esse
378 881 433 922 non
447 864 618 936 confiteatur,
641 881 693 921 nec
714 866 757 921 vel
776 866 857 939 legali
907 866 1031 922 accusari
1046 868 1089 923 vel
1101 869 1218 937 judicari
1230 889 1237 932 ;
1249 871 1283 924 (ῖο
1298 871 1396 941 quibus
1412 880 1522 928 sanctus
1536 869 1705 943 Augustinus

53 955 97 1011 vel
127 954 249 1026 regulari
274 954 378 1024 judicio
406 954 470 1009 inde
488 953 628 1010 convictus
658 961 800 1026 appareat,
831 963 858 1010 et
907 953 1019 1011 inlibro
1034 956 1069 1011 de
1084 971 1149 1011 vera
1164 957 1305 1028 Religiono
1320 960 1393 1032 (cop.
1410 960 1456 1030 at)
1472 959 1558 1015 dicit:
1574 959 1705 1015 «fuistis

54 1043 148 1097 multis
164 1043 354 1099 attestantibus
370 1041 484 1098 fateatur
498 1043 569 1098 hanc
583 1043 662 1116 regni
684 1051 790 1114 partem
805 1043 857 1097 sibi
907 1043 1101 1113 temporalibus
1129 1043 1246 1116 legibus,
1275 1063 1427 1118 quanquam
1454 1047 1488 1103 de
1517 1047 1558 1102 his
1578 1047 1704 1103 homines

54 1139 162 1203 epatre
176 1130 314 1188 Ludovioo
333 1132 468 1204 Augusto,
493 1147 627 1187 consensu
642 1139 696 1186 tam
711 1131 857 1203 episcopo·
903 1130 1026 1200 judicent
1041 1147 1103 1188 curn
1118 1149 1166 1188 eas
1182 1134 1332 1199 instituunt,
1357 1143 1446 1189 tamen
1470 1150 1531 1191 cum
1545 1135 1646 1190 fuerint
1660 1136 1704 1191 in-

55 1235 116 1274 rum
145 1235 231 1292 quam
263 1227 425 1276 ceterorum
458 1234 605 1290 procerum
642 1220 722 1275 totius
750 1219 858 1291 imperii
906 1219 1005 1275 stitutre
1027 1228 1107 1294 atque
1132 1220 1253 1288 firmatae,
1280 1237 1334 1277 non
1356 1223 1446 1279 licebit
1468 1223 1553 1292 iudici
1574 1223 1608 1278 de
1637 1223 1703 1294 ipsis

56 1308 196 1376 traditam,
218 1315 245 1363 et
268 1307 380 1363 afratre
403 1307 529 1363 Lothario
552 1317 722 1364 sacramento
748 1308 857 1379 publice
903 1307 1037 1375 judicare,
1054 1309 1102 1364 sed
1118 1309 1268 1365 seeundum
1283 1310 1366 1381 ipsas.
1381 1332 1392 1360 s
1410 1312 1442 1365 Et
1457 1318 1565 1367 sanctus
1580 1310 1706 1367 Gelasius

55 1395 254 1465 continuatam,
284 1396 453 1467 sequendum
485 1402 575 1451 ῖοτττοττ
611 1395 677 1450 mihi
711 1396 858 1451 arbitrarer
904 1393 935 1449 in
949 1397 1067 1453 decretis
1082 1397 1138 1452 suis
1152 1399 1186 1452 ad
1201 1397 1354 1453 Orientales
1369 1398 1647 1471 episcoposzrldeo,
1663 1398 1704 1454 in-

56 1484 128 1556 quod
151 1484 299 1555 praemisso
318 1483 421 1553 judicio
444 1483 509 1539 dicit
531 1482 687 1540 Africanum
711 1484 857 1540 concilium
907 1488 972 1560 quit,
990 1493 1103 1542 vocatur
1117 1486 1151 1540 ad
1163 1486 1295 1555 iudicium
1310 1495 1383 1542 certa
1395 1502 1703 1560 quaecunqucpersona,

56 1575 130 1642 (con.
148 1573 213 1643 too)
229 1588 237 1627 :
256 1593 267 1623 ι
286 1573 320 1629 Ut
334 1571 423 1644 magis
445 1580 538 1628 caveat
560 1572 705 1643 episcopus
729 1588 763 1627 ne
785 1572 857 1628 dicat
906 1583 934 1631 nt
948 1584 994 1630 aut
1014 1575 1132 1630 fateatur
1151 1576 1267 1644 objectu,
1289 1582 1334 1630 aut
1355 1575 1478 1631 vincatur
1500 1575 1623 1644 objectis.
1644 1575 1707 1630 »Et

57 1661 85 1716 in
110 1675 290 1732 quemquam,
315 1659 390 1733 quod
412 1659 472 1714 aliis
495 1659 667 1718 documentis
693 1660 857 1716 convincere
906 1664 1003 1719 iterum
1019 1664 1057 1734 (ll
1071 1666 1132 1735 lieo.
1150 1664 1198 1732 nu)
1216 1680 1222 1718 τ
1241 1665 1378 1719 «Nathan
1399 1664 1533 1735 propheta
1547 1663 1637 1734 palam
1651 1680 1705 1735 pu·

56 1765 109 1804 uon
122 1756 225 1820 potest.
244 1770 256 1797 s
871 1752 1031 1839 Bbliceque
1046 1750 1073 1805 in
1089 1750 1157 1807 facie
1172 1751 1246 1822 regis
1261 1752 1345 1836 David
1361 1759 1387 1807 et
1400 1752 1575 1807 commissum
1586 1767 1707 1823 pronun·

91 1837 170 1893 Unde
199 1844 311 1893 sauctus
345 1836 521 1910 Augustinus,
551 1836 597 1910 qui
625 1836 715 1893 eidem
740 1836 857 1893 concilio
908 1839 983 1897 tiavit
998 1855 1132 1905 errorem,
1148 1847 1173 1894 et
1189 1840 1277 1910 ipsum
1303 1840 1479 1895 commissum
1500 1857 1556 1897 non
1571 1840 1663 1907 tacuit,
1679 1849 1708 1897 et

59 1925 212 1981 interfuisse
241 1925 351 1999 legitur,
378 1941 395 1980 a
418 1925 484 1982 sede
507 1925 664 1996 apostolica,
690 1925 771 1981 beato
792 1925 857 1981 Coe·
907 1928 1079 1984 confessione
1098 1936 1250 1983 correctum
1275 1937 1475 2000 consequenter
1495 1928 1620 1985 absolvit.
1640 1951 1651 1979 τ
1672 1930 1707 1986 Et

61 2015 152 2070 lestino
181 2015 309 2079 docente,
339 2026 390 2084 pro
417 2014 472 2069 vita
500 2030 547 2069 sua
580 2021 662 2085 atque
695 2013 798 2069 meritis
826 2028 857 2069 ac
908 2025 1019 2073 sanetus
1033 2015 1187 2072 Bonifacius
1202 2017 1284 2089 longe
1298 2025 1360 2072 ante
1380 2017 1500 2074 decrevit
1518 2034 1525 2072 :
1544 2037 1555 2066 ι
1572 2017 1607 2071 Εῖ
1622 2032 1705 2073 accu-

62 2119 154 2176 msgna
169 2102 287 2158 scientia
301 2101 371 2157 iuter
384 2102 531 2176 magistros
555 2102 672 2173 optimus
693 2102 812 2166 habitus,
829 2101 856 2157 in
908 2114 982 2160 satus
996 2121 1128 2177 praesens,
1145 2106 1167 2159 si
1182 2105 1302 2172 confidit,
1319 2106 1353 2160 ad
1368 2105 1473 2175 objecta
1497 2105 1672 2176 respondeat.
1692 2126 1703 2154 s

63 2191 125 2246 libro
138 2191 175 2247 de
190 2189 427 2246 Poenitentiadicit
442 2191 552 2260 (homi
566 2193 609 2256 50,
620 2207 681 2263 cop.
699 2193 727 2260 3)
740 2208 746 2244 :
765 2213 777 2241 ι
794 2190 856 2245 Ρῖο-
907 2194 969 2249 Non
992 2194 1188 2267 insurgendum
1210 2209 1277 2266 ergo
1292 2193 1358 2248 mibi
1373 2203 1415 2249 est
1428 2194 1516 2249 visum
1531 2194 1564 2247 ad
1577 2193 1705 2262 judican-
1740 2201 1745 2207 '

66 2280 134 2351 rique
147 2279 214 2335 boni
231 2278 376 2334 Christiani
395 2286 542 2350 propterea
566 2286 666 2345 tacent,
683 2287 709 2333 et
724 2276 857 2334 sufferunt
908 2283 971 2336 dum
995 2283 1069 2337 illum
1095 2282 1141 2354 qui
1163 2298 1218 2337 nou
1242 2281 1394 2348 confessus,
1419 2289 1464 2336 aut
1486 2282 1515 2336 in
1537 2281 1627 2352 aliquo
1648 2281 1706 2337 sive

68 2368 143 2423 ebena
157 2375 274 2440 peecata
289 2383 350 2439 quae
364 2375 506 2434 novemnt,
523 2367 585 2439 quia
599 2367 769 2424 documentis
783 2383 856 2438 saepe
908 2370 1040 2435 saeculari,
1071 2371 1128 2426 sive
1151 2370 1336 2427 ecclesiastico
1362 2370 1465 2440 judicio
1486 2370 1640 2425 nominatus
1664 2376 1707 2425 est

69 2457 229 2523 deseruntur,
246 2463 273 2511 et
287 2471 319 2512 ea
335 2472 396 2528 quae
409 2454 461 2527 ipsi
476 2457 565 2512 sciunt
578 2456 856 2513 indicibuseoclesia·
907 2469 986 2531 atque
1000 2458 1139 2515 convictus
1156 2476 1163 2513 ε
1179 2475 1230 2514 nec
1245 2467 1388 2531 utrumque
1403 2458 1440 2513 fui
1454 2474 1537 2513 ausus
1556 2473 1704 2525 assumere,

10 2536 14 2585 ²·
69 2546 128 2602 sticis
141 2546 264 2617 probare
279 2560 335 2601 nou
349 2553 473 2616 possunt.
491 2543 620 2614 Quamvis
636 2545 708 2600 enim
723 2561 787 2600 vera
804 2546 856 2600 sint
906 2554 936 2601 ut
951 2548 1009 2616 ejus
1023 2547 1082 2618 ipse
1096 2546 1184 2602 forem
1199 2556 1223 2602 et
1238 2556 1381 2602 accusator
1396 2554 1422 2602 et
1433 2547 1526 2616 juder.

10 2628 17 2661 ·“
72 2634 193 2705 quedem,
221 2649 277 2689 non
303 2640 394 2689 tamen
412 2633 497 2703 judici
519 2633 598 2689 facile
620 2634 758 2689 credenda
782 2640 855 2700 suut,
943 2637 982 2691 Dc
997 2651 1030 2691 eo
1045 2634 1118 2706 quod
1133 2635 1261 2691 sanctitas
1281 2643 1374 2690 vestra
1397 2634 1536 2706 exiguitati
1551 2650 1620 2690 mese
1634 2634 1705 2690 scri·

72 2723 113 2777 cisi
124 2722 207 2780 certis
220 2721 329 2779 indiciis
344 2722 573 2778 demonstrentur.
595 2722 653 2777 Nos
668 2737 734 2778 vero
747 2739 763 2776 a
777 2737 856 2778 com·
906 2724 970 2795 psit,
988 2723 1051 2796 quia
1066 2722 1137 2788 silui,
1155 2732 1181 2778 et
1194 2729 1290 2779 contra
1305 2722 1358 2778 tale
1372 2721 1478 2778 facinus
1499 2722 1594 2778 saltem
1610 2722 1707 2778 leviter

74 2812 185 2868 munione
199 2827 365 2884 quemquam
376 2810 522 2881 prohibere
532 2825 750 2881 nonpossumus,
762 2826 857 2882 quum·
907 2828 962 2868 non
977 2811 1123 2878 insurrexi,
1139 2827 1195 2867 non
1209 2810 1298 2866 solum
1313 2826 1436 2878 consors,
1453 2810 1502 2867 sed
1524 2811 1615 2878 etiam,
1632 2811 1704 2883 quod

73 2900 171 2956 rishaee
193 2899 341 2972 prohibitio
364 2898 485 2955 nondum
499 2898 534 2954 sit
549 2898 680 2965 mortalis,
703 2898 752 2954 sed
767 2899 857 2954 medi·
907 2909 948 2956 est
972 2900 1099 2965 deterius,
1124 2900 1205 2969 huJus
1226 2900 1378 2971 tyrannidis
1401 2908 1496 2956 auctor
1518 2899 1577 2971 ipse
1599 2899 1704 2965 videor,

73 2989 161 3057 cinctis,
186 2988 240 3045 nisi
260 2996 305 3044 aut
328 2995 425 3059 sponte
445 2987 612 3057 confessum,
627 2995 674 3042 aut
686 2987 777 3059 aliquo
799 2988 857 3043 sive
908 3004 969 3045 cum
984 2989 1064 3044 venia
1078 2997 1105 3045 et
1118 3005 1185 3059 paee
1201 2997 1299 3044 vestrae
1314 2988 1488 3043 sublimitatis
1501 2989 1573 3058 dico,
1590 2989 1651 3062 quia
1662 2987 1704 3044 ille

74 3076 190 3144 seculari,
207 3077 266 3132 sive
280 3075 467 3133 ecclesiastico
478 3076 581 3145 judicio
592 3075 760 3132 nominatum
775 3083 857 3147 etque
907 3077 954 3149 qui
968 3076 1038 3132 forte
1053 3078 1104 3132 hae
1119 3077 1257 3148 opinione,
1274 3078 1323 3132 sed
1337 3093 1392 3132 non
1406 3077 1572 3148 cognitione,
1590 3077 1624 3132 ad
1636 3077 1707 3147 inju-

74 3166 218 3223 candetum.
234 3164 303 3235 Quis
311 3165 390 3221 ‚enim
404 3164 456 3219 sibi
470 3172 614 3236 utrumque
629 3165 710 3220 audet
731 3178 857 3220 assume·
908 3166 976 3220 riam
992 3174 1019 3222 et
1033 3166 1246 3236 increpationem
1266 3182 1357 3221 meam
1378 3166 1455 3221 vobis
1471 3165 1618 3237 suggessit,
1635 3165 1707 3222 scire

73 3270 103 3319 re,
115 3262 142 3309 nt
154 3253 283 3327 cuiquam
301 3254 361 3324 ipse
384 3253 418 3308 sit
442 3261 584 3309 accusator
598 3261 625 3308 et
636 3253 720 3323 judex
731 3254 745 3308 i
758 3253 857 3322 Cujus·
907 3254 1041 3310 debuerat
1056 3263 1153 3310 vestrae
1167 3254 1335 3310 auctoritatis
1359 3255 1520 3326 gravitatem
1541 3253 1707 3310 sufficienter
1753 3283 1761 3304 ·

73 3344 130 3400 modi
143 3343 267 3417 regulam
281 3343 365 3399 etiam
380 3342 477 3398 Paulus
492 3341 632 3413 apostolus
647 3343 675 3397 in
689 3342 812 3413 Epistola
823 3342 858 3398 ad
907 3344 1028 3399 recolere
1042 3342 1114 3414 quod
1130 3343 1314 3413 scriptumest
1332 3360 1338 3396 :
1357 3344 1478 3398 Causam
1501 3359 1585 3414 quum
1598 3345 1705 3398 nescie-

73 3431 209 3488 Corinthios
222 3431 345 3488 breviter
360 3430 514 3487 insinuasse
529 3431 699 3505 intelligitur,
716 3446 776 3487 curn
793 3432 857 3503 qui·
907 3433 971 3488 bem
981 3432 1201 3503 diligentissime
1216 3431 1419 3502 investigabam
1435 3431 1493 3502 (lob
1507 3445 1588 3496 xxix,
1602 3432 1657 3500 to).
1669 3430 1706 3484 Et

73 3519 166 3576 tuosm
182 3520 284 3577 talibus
298 3520 516 3576 commemoratis
530 3519 701 3587 criminibus,
723 3520 856 3575 ecclesia·
906 3527 935 3574 ut
955 3520 1049 3574 beatus
1072 3519 1137 3575 dicit
1160 3519 1307 3590 Gregorius
1330 3519 1436 3589 (Morcl.
1462 3533 1523 3581 xrs,
1548 3533 1607 3588 cap.
1634 3517 1703 3588 ill:

10 3608 22 3683 ζ
73 3608 353 3681 sticijudiciiformam
368 3609 510 3664 adomnia
533 3608 631 3664 similia
645 3624 678 3663 οτ
695 3608 856 3680 quibusdam
909 3607 1005 3663 «Cum
1027 3607 1116 3663 omnia
1138 3607 1211 3662 nuda
1234 3615 1260 3662 et
1283 3614 1377 3676 aperta
1400 3605 1454 3660 sint
1477 3605 1562 3661 oculis
1583 3605 1702 3670 Domini,

74 3696 141 3766 daret,
150 3699 188 3755 ait
203 3714 211 3754 t
227 3698 336 3771 Scripsi
346 3698 459 3754 uobisia
468 3697 601 3771 Epistola,
612 3713 670 3754 noa
680 3698 857 3754 commisceri
906 3705 997 3752 tamen
1011 3695 1081 3751 mala
1095 3696 1221 3751 Sodomae
1235 3694 1320 3750 noluit
1335 3694 1427 3750 audita
1439 3694 1571 3764 judicare,
1588 3695 1633 3766 qui
1648 3694 1702 3749 ait:

72 3788 229 3857 fornicariis,
268 3795 296 3842 et
316 3785 421 3858 reliqua
442 3786 466 3856 (l
483 3788 543 3843 Cor.
560 3801 588 3852 ν,
605 3790 651 3854 9);
667 3794 694 3842 οῖ
712 3785 856 3857 aliquando
905 3784 1088 3856 descendam,
1105 3790 1133 3841 et
1143 3785 1235 3841 uidebo
1250 3788 1349 3840 utrum
1359 3785 1511 3840 etcinerem
1521 3785 1570 3856 qai
1579 3784 1704 3840 cenitari

73 3885 119 3945 post
133 3893 141 3931 :
156 3877 187 3933 Si
200 3876 265 3950 qttis
276 3878 371 3948 frater
384 3876 550 3931 nominetur
561 3879 613 3931 eut
627 3876 795 3947 formicetor,
805 3878 857 3929 oet
905 3892 950 3930 mc
969 3890 1049 3947 opere
1068 3875 1280 3947 compleverint,
1300 3890 1339 3929 on
1350 3888 1413 3947 pion
1436 3877 1478 3929 est
1493 3875 1544 3940 ito,
1558 3878 1592 3928 ot
1613 3875 1702 3929 sciam

72 3979 158 4036 rupee,
173 3982 242 4022 cum
256 3964 395 4036 ejusmodi
409 3981 461 4021 nec
477 3965 570 4021 cibum
587 3964 698 4038 quidem
708 3964 795 4020 simul
805 3980 855 4020 su·
906 3963 989 4034 (Gen.
1000 3977 1081 4031 xvnr,
1098 3966 1154 4032 et).
1171 3960 1351 4032 Omnipotens
1365 3962 1456 4033 itaque
1467 3961 1634 4031 Dominuset
1645 3976 1704 4017 om·

71 4055 134 4109 mite.
147 4054 219 4124 Quid
229 4055 309 4110 enim
318 4053 430 4109 miliide
440 4053 485 4108 his
495 4054 700 4127 qeiforiasunt
709 4053 856 4123 judicare?
905 4051 950 4106 nia
966 4050 1064 4115 sciens,
1081 4066 1130 4107 cur
1145 4058 1207 4106 ante
1221 4050 1406 4120 probationem
1422 4049 1498 4121 quasi
1519 4049 1633 4117 dubitat,
1649 4049 1702 4105 nisi

31 4136 34 4151 '
70 4158 149 4198 aenae
164 4143 199 4199 de
214 4143 260 4198 bis
278 4158 341 4215 τινα
357 4145 425 4197 sant
442 4143 521 4197 inter
538 4158 583 4198 uos
599 4141 856 4214 judicetistdehis
905 4148 933 4194 ut
947 4139 1086 4210 gravitatis
1100 4139 1179 4194 nohis
1195 4139 1348 4210 exemplum
1362 4146 1506 4209 proponat,
1521 4154 1557 4194 ue
1571 4139 1642 4192 mala
1656 4139 1703 4194 ho·

70 4235 152 4286 uatem
170 4231 220 4305 qui
237 4231 310 4303 [oris
328 4233 396 4286 sunt
413 4231 549 4286 Dominus
569 4230 717 4299 judicabit.
739 4229 856 4300 deserte
905 4227 1007 4283 minum
1022 4235 1083 4283 ante
1098 4243 1294 4299 praesumarnus
1308 4227 1421 4282 credere
1437 4243 1517 4297 quam
1532 4227 1673 4297 probare?
1689 4249 1701 4272 »

69 4319 353 4391 metamauobisipais
363 4318 452 4389 (thie,
464 4322 506 4387 tt,
521 4320 629 4386 12,13).
647 4316 752 4386 Quibus
764 4317 856 4372 verbis
904 4317 974 4372 Nam
990 4324 1017 4371 ut
1032 4325 1129 4372 vestrae
1143 4315 1293 4388 dignationi
1317 4315 1449 4370 veraciter
1467 4315 1564 4379 fatear,
1585 4329 1636 4370 nec
1650 4330 1701 4369 au-

68 4407 120 4461 satis
136 4407 256 4465 ostendit
266 4422 322 4464 non
336 4414 437 4462 temere
452 4414 498 4461 aut
515 4406 726 4477 quomodolibet,
746 4405 856 4476 sedper
906 4413 973 4472 ctor,
990 4421 1041 4462 nec
1064 4420 1188 4470 consors,
1211 4418 1263 4459 nec
1278 4418 1428 4459 consensor
1450 4402 1530 4457 ullius
1551 4401 1701 4472 tyrannidis

66 4495 184 4561 iudicium
198 4495 366 4552 auferendos
380 4511 441 4551 esse
451 4495 580 4551 malosab
590 4494 720 4551 Ecclesiae
730 4510 853 4550 commu·
867 4487 1032 4566 Dunquam,
1049 4493 1092 4548 vel
1116 4508 1201 4564 usque
1215 4493 1249 4546 ab
1263 4492 1329 4563 ipsis
1352 4491 1494 4546 cunabulis
1512 4492 1640 4545 hacteuus
1655 4506 1701 4543 ex·

68 4584 185 4642 niouetet
193 4585 217 4641 si
227 4583 418 4656 perjudicium
427 4583 527 4639 auferri
537 4599 591 4639 non
600 4590 724 4654 possunt,
737 4583 855 4639 toleren·
906 4583 970 4637 stiti.
991 4584 1053 4638 llaec
1074 4581 1120 4654 qui
1141 4580 1219 4637 vobis
1242 4580 1308 4636 talia
1326 4579 1467 4644 nuntiavit,
1484 4578 1626 4646 adjuvante
1642 4578 1699 4632 Do-

68 4675 214 4745 tarpeiius,
234 4690 271 4730 ne
288 4688 417 4745 perverse
434 4674 522 4730 malos
541 4672 667 4729 evitando
686 4672 799 4744 quisque
821 4672 856 4726 ab
905 4672 989 4740 mino,
1007 4672 1040 4726 de
1056 4687 1099 4726 me
1113 4670 1229 4742 probare
1244 4685 1298 4726 non
1313 4668 1422 4724 valebit.
1439 4668 1473 4720 Et
1488 4665 1550 4737 quia
1562 4681 1616 4719 non
1627 4665 1699 4736 silui,

67 4759 177 4818 Ecclesia
187 4763 249 4835 ipse
260 4762 416 4831 discedens,
428 4777 476 4818 eos
484 4777 553 4833 quos
563 4761 658 4833 fugere
675 4761 782 4816 videtur
793 4760 856 4816 vin·
906 4770 932 4815 et
950 4761 976 4814 in
998 4759 1183 4814 annuntiando
1204 4760 1246 4815 vel
1270 4756 1444 4830 exsequendo
1468 4769 1501 4810 ea
1525 4769 1586 4825 quae
1606 4754 1703 4810 mihis

67 4848 328 4923 riatadgehennam.
337 4851 372 4905 Et
379 4850 459 4905 item:
470 4850 500 4908 Si
509 4853 570 4923 quic
583 4854 676 4921 freter
689 4851 857 4906 nominatur
905 4856 995 4905 vestra
1009 4849 1168 4904 auctoritate
1182 4856 1317 4918 praecepta
1337 4854 1407 4909 sunt,
1432 4858 1481 4915 pro
1496 4843 1565 4898 scire
1581 4851 1607 4898 et
1619 4859 1703 4915 posse

67 4941 223 5007 formator,
233 4943 286 4996 out
297 4943 403 5012 raptor,
413 4938 559 5012 etreliqua.
571 4940 648 5005 Eam,
658 4939 754 5011 inquit,
766 4938 856 4994 nomi·
906 4953 977 5002 meo,
994 4938 1076 4993 deses
1090 4937 1134 4994 vel
1149 4937 1240 5007 segnis
1255 4951 1308 4990 nou
1323 4933 1422 4998 exstiti,
1439 4931 1509 4988 siout
1523 4940 1549 4987 et
1564 4940 1626 4988 ante
1637 4933 1704 4988 scri·

10 5070 13 5103 ,
66 5028 192 5085 nationem
208 5028 325 5100 intelligi
345 5027 492 5100 hpostolus
502 5028 595 5094 voluit,
612 5045 671 5101 quae
683 5027 712 5083 ht
722 5028 748 5082 in
759 5043 856 5098 quem·
904 5027 959 5098 ptis
973 5027 1088 5092 ostendi,
1108 5034 1134 5080 et
1148 5040 1239 5081 coram
1252 5022 1343 5077 missis
1357 5020 1454 5077 vestris
1468 5021 1529 5077 viva
1543 5037 1610 5078 voce
1625 5037 1704 5076 mon-

10 5108 14 5171 i
65 5132 146 5187 quam,
162 5133 226 5173 eum
241 5117 376 5172 sententia
390 5116 485 5172 ordine
497 5116 642 5186 judiciario
656 5124 736 5188 atque
746 5115 858 5187 integri·
868 5106 893 5127 ‘'
907 5115 1002 5171 stravi.

63 5213 108 5260 tate
121 5205 272 5279 profertur.
287 5206 360 5261 Nam
375 5205 398 5261 si
413 5205 560 5262 nominatio
574 5205 680 5270 sufficit,
693 5204 857 5259 multidam·
942 5206 983 5260 Do
1011 5205 1062 5261 hoo
1090 5202 1161 5274 quod
1190 5199 1288 5266 dicitis,
1314 5198 1376 5271 quia
1397 5200 1500 5255 honore
1528 5207 1554 5254 et
1575 5198 1704 5270 dignitate

62 5296 134 5351 nandi
149 5302 213 5351 suut
228 5295 401 5360 innocentes,
416 5295 479 5366 quia
495 5311 567 5365 saepe
578 5293 648 5350 falso
658 5294 684 5348 in
696 5309 857 5365 quemquam
907 5292 1013 5350 caeteris
1029 5291 1117 5347 Caroli
1133 5290 1207 5362 regis
1227 5288 1303 5360 regni
1327 5288 1463 5360 episeopis
1477 5302 1536 5342 sum
1551 5280 1702 5352 sublimior,

60 5384 156 5441 crimen
170 5384 339 5440 nominatur.
356 5382 450 5439 Noluit
464 5383 537 5438 enim
550 5383 689 5438 hominem
700 5382 735 5438 ab
748 5382 860 5437 homine
907 5395 1028 5453 suggero
1049 5379 1110 5450 quia
1134 5377 1247 5433 scientia
1266 5385 1292 5431 et
1311 5377 1414 5431 meritis
1428 5375 1592 5442 inferiorem,
1609 5382 1635 5430 et
1649 5389 1705 5430 non

57 5472 169 5541 iudimri
184 5489 218 5529 ex
241 5472 357 5529 arbitrio
383 5471 556 5543 suspicionis,
572 5472 615 5527 vel
628 5472 708 5528 etiam
733 5478 858 5526 extraor-
907 5469 1037 5541 dignitate
1053 5484 1087 5524 ac
1100 5469 1202 5522 honore
1218 5465 1270 5522 loci
1283 5466 1403 5536 priorem
1417 5463 1522 5522 caeteris
1545 5462 1704 5534 metropoli·

60 5561 163 5620 tlinario
186 5570 320 5638 usurpato
339 5560 454 5632 iudicio,
474 5561 525 5618 sed
545 5561 636 5633 potius
658 5576 691 5617 ex
713 5559 777 5634 lege
796 5558 857 5628 Dei,
907 5559 979 5618 tanis
993 5573 1037 5615 me
1051 5573 1112 5616 esse
1134 5569 1281 5630 cognosco.
1306 5554 1377 5625 Quia
1399 5553 1468 5611 sicut
1491 5552 1663 5609 Innocentius
1678 5561 1705 5607 et
