3794 6104
136 226 188 280 att

787 225 798 275 i
816 224 934 278 thNiS
965 224 1060 277 littra
1092 228 1159 279 l'lff.
1728 229 1767 280 tit

135 367 163 423 S.
193 366 266 423 Petri
294 380 327 423 ac
349 375 468 422 nostram
496 367 635 429 ltabcutcs,
660 384 675 419 a
698 367 777 419 taulis
805 347 1228 420 utrtttibusAffl¹¹¹¹0⁵¹lflll⁰¹¹f¹⁰r
1246 366 1388 419 ¹1¹¹⁰¹¹⁵¹f¹¹¹²
1412 350 1477 402 ¹¹¹¹¹¹¹
1500 349 1595 402 ³¹¹³¹¹
1620 349 1679 418 ΨΜ
1702 349 1765 403 ¹⁰¹¹·

133 454 223 523 liberi,
240 463 265 510 et
280 455 360 510 bonis
374 453 508 508 universis
524 454 629 524 repleti,
647 463 672 508 et
686 454 728 509 hic
754 455 780 507 in
806 453 933 523 praesenti

134 545 227 599 seculo
256 542 406 614 gaudeatis
427 549 453 596 et
477 542 506 596 in
533 541 621 596 futuro
648 558 708 597 curn
737 541 853 596 Domino
875 541 934 595 sine

131 631 186 688 line
200 629 295 703 procul
308 631 390 686 dubio
405 629 554 685 exsultetis.
567 630 650 685 Porro
667 630 689 683 si
701 630 801 702 aliquid
812 631 845 684 de
857 637 933 700 parte

133 720 292 777 Gmcorum
308 717 350 774 vel
365 717 524 773 sclavorum
539 734 621 790 super
636 719 770 774 vestraad
782 735 831 773 nos
842 734 934 773 rever·

132 808 209 864 sione
223 805 266 863 vel
294 807 501 862 consectttioue
524 816 570 861 aut
595 807 628 862 de
657 806 731 877 pallii
756 807 933 877 perceptione

131 892 269 965 moraris,
286 894 381 951 scitote
396 908 446 965 pro
461 901 537 951 certo
553 894 681 966 quoniam
707 911 758 950 nos
783 895 932 950 secundum

131 989 285 1040 sanctorum
300 980 410 1039 Petrum
424 983 653 1055 decessorumque
669 991 826 1038 nostrorum
842 982 932 1053 ponti-

130 1068 211 1128 lictiin
232 1078 331 1126 statuta
354 1086 404 1126 vos
426 1071 555 1141 adjuvare
583 1072 743 1127 auctoritate
764 1070 930 1126 curabimus.

129 1156 247 1230 Quodsi
262 1159 333 1215 forte
348 1159 418 1215 hanc
433 1167 555 1215 nostram
569 1159 745 1230 apostolicam
767 1158 931 1214 admonitio-

131 1253 203 1316 neth,
220 1249 275 1304 imo
288 1248 449 1304 canonicam
470 1247 692 1318 praeceptionem,
710 1264 760 1318 pro
780 1247 864 1302 nihilo
879 1248 931 1301 du·

129 1340 233 1405 delites,
258 1338 293 1392 td
326 1336 420 1392 sedern
441 1335 617 1407 apostolicam
641 1337 772 1392 Romame
801 1336 932 1391 Ecclesiae

130 1422 229 1493 redire,
246 1433 273 1482 et
287 1425 351 1480 iude
365 1425 515 1480 secundum
531 1424 671 1496 antiquam
682 1439 817 1488 normam,
834 1439 931 1479 conse-

129 1514 280 1570 crationem
295 1512 480 1584 episcopalem
494 1526 654 1584 sacrumque
677 1512 787 1583 pallium
807 1513 931 1583 recipere

129 1601 357 1675 contempseritis,
381 1601 455 1657 omni
477 1601 644 1658 ecclesistico
669 1617 718 1656 vos
739 1601 930 1657 communione

985 435 1060 490 sione
1077 455 1106 489 se
1121 438 1269 503 subtrahat,
1286 437 1381 490 autad
1398 437 1492 491 sedem
1507 436 1687 506 apostolicam
1696 437 1734 490 vel
1742 438 1766 490 ad

984 532 1106 577 nostram
1133 525 1305 594 praesentiam
1334 525 1413 578 nubis
1440 524 1631 578 satisfacturus
1653 535 1766 578 occurrat.

984 615 1053 684 rigat
1068 612 1094 666 in
1106 613 1148 666 his
1164 613 1342 668 sanctimonia
1356 622 1400 668 tun
1417 614 1485 667 sieut
1499 613 1576 667 illum
1596 628 1681 685 agere
1694 613 1767 669 decet.

984 708 1011 753 ut
1026 709 1052 754 et
1066 717 1116 755 nos
1131 703 1188 756 Deo
1204 701 1300 755 laudes
1315 710 1341 755 et
1357 703 1404 755 tibi
1420 702 1525 774 gratias
1542 700 1703 754 referamus.
1715 701 1767 755 batt

983 802 1053 842 xvrrr
1071 789 1188 843 Kalend.
1209 789 1304 854 iulias,
1321 789 1414 845 indict.
1431 805 1478 843 xrr.

1108 981 1143 1019 sn
1163 979 1323 1021 stetissetis
1343 982 1437 1021 nsossv
1457 981 1658 1022 runcanonert.

1275 1039 1365 1097 t'hntro
1386 1040 1460 1105 879.)

984 1107 1170 1176 Dciepaiiorte
1179 1125 1211 1162 oc
1223 1111 1386 1163 tranctatibus
1396 1111 1492 1164 missis
1501 1108 1614 1180 proficis
1625 1109 1768 1180 cpitrdolrt

1017 1193 1081 1231 eant
1096 1179 1229 1248 defecisse
1245 1180 1278 1234 ob
1286 1179 1410 1234 Ecclesia
1421 1183 1557 1248 Rota-atto,
1576 1180 1614 1234 od
1632 1197 1768 1251 quercino

1017 1253 1065 1302 rtet
1083 1253 1114 1303 tti
1129 1252 1288 1314 reuertatur
1302 1269 1311 1315 ,·
1324 1250 1446 1306 ostendii
1468 1252 1579 1306 Graecos
1597 1252 1766 1322 liutpamratr

1017 1318 1167 1383 diaecesim,
1184 1336 1248 1374 rrtrrt
1262 1320 1300 1374 sit
1316 1322 1434 1376 llomorti
1449 1322 1606 1392 pontificis,
1623 1325 1759 1377 contrata

1018 1405 1103 1443 trenes
1118 1391 1254 1444 detinere.

1017 1488 1119 1544 Dilecto
1141 1502 1173 1543 ac
1197 1488 1312 1558 spiritali
1334 1488 1390 1541 tilio
1415 1489 1554 1543 ltrotrxanr
1578 1489 1701 1561 glorioso
1723 1489 1767 1562 regi

980 1576 1172 1648 Bulgarorum.

131 1692 226 1748 scitote
253 1691 361 1761 penitus
389 1690 676 1747 excommunicandos.
708 1689 817 1744 interim
841 1697 970 1758 tamenss
1016 1663 1114 1762 ΜΨ
1128 1664 1394 1764 Γθὲἰθῗθξθθηθῃῑῑξῡ
1415 1673 1514 1764 ¹⁰¹¹*ae
1535 1666 1640 1737 g¹³¹¹¹¹⁵
1664 1669 1765 1737 ⁰8¹¹¹¹¹¹⁵t

128 1779 288 1836 auctoritate
303 1778 352 1834 Dei
367 1786 394 1833 et
412 1778 499 1834 scach
521 1778 593 1834 Petri
616 1778 692 1833 vobis
713 1779 887 1849 praecipimus
903 1786 930 1833 ut
980 1768 1042 1824 ‘1¹¹³
1059 1760 1127 1852 ⁵¹¹¹¹¹
1141 1754 1319 1808 ⁰¹¹³¹¹⁵⁵¹¹¹¹¹¹⁵
1339 1753 1409 1808 ¹¹¹¹¹⁵
1434 1755 1526 1855 ¹¹¹¹¹¹⁰
1552 1755 1677 1854 ¹⁰f¹¹¹³¹¹¹⁸
1692 1770 1767 1810 ¹¹¹⁰¹¹

128 1884 183 1923 non
198 1866 319 1922 habeatis
335 1867 469 1924 licentiam
483 1867 592 1921 aliunde
615 1867 849 1922 consecrationem
871 1867 929 1937 pal·
979 1850 1169 1912 1¹³¹2¹¹¹¹¹¹¹¹¹¹¹¹
1184 1850 1306 1941 ¹¹⁰¹¹¹¹¹¹¹
1319 1859 1369 1941 ΡΨ
1394 1845 1552 1899 ¹¹¹¹¹¹⁰¹¹⁰¹¹¹¹¹
1572 1860 1701 1899 ⁰¹¹¹¹¹¹¹¹¹¹¹
1716 1844 1767 1899 ¹¹¹¹·

127 1957 246 2029 piumque
261 1956 395 2027 recipere·
411 1947 482 2010 Nm
496 1954 519 2010 si
533 1954 661 2022 feceritis,
678 1956 756 2027 quasi
772 1964 928 2027 [ww.
980 1930 1032 1984 lem
1048 1938 1166 1984 vestrum
1182 1939 1289 1986 visitare
1303 1933 1449 2003 missisque
1471 1933 1554 1987 donis
1577 1934 1716 1988 honorare
1728 1950 1765 1989 ca-

126 2058 205 2101 sm
219 2053 247 2100 οι
268 2042 457 2100 mmmm
482 2058 532 2100 703
553 2043 611 2099 sine
629 2045 712 2098 dubio
733 2044 927 2114 judicabimus·
979 2019 1054 2083 rasti,
1070 2036 1211 2091 perquem
1226 2027 1279 2075 ture
1294 2021 1389 2075 salutis
1410 2021 1628 2078 incolumitatem
1647 2024 1765 2077 omniun-

127 2133 203 2189 ΗΜ
218 2133 307 2189 mem
321 2132 408 2188 nosm-
423 2131 591 2204 apostolatus
606 2131 748 2203 epistolam
767 2131 928 2187 fraternitati
979 2124 1031 2178 que
1046 2106 1166 2163 fidelium
1181 2116 1288 2164 tuorum
1303 2109 1443 2164 audientes
1461 2111 1687 2181 prosperitatem.
1703 2111 1766 2165 valde

126 2226 224 2278 vem,
237 2227 288 2293 w.
308 2220 380 2277 hunc
401 2228 563 2291 mgentem
587 2221 719 2276 hannem
742 2220 928 2276 venerabilem
979 2211 1072 2250 sumus
1087 2196 1185 2268 gavisi.
1202 2198 1258 2252 Nos
1274 2205 1365 2252 autern
1376 2206 1401 2252 et
1412 2199 1512 2253 nostris
1523 2199 1648 2253 assiduis
1659 2199 1766 2270 precibus

124 2311 328 2382 presbyterum,
346 2308 456 2364 fidelem
479 2308 640 2363 familiarem
664 2317 795 2370 nostrum,
823 2308 927 2362 direxi-

125 2407 197 2464 mus,
227 2379 271 2452 c'ui
296 2396 400 2452 scilieet
428 2395 518 2467 aliqua
546 2395 709 2466 injunximus
738 2395 813 2451 vobis
842 2397 927 2451 verbo

124 2492 204 2541 tenus
232 2480 384 2551 referenda,
400 2492 426 2539 et
453 2483 516 2540 ideo
544 2484 581 2538 illi
606 2484 696 2539 omnia
720 2502 780 2556 quae
802 2485 836 2539 tle
850 2493 927 2555 parte

124 2582 218 2630 nostra
234 2573 332 2629 dixerit
356 2572 443 2641 vobis,
469 2573 583 2629 credere
607 2573 761 2627 nallatenus
785 2572 924 2627 dubitetis.

123 2660 268 2735 ipsamque
290 2660 442 2734 epistolam,
460 2669 488 2715 ut
513 2661 547 2716 atl
570 2661 690 2716 omnium
711 2668 829 2716 vestrum
853 2661 926 2716 noti-

125 2749 190 2804 tiam
204 2749 300 2813 ferant,
315 2749 389 2804 bulla
404 2757 497 2805 nostra
509 2749 640 2819 jussimus
662 2749 690 2802 in
715 2749 789 2804 ealce
814 2749 923 2821 signari.

125 2839 195 2892 Date
209 2852 229 2890 x
244 2837 287 2893 die
302 2837 405 2892 mensis
419 2837 501 2904 lunii,
518 2836 665 2893 indictione
680 2853 733 2891 xrr.

443 2942 601 2998 CCXXXV.

330 3038 365 3084 so
386 3045 455 3085 raas
473 3045 715 3086 xncntarrscoros.

445 3123 523 3175 Anno
538 3122 598 3174 8⁸19.

125 3210 158 3269 ttt
174 3120 561 3281 Nemetuscttscmcpfscopttm
571 3225 589 3263 o
599 3129 924 3278 frtottostcrit'cujrtsdcm

978 2293 1040 2339 ante
1056 2285 1271 2340 sacratissimum
1289 2287 1320 2339 tt.
1350 2286 1419 2339 Petri
1438 2285 1629 2357 apostolorum
1652 2287 1766 2359 principis

978 2389 1075 2443 eorpus
1090 2382 1221 2439 astantes,
1239 2383 1265 2429 et
1288 2382 1313 2429 le
1332 2383 1359 2429 et
1371 2391 1467 2430 omnes
1489 2376 1632 2446 principes
1647 2383 1705 2431 tuos
1717 2392 1764 2431 om-

977 2478 1093 2533 nemque
1109 2461 1238 2533 populum
1254 2471 1330 2516 tuum
1352 2463 1416 2517 lesu
1440 2464 1551 2518 Christo
1572 2465 1691 2520 Domino
1704 2481 1765 2519 sem·

977 2566 1027 2620 per
1041 2551 1233 2606 commendare
1249 2551 1399 2616 studemus
1424 2560 1450 2605 et
1472 2552 1667 2608 benedicimus
1681 2554 1732 2617 tibi,
1745 2560 1766 2607 et

977 2639 1049 2692 omni
1065 2639 1166 2708 populo
1182 2647 1237 2704 tuo,
1252 2638 1381 2710 omnique
1396 2656 1482 2711 regno
1497 2647 1557 2702 tuo,
1573 2649 1604 2696 ut
1620 2650 1646 2696 et
1661 2657 1677 2696 a
1690 2641 1765 2695 risib'r

976 2726 1046 2779 libus
1075 2735 1102 2780 et
1130 2727 1313 2782 invisibilibus
1342 2728 1466 2783 hostibus
1494 2728 1648 2791 liberatus,
1677 2731 1763 2801 hiique

976 2815 1076 2870 atrxilio
1091 2815 1209 2884 adjutus,
1236 2815 1408 2871 inimieorum
1431 2825 1539 2872 tuorum
1564 2834 1676 2889 semper
1693 2819 1764 2874 victor

976 2904 1085 2972 cristas,
1103 2912 1128 2958 ct
1142 2904 1175 2958 ad
1191 2904 1310 2974 palmam
1326 2921 1453 2980 superna>
1467 2907 1624 2962 vocationis
1642 2907 1763 2980 gloriosas

976 2992 1124 3063 pertingas.
1142 2994 1174 3048 Ut
1199 2993 1257 3064 ipse
1282 2994 1327 3065 qui
1351 2994 1448 3067 gratita
1470 3010 1527 3049 sure
1551 2994 1679 3067 largitate
1693 3003 1763 3050 atre·

975 3096 1057 3152 gnum
1073 3080 1121 3134 tibi
1135 3090 1275 3136 terrenum
1289 3083 1434 3148 concessit,
1452 3089 1478 3138 et
1488 3083 1669 3140 illuminando
1682 3083 1762 3140 oculas

973 3168 1072 3223 mentis
1086 3177 1139 3224 true
1154 3170 1223 3224 siam
1239 3170 1358 3225 veritatis
1373 3171 1500 3238 ostendit,
1519 3180 1547 3227 et
1560 3172 1597 3228 de
1616 3171 1762 3228 tenebrisad

160 3279 414 3350 iniquainvmpone
437 3282 609 3345 removeam,
626 3281 655 3333 pp
668 3279 694 3333 st‘
713 3293 769 3333 nott
794 3279 924 3349 pamm-p
973 3273 1066 3312 voram
1089 3258 1178 3313 lucem
1202 3259 1336 3329 perduxit.
1352 3276 1439 3331 usque
1464 3260 1499 3315 ad
1523 3259 1608 3316 finem
1634 3262 1660 3316 itt
1681 3261 1761 3316 eadam

158 3351 417 3407 excommunicent,
973 3354 1068 3401 saneta
1084 3345 1137 3401 fide
1152 3355 1179 3402 et
1194 3347 1272 3402 bonis
1282 3348 1409 3417 operibus
1420 3357 1637 3419 perseverantes
1651 3350 1761 3405 salvoset

156 3440 308 3495 Rosrscrto
323 3437 527 3509 archiepiscopo
547 3437 708 3503 Arelatensi,
725 3438 865 3492 ‘Storaooo
880 3452 924 3492 ar·
972 3433 1122 3489 incolumes
1143 3435 1271 3507 dignetur
1293 3435 1456 3506 perducere,
1472 3447 1500 3491 ut
1525 3446 1589 3509 post
1605 3436 1686 3494 finem
1698 3453 1759 3508 pra-

121 3527 297 3599 chiepiscopo
323 3525 513 3591 Narbonensi,
541 3527 691 3582 Rorasnro
714 3525 922 3597 archiepiscopo
973 3523 1057 3577 sentis
1072 3523 1142 3586 vitu,
1157 3539 1207 3595 per
1222 3524 1437 3580 intercessiones
1457 3534 1618 3581 sanctorum
1636 3526 1758 3598 apostole

122 3616 253 3688 Aquensi,
273 3615 427 3686 oporibus.
972 3628 1030 3665 rum
1048 3611 1118 3667 Petri
1139 3620 1165 3667 et
1185 3612 1270 3681 Pauli,
1296 3630 1411 3685 regnum
1434 3614 1528 3669 valcas
1549 3615 1663 3671 eoeleste
1680 3615 1757 3687 perci-

157 3703 298 3760 Veracium
312 3703 441 3759 relatione
456 3703 637 3774 comperimus
652 3702 792 3758 Gibertum
804 3704 921 3759 Nemea·
971 3716 1052 3771 pere;
1069 3701 1095 3753 in
1111 3717 1165 3772 quo
1186 3700 1230 3755 illa
1245 3702 1337 3755 omnia
1347 3702 1427 3768 bona,
1445 3718 1506 3774 quae
1520 3703 1618 3758 oculus
1630 3719 1680 3759 oon
1693 3702 1756 3763 vidit,

122 3807 232 3849 oensem
246 3791 432 3848 venerabilem
447 3791 613 3862 episcopum,
630 3793 702 3862 quod
718 3792 856 3863 quoddam
864 3807 921 3847 mo·
971 3804 1022 3843 nec
1036 3788 1111 3843 auris
1126 3789 1236 3855 audivit,
1254 3789 1346 3845 necin
1368 3805 1416 3845 cor
1440 3790 1560 3846 hominis
1583 3792 1756 3854 aseendemnt‚

122 3875 273 3930 nestorium
288 3881 419 3938 nostrum,
437 3873 509 3944 quod
524 3888 606 3945 super
622 3874 748 3928 eumdem
762 3874 922 3946 episcopum
971 3893 1032 3932 eum
1048 3877 1149 3932 sanetis
1164 3877 1291 3932 omnibus
1306 3878 1385 3935 simul
1404 3879 1533 3950 accipias,
1550 3897 1615 3952 quae
1635 3879 1755 3954 diligenti-

122 3961 325 4034 aequisirimus,
343 3961 402 4031 ipse
425 3960 554 4015 Gibertus
575 3968 677 4016 temere
699 3962 838 4028 invaserit,
859 3979 921 4017 om·
971 3965 1022 4018 bus
1051 3981 1080 4019 se
1108 3966 1143 4019 ab
1165 3966 1272 4038 origine
1291 3967 1385 4021 ruundi
1415 3969 1576 4038 praepararit
1602 3969 1754 4040 omnipotens

123 4062 227 4120 nosque
242 4063 288 4104 res
302 4048 387 4119 ipsius
402 4049 558 4103 monasterii
574 4064 623 4119 per
638 4065 703 4103 suos
726 4050 851 4105 homines
865 4051 921 4104 dis·
971 4053 1101 4107 Dominus
1115 4055 1141 4123 il
1167 4055 1227 4111 Cor.
1251 4056 1292 4124 rr).
1317 4054 1372 4110 Sed
1387 4071 1442 4110 non
1464 4056 1574 4112 modica
1594 4074 1644 4112 nos
1657 4054 1752 4117 tristitia.

37 4146 40 4154 ’
123 4136 256 4203 tribuerit,
287 4143 314 4192 et
341 4135 412 4191 illius
438 4138 589 4193 monachos
617 4137 679 4191 inde
711 4146 805 4193 contra
832 4139 930 4194 sacras
971 4139 1037 4195 otili
1053 4141 1222 4207 charissime,
1239 4142 1461 4215 replevisti‚quia
1485 4145 1583 4200 sedem
1603 4145 1672 4201 beati
1686 4142 1752 4208 Petri,

123 4225 231 4298 regulas
254 4225 365 4281 omnino
387 4225 528 4296 expulerit.
551 4224 629 4294 Quod
653 4233 756 4280 tantam
779 4227 858 4281 nohis
877 4227 920 4282 di·
970 4229 1089 4285 evolastis
1102 4230 1181 4302 regni
1195 4230 1335 4303 clavigeri,
1351 4232 1397 4303 qui
1412 4232 1498 4286 tibiin
1513 4232 1752 4291 manifestatisione

122 4313 239 4387 spbcait,
256 4321 386 4386 quantum
402 4314 545 4394 sicutipse
559 4314 702 4378 nobiscum
717 4314 847 4381 advertis,
865 4315 921 4371 cal·
971 4318 1092 4387 apparuit
1114 4327 1141 4372 et
1164 4326 1343 4389 opportunum
1358 4320 1487 4375 auxilium
1513 4323 1640 4392 praebuit,
1662 4317 1751 4392 reliqui·

121 4411 182 4459 cett
196 4403 351 4458 reverentia
365 4402 584 4458 venerandomm
600 4418 744 4469 canonum,
756 4412 851 4459 contra
866 4404 921 4475 pri·
936 4400 1015 4473 Dsti,
1032 4423 1093 4461 cunr
1108 4407 1168 4476 ipsa
1185 4407 1264 4462 sedes
1286 4417 1367 4479 eaput
1390 4416 1417 4463 et
1440 4408 1572 4482 magistra
1597 4411 1631 4465 sit
1651 4409 1749 4466 omniun

121 4490 250 4564 vilegium
264 4490 421 4562 apostolicae
436 4489 509 4544 sedis
524 4507 587 4545 eum
602 4491 699 4546 iecisse
723 4507 778 4546 non
791 4492 918 4564 ambigis.

120 4578 294 4650 Quapropter
307 4577 465 4634 fraternitati
479 4585 532 4633 tuae
547 4578 689 4649 dirigimus
704 4588 733 4634 ut
753 4580 812 4636 vice
827 4589 921 4636 nostra

120 4680 181 4722 cum
203 4666 384 4749 confratribus
416 4673 442 4722 et
476 4665 647 4737 coepiscopis
685 4667 784 4722 nostris
810 4669 920 4737 junctus

120 4756 246 4810 eumdem
261 4756 479 4811 Nemausensem
494 4754 652 4826 episcopum
663 4755 696 4809 ad
711 4770 854 4810 commune
863 4757 920 4812 eol·

120 4842 241 4914 locarium
256 4843 422 4910 convocetis,
440 4850 513 4899 etex
528 4842 686 4898 auctoritate
710 4853 804 4898 nostra
817 4861 919 4901 conve·

118 4930 209 5000 rtiatis,
224 4939 253 4986 ut
266 4930 301 4986 ab
323 4931 397 4988 omni
422 4932 563 4987 invasione
586 4931 671 5002 ipsius
695 4933 850 4986 monasterii
866 4941 919 4989 tam

118 5034 148 5077 se
164 5030 248 5092 quam
262 5035 326 5076 suos
341 5028 489 5087 removeat,
507 5027 533 5074 et
548 5019 658 5075 ulterius
674 5035 725 5076 nec
741 5037 784 5076 res
800 5021 858 5090 ejus
869 5038 920 5079 nec

118 5109 333 5165 monachosillic
357 5109 474 5164 Domino
500 5109 660 5163 famulantes
685 5109 832 5164 molestare
846 5127 919 5180 prae·

117 5206 215 5253 sumat.
233 5198 314 5266 Quod
329 5197 352 5252 si
363 5197 422 5268 ipse
439 5197 522 5251 surda
537 5213 613 5265 aare,
627 5198 698 5269 quod
713 5198 794 5264 absit,
809 5215 919 5269 pervus

118 5285 219 5339 monita
232 5294 327 5342 nostra
341 5284 468 5353 audierit,
485 5292 549 5341 tunc
564 5301 596 5340 ex
616 5286 773 5342 auctoritate
791 5288 819 5341 B.
846 5288 918 5343 Petri

117 5373 232 5440 apostoli
255 5375 298 5430 eui
326 5374 399 5430 idem
427 5373 621 5429 monasterium
645 5374 772 5445 pertinet,
789 5375 869 5430 simul
892 5383 919 5431 et

117 5466 216 5525 nostra,
241 5461 316 5518 illurn
339 5479 354 5517 a
379 5461 529 5519 ministerio
548 5462 711 5519 sacerdotali
734 5463 918 5519 excommuni-

969 4494 1151 4549 Ecclesiarum
1166 4494 1225 4557 Dei,
1242 4496 1277 4549 ad
1291 4497 1369 4564 cuius
1384 4505 1523 4552 auctorem
1538 4498 1648 4554 beatum
1663 4500 1749 4553 Petrum

971 4597 986 4636 a
1001 4583 1117 4637 Domino
1131 4582 1234 4638 dietum
1248 4591 1307 4638 est:
1324 4587 1409 4640 Posce
1419 4588 1671 4658 coeemettsfioort.
1681 4584 1745 4650 ssu).

970 4678 997 4724 et
1010 4669 1054 4724 cui
1075 4670 1180 4725 tradita
1204 4680 1266 4726 sunt
1285 4671 1465 4744 clavesregai
1489 4674 1632 4740 coelorum,
1654 4684 1746 4744 utque

970 4774 1077 4829 cunque
1092 4759 1218 4829 ligaverit
1233 4775 1315 4830 super
1331 4768 1441 4824 terram,
1463 4761 1549 4833 ligata
1562 4759 1744 4819 maneantetit

969 4847 1066 4911 eoelis;
1083 4855 1109 4901 et
1124 4862 1293 4919 qrteecunque
1308 4849 1419 4904 solverit
1435 4865 1518 4921 super
1530 4859 1642 4919 terram,
1653 4851 1701 4906 sint
1711 4862 1742 4902 sa

970 4934 1026 4990 luta
1047 4943 1073 4989 et
1093 4935 1120 4988 in
1143 4936 1221 4990 omlis
1242 4938 1352 5007 (hatti.
1376 4941 1447 5004 xvv).
1473 4937 1626 4996 devertere
1644 4930 1741 5010 joad

970 5023 1163 5089 amantissime,
1179 5024 1214 5078 ad
1234 5032 1354 5080 sanctam
1377 5033 1496 5082 matrem
1521 5036 1596 5083 tuam
1619 5029 1741 5086 hommem

969 5111 1207 5183 coelestemque
1235 5121 1260 5167 te
1290 5113 1418 5184 religioso
1442 5123 1520 5171 utero
1548 5118 1651 5188 genuit,
1673 5123 1697 5170 et
1710 5122 1741 5182 ptr

969 5215 1049 5270 quam
1077 5199 1158 5255 totius
1177 5200 1320 5272 religionis
1342 5211 1370 5257 et
1388 5202 1502 5271 justitie
1526 5203 1651 5274 formam,
1671 5205 1741 5258 stadt

968 5287 1174 5357 praedecessore
1186 5296 1282 5345 nostro
1297 5288 1412 5346 Nicolao
1424 5291 1545 5362 praesule
1556 5295 1684 5358 nrittente,
1697 5301 1741 5344 sus·

969 5375 1082 5447 cepisti;
1098 5385 1124 5430 et
1138 5393 1199 5448 quse
1222 5377 1344 5433 omnium
1364 5379 1488 5450 gentiam
1508 5381 1610 5437 retinet
1630 5377 1742 5453 partcipe-

970 5471 1033 5530 tam,
1051 5471 1078 5519 et
1093 5464 1127 5519 ad
1143 5479 1222 5535 quem
1237 5465 1318 5522 totius
1332 5466 1435 5533 mundi,
1451 5468 1532 5539 quasi
1554 5470 1590 5526 ad
1609 5483 1686 5525 unam
1698 5476 1743 5521 rat·
