3826 6098
105 152 158 214 'itt
651 148 830 208 nttstotm
855 148 902 205 ET
925 145 1098 207 mactata.
1701 150 1754 208 'ild

108 281 137 336 in
150 279 260 336 tristitia
274 277 385 336 domina
398 276 484 344 orbis,
500 283 589 333 mater
602 274 800 342 Ecclesiarnm,
820 275 909 348 magi·
922 275 1131 336 AWalbertnm
1146 275 1333 343 Portnensem,
1363 281 1391 331 et
1417 274 1570 349 Eugenium
1598 275 1751 334 Ostiensem

108 378 164 424 stra
179 368 312 443 gentium,
343 365 491 423 consolatio
519 364 646 432 tristium,
670 371 696 419 et
721 372 837 419 nonest
861 363 907 435 qui
957 364 1144 419 sanctissimos
1159 363 1314 435 episcopos,
1332 363 1447 420 dilectos
1470 372 1496 420 et
1520 365 1687 422 consiliarios
1701 382 1751 423 no-

109 458 228 528 adjuvet,
240 462 346 511 nonest
361 454 408 526 qui
427 452 583 510 consoletur
598 468 668 520 eam,
692 450 744 506 nisi
766 459 795 506 tu
820 450 904 520 solus,
957 459 1039 519 stros,
1063 460 1092 508 nt
1122 453 1178 507 siue
1207 468 1269 508 cnm
1292 452 1423 523 magistro
1450 453 1575 519 militnm,
1605 454 1662 510 sive
1690 471 1753 511 enm

108 562 125 601 o
139 546 211 602 bone
225 545 310 610 Deus,
319 549 346 598 et
358 542 380 597 si
391 557 446 598 non
456 558 487 597 re
496 547 610 613 propter
619 539 776 611 iniquitates
786 547 904 607 nostras,
956 540 1047 595 missis
1062 541 1121 610 ejus
1135 541 1286 613 loquentes,
1303 550 1412 612 pactum
1423 541 1499 608 illud,
1512 542 1584 614 quod
1593 542 1752 613 perditionis

108 634 157 689 sed
172 649 231 705 spe,
249 649 310 705 quae
333 630 484 687 secundum
504 628 664 700 Apostolum
687 643 742 683 non
765 625 906 683 confundit
957 636 998 683 est
1016 644 1107 694 causa,
1136 629 1249 685 dissolvi
1277 645 1325 700 per
1350 629 1441 684 omnia
1468 630 1624 699 suaderent,
1653 630 1681 686 in
1700 638 1753 687 tute

109 724 198 792 (Rom.
215 706 254 792 ιι).
271 719 348 790 Quae,
377 718 477 774 fratres
506 715 668 781 charissimi,
700 715 798 786 partim
828 713 907 770 vobis
958 717 1081 774 maximae
1103 717 1242 789 sapientiae
1265 717 1326 773 illos
1350 717 1450 774 fiducia
1474 718 1650 774 destinantes.
1676 718 1753 788 Qua·

108 809 294 882 significamus
309 808 385 880 (nam
400 807 487 878 siper
502 805 610 878 singula
624 803 746 859 scribere
770 811 906 857 tentasse·
956 814 1068 876 propter
1083 806 1223 861 hortamur
1234 813 1263 860 ιιι
1277 805 1387 860 solertia
1402 814 1448 860 tua
1463 814 1538 861 tanto
1551 805 1579 861 in
1599 807 1651 863 hoc
1674 806 1754 862 labo-

107 914 179 965 mus,
196 895 301 953 facilius
316 894 395 951 nobis
409 896 504 952 chama
518 909 601 966 quam
616 907 707 948 sermo
721 889 862 961 deficeret)
878 896 907 945 ut
957 900 999 947 ret
1014 901 1114 964 quanto
1130 909 1183 948 non
1198 893 1286 949 solum
1301 910 1317 948 a
1337 894 1415 950 nobis
1443 894 1589 968 codignam
1616 894 1754 951 uicissitu-

108 987 178 1043 sicut
193 1000 277 1041 unum
290 999 389 1055 corpus
403 999 496 1038 sumus
510 981 537 1037 in
553 981 642 1053 capite
656 980 773 1048 Christo,
790 987 816 1035 et
839 978 908 1033 alter
958 982 1060 1048 dinem,
1077 981 1126 1036 sed
1140 990 1166 1037 et
1175 982 1209 1036 ab
1220 982 1279 1053 ipso
1290 984 1347 1038 Deo
1356 991 1382 1038 et
1393 983 1508 1038 Domino
1517 991 1611 1039 nostro
1622 997 1753 1040 coronam

33 1098 37 1103 ·
108 1074 221 1130 alterins
235 1072 368 1139 membra,
385 1065 428 1127 'ita
448 1070 590 1126 nobiscum
614 1068 717 1141 pariter
740 1065 908 1123 condoleatis
958 1086 988 1125 se
1005 1078 1194 1140 percepturam
1209 1071 1236 1125 in
1252 1070 1408 1126 coelestibus
1421 1087 1476 1126 non
1490 1071 1589 1143 poterit
1616 1071 1752 1128 dubitare.

109 1171 137 1219 et
151 1160 355 1234 compatiamini
369 1175 376 1215 ε
389 1160 452 1232 qnia
462 1160 487 1215 ti
503 1159 569 1232 qnid
584 1175 675 1215 annm
692 1157 804 1229 potitur
819 1171 908 1211 mem·
958 1158 1146 1213 Admonemus
1161 1158 1259 1229 itaque,
1276 1161 1354 1214 insta
1368 1160 1702 1232 opperiune‚importune
1718 1161 1758 1231 (ll

109 1253 204 1318 hrum,
221 1258 250 1306 nt
264 1251 361 1307 doctor
383 1248 506 1322 gentium
522 1248 567 1316 ait,
585 1244 908 1319 compatiuntnromnia
961 1248 1030 1302 Tim.
1045 1246 1095 1317 tv),
1111 1254 1138 1301 ut
1155 1254 1210 1301 tam
1225 1245 1308 1316 impio
1323 1246 1437 1302 discisso
1467 1246 1581 1313 laedere,
1613 1264 1664 1318 pax
1693 1246 1753 1314 Dei,

108 1337 907 1411 membra(idunan)3etaicompctimur,etconregnc·
959 1351 1019 1406 quae
1034 1342 1178 1405 exsuperat
1192 1350 1301 1389 omnem
1316 1351 1425 1389 sensum
1448 1335 1564 1406 (Philip,
1596 1335 1645 1406 tv),
1674 1335 1754 1392 nobis

108 1431 201 1486 bimus
215 1429 255 1498 (ll
277 1429 347 1484 Tim.
376 1425 418 1497 tt).
448 1424 630 1480 Condolentes
659 1430 750 1478 autem
779 1421 858 1477 nobis
881 1427 909 1475 et
959 1421 1368 1478 tandemeoelitusrestituatur.
1385 1422 1413 1477 Si
1436 1438 1570 1493 quatern
1597 1423 1668 1478 inter
1696 1423 1755 1480 haee

107 1512 313 1584 compatientes,
330 1509 467 1566 accedatis
489 1508 523 1563 ad
539 1506 796 1563 christianissimum
824 1503 908 1559 filium
959 1528 989 1567 se
1017 1510 1115 1584 ingerit
1134 1510 1242 1566 inimica
1270 1512 1327 1566 Deo
1355 1510 1503 1577 contentio,
1531 1518 1583 1566 tuas
1617 1511 1755 1583 sapientiae

108 1610 243 1668 nostrum,
259 1607 286 1656 et
299 1597 443 1655 consilium
458 1596 566 1653 Domini
579 1596 612 1651 ab
628 1611 660 1651 co
675 1611 729 1650 non
753 1592 909 1649 abscondi·
923 1599 1086 1683 Bmanibns
1101 1599 1259 1670 detergatur
1275 1615 1281 1654 z
1298 1598 1371 1653 nulla
1399 1598 1532 1666 simultas,
1562 1599 1637 1654 nulla
1664 1616 1757 1656 rerum

108 1690 163 1758 tis;
181 1694 362 1761 suggerentes
377 1693 404 1741 ei
417 1686 591 1742 exhortantes
605 1692 634 1738 ul
643 1683 796 1756 perpenddi
810 1680 871 1753 quis
882 1687 909 1736 ei
959 1688 1003 1744 vel
1018 1687 1114 1761 gloriae
1127 1687 1292 1758 cupiditgsg
1319 1695 1394 1743 tanto
1422 1687 1498 1743 lucro
1526 1695 1606 1759 atque
1634 1687 1757 1759 profectu

109 1793 193 1849 quam
209 1774 338 1830 terribilis
353 1774 387 1829 sii
401 1774 455 1840 iile,
473 1773 518 1845 qui
533 1774 604 1828 hunc
628 1780 690 1827 anie
719 1769 819 1826 saecuia
846 1768 909 1823 huie
960 1793 1009 1832 vos
1037 1776 1202 1842 subtrahat3
1229 1775 1302 1846 quia,
1325 1775 1457 1846 quidquid
1478 1774 1545 1830 illud
1569 1783 1620 1846 esi,
1641 1774 1756 1846 pacifice

107 1865 287 1937 praefuturum
301 1862 407 1936 regioni
431 1860 673 1933 predestinatam,
704 1867 730 1914 et
757 1874 837 1931 quem
864 1857 908 1911 di·
959 1865 1059 1936 poterit
1086 1871 1148 1934 post
1175 1862 1311 1918 modicum
1339 1862 1440 1929 dirimi,
1471 1870 1498 1917 et
1526 1878 1587 1919 cum
1614 1863 1757 1934 charitate,

108 1952 208 2009 stricte
223 1951 258 2006 ab
273 1966 307 2007 eo
322 1958 467 2007 exacturus
482 1949 516 2003 sit
530 1949 602 2020 quod
618 1947 754 2003 commisit
770 1964 776 2000 :
795 1945 840 2017 qni
856 1945 909 2000 sci·
960 1952 1038 2007 nobis
1064 1968 1172 2023 quoque
1199 1950 1393 2015 mediantibus,
1419 1949 1538 2004 diffiniri,
1564 1950 1653 2006 (jener
1676 1967 1755 2024 ergo,

108 2041 175 2097 licet
188 2048 246 2095 tam
261 2039 374 2111 pretiosi
398 2037 540 2111 sanguinis
565 2035 672 2091 fusione
695 2033 770 2107 quod
794 2032 909 2089 credidit
960 2042 1066 2097 taboret
1080 2049 1106 2097 et
1119 2048 1223 2113 satagat
1239 2039 1370 2094 industria
1385 2046 1438 2108 tua,
1456 2046 1481 2093 et
1495 2039 1521 2093 in
1533 2036 1576 2093 his
1590 2039 1649 2095 vice
1664 2046 1760 2094 nostra

106 2130 185 2186 emit.
195 2127 439 2185 Memineritetiam
450 2126 512 2196 quia
526 2132 553 2181 et
567 2139 617 2179 nos
630 2124 704 2178 illum
725 2138 782 2193 prae
804 2121 909 2177 caeteris
959 2137 1068 2194 utatur;
1085 2128 1217 2201 quidquid
1230 2128 1376 2199 agendum,
1407 2126 1538 2198 quidquid
1562 2126 1698 2182 communi
1726 2141 1760 2183 ex

103 2217 272 2290 propinquis
286 2223 314 2272 ²¹
336 2215 439 2271 mulis
464 2215 523 2283 tius
543 2213 702 2277 mittimus,
728 2209 861 2283 elegimus
883 2216 910 2264 tt
959 2217 1059 2288 placito
1075 2215 1154 2272 fuerit
1168 2215 1391 2280 construendum,
1414 2214 1473 2270 vice
1496 2223 1589 2270 nostra
1610 2213 1692 2271 faciat
1714 2222 1758 2269 at·

103 2305 287 2378 praetulimus.
304 2304 382 2359 Unde
396 2311 423 2358 et
443 2318 506 2358 enm
534 2300 665 2356 adversus
694 2314 789 2354 omnes
816 2298 910 2352 hostes
961 2322 1014 2377 que
1030 2305 1184 2362 constituat.
1213 2302 1346 2359 alacriter
1375 2301 1447 2358 enim
1476 2303 1549 2373 qnod
1577 2310 1624 2358 tua
1651 2302 1761 2359 dilectio

103 2393 244 2450 Ecclesiae
259 2408 314 2448 non
328 2390 416 2447 solum
431 2389 615 2458 defensorem,
632 2379 680 2443 scd
711 2395 736 2442 et
763 2392 910 2457 patronum
961 2393 1138 2459 constituerit,
1159 2401 1185 2448 et
1208 2391 1341 2448 immanita
1363 2391 1463 2462 ptaatto
1487 2388 1583 2459 fixerit,
1609 2390 1760 2462 adimplere

104 2491 134 2539 et
159 2482 323 2538 advocatum
347 2487 471 2535 nostrum
495 2477 613 2533 existere
635 2474 855 2547 proposuimus:
883 2479 911 2527 ut
960 2490 1041 2553 atque
1055 2479 1188 2552 perficere
1212 2478 1429 2551 procurabimus,
1447 2476 1512 2533 nihil
1528 2486 1557 2533 ut
1571 2477 1598 2532 in
1611 2479 1664 2535 1100
1678 2478 1762 2534 haesi.

102 2570 184 2643 quod
200 2569 287 2625 einos
302 2568 374 2640 apud
389 2569 477 2623 Deum
492 2582 553 2622 esse
569 2564 732 2637 satagimus,
757 2563 816 2634 ipse
839 2561 911 2616 iuter
961 2576 998 2625 tet
1013 2569 1122 2626 dilectio
1138 2576 1184 2624 tua
1198 2584 1364 2640 magnopere
1378 2575 1593 2624 commonentes.
1618 2564 1759 2623 Praedictis

97 2659 237 2714 homines
251 2673 302 2730 pro
317 2656 396 2713 nobis
410 2655 468 2710 fieri
492 2671 546 2710 non
570 2655 704 2709 detrectet
724 2650 859 2722 ptaeciptte
883 2657 912 2704 tit
961 2665 1051 2713 autem
1066 2657 1157 2712 missis
1180 2656 1278 2713 nostris
1307 2655 1407 2711 missos
1436 2662 1496 2710 tuos
1523 2653 1709 2710 indifferenter
1734 2661 1763 2710 et

97 2747 272 2804 accelerans
297 2744 375 2801 nobis
402 2743 545 2799 subveniat
571 2749 598 2797 et
625 2741 683 2795 sine
712 2755 788 2795 mora
816 2744 912 2794 contra
960 2747 1063 2818 absque
1078 2761 1154 2800 mora
1169 2744 1289 2814 cajetam
1303 2743 1422 2815 dirigere
1437 2750 1594 2815 procurato,
1612 2741 1656 2814 qui
1672 2739 1760 2798 dehis

94 2834 232 2908 perfidos
246 2832 416 2888 Christianos
429 2840 456 2886 et
469 2829 593 2886 infideles
618 2835 768 2885 succurrat·
799 2828 829 2882 ln
858 2840 911 2898 quo
961 2835 1087 2890 omnibus
1102 2850 1164 2890 eum
1178 2833 1218 2889 eis
1234 2832 1379 2888 salubriter
1393 2840 1508 2889 tractare
1529 2831 1644 2895 valeant,
1666 2837 1761 2902 etqua

94 2930 213 2981 sancta!
227 2921 387 2979 fraternitati
400 2928 499 2977 vesirae
512 2936 569 2991 prae
584 2918 710 2976 omnibus
732 2915 910 2973 laborandum
961 2932 1023 2980 sunt
1042 2923 1150 2997 agenda
1177 2920 1320 2994 perficere,
1350 2920 1492 2993 Optamus,
1522 2927 1575 2978 010,
1604 2919 1672 2977 Data
1698 2917 1763 2975 Idug

89 3021 147 3070 est
167 3027 243 3082 :pro
255 3011 402 3068 commisso
417 3009 523 3065 scilicet
544 3007 596 3062 sibi
625 3004 787 3062 srcerdotali
810 3002 908 3070 officio,
925 2977 950 3042 C
959 3013 1057 3080 Martii,
1073 3012 1220 3069 indictione
1233 3024 1264 3066 χ,

86 3110 130 3157 et
145 3101 226 3173 quia,
241 3107 272 3155 nt
284 3115 347 3155 cum
360 3098 493 3171 propheta
506 3095 620 3152 uiridico
632 3094 768 3150 fateamur
788 3093 844 3165 (lra
866 3090 908 3161 x),
1306 3108 1403 3164 mv·

91 3190 128 3245 si
145 3190 211 3245 haec
225 3186 391 3254 humiliatur,
408 3187 444 3241 ad
470 3185 547 3254 enjus
576 3181 739 3255 confugietis
767 3180 908 3246 auxilium,
1124 3213 1161 3252 A„
1180 3211 1339 3253 mum
1357 3208 1582 3253 ,ammom

85 3277 153 3335 vel
163 3277 214 3332 ubi
228 3275 387 3348 relinquetis
401 3273 515 3347 gloriam
529 3272 672 3329 vestram?
685 3272 754 3327 Data
768 3284 800 3325 ιιι
810 3267 909 3324 Kalen·
1233 3286 1324 3355 (Anno
1354 3283 1430 3355 377.)

84 3367 160 3422 ‘³³⁸
175 3364 276 3432 miii
290 3363 385 3421 india·
402 3377 433 3419 ¹·
977 3384 1139 3441 Frotcrium
1157 3382 1191 3438 ab
1213 3382 1340 3439 Ecclesia
1362 3380 1559 3451 burdigalensi
1578 3397 1596 3435 a
1614 3379 1736 3454 poponis

459 3484 555 3554 Lm,
1066 3454 1212 3510 devastato
1234 3454 1373 3524 transfert
1389 3450 1425 3507 ad
1439 3451 1656 3507 asturicensem.

209 3591 246 3634 tn
273 3588 461 3632 manutenuit
487 3585 641 3628 nrrsconmt
668 3581 818 3625 etentnntt
995 3559 1226 3617 Reverentissimo
1254 3565 1280 3614 et
1308 3556 1478 3614 sancdssimo
1505 3556 1634 3613 confratri
1667 3566 1760 3617 nostro

421 3662 512 3734 (Anno
527 3660 601 3731 877.)
960 3649 1111 3716 Pnorttuo,
1126 3647 1227 3703 dudum
1249 3645 1358 3718 quidem
1375 3643 1572 3717 burdigalensi,
1579 3663 1651 3704 nnnc
1667 3655 1759 3707 autem

91 3773 204 3831 uteret
220 3773 334 3842 legator,
356 3771 389 3825 at
399 3765 804 3839 Docibiliahypctutpetierci:
820 3760 912 3817 horta
959 3736 1119 3794 Biillfissfflssi
1132 3735 1358 3836 atthJ⁸Pi⁸00P⁰g
1726 3825 1733 3840 ·

144 3842 316 3900 tnrutdeto
336 3838 671 3908 cromanocnmlegctia
681 3836 910 3905 otpertumcnm
995 3826 1037 3882 Ad
1048 3828 1101 3882 hoc
1112 3841 1163 3881 nos
1177 3824 1270 3880 divina
1283 3838 1393 3896 proviso
1408 3840 1581 3898 supernaque
1600 3826 1753 3886 moderatio

145 3911 301 3971 8⁰²·ssva
311 3910 418 3966 anitum
442 3909 613 3964 absolvatur
628 3926 638 3975 ‚⁹
652 3921 681 3961 *θ
696 3903 911 3978 queautdubie
960 3914 1091 3971 Ecclesiis
1105 3913 1162 3970 suis
1176 3912 1261 3969 voluit
1276 3929 1395 3984 praeesse
1415 3921 1546 3980 rectores,
1576 3922 1605 3969 ut
1632 3914 1759 3986 dispersa

142 3981 412 4053 “mummii'’
428 3979 660 4052 “i'i'mbaimm‘
961 4018 1133 4078 congregare
1152 4009 1178 4058 et
1206 4017 1314 4058 seruare
1343 4010 1508 4075 congregata
1534 4018 1640 4059 summo
1668 4003 1758 4063 studio

139 4091 320 4146 Larannteno
346 4085 474 4157 episeopo
503 4083 640 4155 Cipum
961 4108 1148 4164 procuremus,
1159 4106 1214 4147 non
1229 4090 1318 4146 solnm
1332 4088 1425 4163 [sorte
1441 4096 1469 4145 et
1478 4106 1534 4146 non
1542 4091 1641 4147 solum.
1653 4091 1757 4166 litam]

138 4185 263 4245 Noverit
277 4182 408 4240 industria
442 4189 488 4236 tna
509 4196 560 4236 nos
588 4187 643 4235 tam
671 4177 761 4250 Sergii
788 4175 913 4250 magistri
963 4180 1116 4238 earumdem
1140 4179 1326 4235 Ecclesiarnm
1355 4178 1574 4248 sollicitudinem,
1604 4181 1653 4236 sed
1681 4181 1759 4253 ipso·

66 4278 231 4335 militum
246 4289 325 4346 qnam
338 4270 468 4329 Docibilis
483 4268 577 4340 hypati
590 4267 719 4338 epistolas
734 4266 911 4338 suscepisse:
963 4287 1022 4325 rum
1051 4283 1159 4340 quoque
1187 4275 1325 4323 rectomm
1356 4267 1504 4322 habeamus
1540 4267 1701 4324 iudustriam
1732 4276 1761 4327 et

69 4367 213 4441 quibus
231 4360 408 4434 cognovimns
423 4374 471 4415 eos
487 4355 656 4414 excusabiles
672 4371 701 4410 se
720 4354 790 4411 uelle
818 4369 911 4410 coram
925 4330 1140 4413 Deaereeamus
1159 4355 1321 4410 solertiam:
1351 4363 1483 4426 quatenus
1511 4356 1580 4411 sicut
1607 4356 1759 4414 rectoribus

62 4454 192 4515 hobis
206 4449 326 4506 reddere
353 4446 498 4504 tentavisse
526 4461 609 4516 super
637 4450 774 4500 contracto
803 4441 913 4498 infando
963 4440 1097 4497 destitutis
1115 4439 1247 4495 Ecclesiis
1275 4438 1343 4493 alios
1371 4439 1552 4509 subrogantes
1579 4439 1757 4508 consulimus,

55 4530 216 4605 ‘edere
232 4538 306 4612 qnod
320 4553 383 4594 cum
398 4533 542 4593 Saracenis
562 4532 645 4604 impie
672 4532 835 4605 pepigerunt
863 4546 914 4588 nec
963 4529 998 4584 ita
1012 4527 1163 4585 rectoribus
1176 4527 1337 4583 vacantibus
1351 4525 1488 4583 Ecclesiae
1504 4527 1613 4583 Domini
1630 4527 1759 4584 commit·

57 4625 304 4689 {absoluerunt
318 4621 472 4686 intantum,
488 4626 517 4674 nt
538 4617 649 4691 gerulus
676 4632 771 4671 earum
800 4613 915 4671 referret
963 4624 1060 4684 tentes,
1076 4615 1217 4688 providam
1232 4631 1326 4671 curam
1341 4631 1391 4670 nos
1406 4615 1564 4672 earumdem
1573 4615 1761 4672 Ecclesiarnm

43 4704 160 4778 Sam
177 4711 272 4769 fuisse
286 4709 435 4781 diruptum,
449 4707 502 4763 nisi
517 4706 625 4762 dilectio
640 4712 685 4759 tua
699 4719 747 4776 pro
762 4703 915 4760 reverentia
964 4720 1063 4779 gerere
1077 4705 1296 4760 demonstremus
1313 4721 1320 4758 :
1336 4702 1453 4760 maxime
1467 4704 1510 4758 his
1539 4702 1595 4775 qui,
1623 4719 1686 4760 cum
1713 4719 1761 4761 ro-

46 4795 208 4863 nostri,
242 4800 364 4848 mittum
392 4792 419 4847 in
446 4792 500 4848 ¹¹⁰⁰
527 4789 739 4861 etspttfflssduttt
773 4786 916 4843 tibittitlm
966 4792 1216 4865 bustipraeliatores
1231 4791 1339 4849 Domini
1361 4793 1423 4863 sint,
1448 4793 1520 4848 intra
1543 4791 1685 4848 otiositatis
1708 4807 1762 4848 an·

29 4870 274 4950 judicasset.
290 4880 420 4951 Quamuis
434 4895 486 4936 nec
501 4880 560 4935 hac
574 4878 633 4950 ipsa
656 4893 689 4933 ex
710 4883 766 4932 toto
788 4874 916 4932 credide-
966 4881 1084 4956 gustiam
1099 4882 1188 4937 arceri
1204 4889 1330 4950 renuunt,
1342 4887 1368 4935 et
1387 4895 1435 4951 per
1444 4880 1497 4937 hoc
1511 4879 1653 4951 expeditus
1667 4887 1764 4937 contra

37 4974 209 5041 Emtae,
228 4984 264 5026 ΘΟ
277 4969 398 5042 quotide
413 4968 455 5022 bis
474 4966 576 5022 nullam
604 4974 678 5020 tuam
705 4964 915 5036 susceperimus·
966 4970 1031 5026 uitia
1056 4968 1234 5026 certaminum
1262 4968 1390 5024 exercitia
1419 4976 1552 5040 quaerunt.
1582 4966 1653 5038 Quia
1679 4968 1763 5042 igitur

40 5047 215 5126 venam
233 5058 296 5131 quia
323 5073 374 5113 nos
399 5055 546 5128 praedictus
574 5052 705 5109 Docibilis
732 5053 859 5124 hypatus,
889 5058 918 5106 ut
967 5057 1189 5129 burdigalensem
1203 5056 1363 5121 Ecclesiam,
1379 5063 1516 5128 totamque
1544 5073 1615 5129 pene
1629 5056 1680 5112 sub
1707 5056 1766 5125 ejus

36 5152 406 5217 ¹1ztissosnostrospro
435 5152 508 5199 tanto
535 5144 607 5198 bono
633 5149 660 5197 et
688 5140 762 5196 omni
784 5139 918 5196 Ecclesiae
968 5146 1087 5201 habitam
1102 5144 1234 5216 regimine
1244 5144 1394 5211 diaecesim,
1406 5144 1442 5199 ita
1451 5161 1620 5218 paganorum
1634 5144 1766 5216 frequen·

42 5240 260 5306 Drofutnro
274 5232 453 5307 perficiendo,
473 5232 596 5302 Caietam
614 5230 794 5294 mitteremus.
820 5226 918 5283 obnixe
969 5242 1011 5290 tes
1026 5233 1111 5307 gladii
1126 5233 1281 5304 predaeque
1296 5231 1432 5289 continue
1445 5232 1615 5304 consumpsit
1642 5231 1765 5304 irruptio.

50 5325 238 5406 ¹’ogtwits
265 5321 487 5396 nenegligentia
514 5328 608 5377 ¹¹0sita
637 5315 788 5374 diffamaret
819 5323 920 5371 tantam
971 5330 1000 5377 nt
1014 5337 1086 5392 pene
1101 5337 1180 5377 omne
1195 5321 1251 5376 illic
1273 5320 1428 5392 episcopale
1456 5328 1534 5378 vacet
1558 5320 1686 5391 officinm,
1716 5336 1767 5378 nea

47 5403 232 5476 humani
250 5411 360 5484 generis
375 5410 490 5465 salutem
507 5406 694 5480 postpositam.
710 5405 833 5460 misimus
856 5403 920 5458 illut
973 5410 1095 5466 cessario
1110 5408 1293 5480 praevidimus.
1312 5409 1360 5464 Dei
1376 5408 1568 5480 omnipotentis
1595 5410 1766 5479 auctoritate,
