3794 6104
780 222 927 277 loannis

478 346 587 401 cotta.

244 458 280 498 ao
300 457 448 498 eontanas
467 455 663 497 ruuraninn'srs
682 455 816 493 censurii.

435 542 524 609 (bono
541 540 615 607 879.)

135 641 212 694 Dolet
228 639 260 693 dc
272 654 368 693 eorum
383 635 605 699 calamitatibus,
618 638 646 689 et
660 634 802 703 significet
814 650 842 688 ac
858 635 929 704 ipso-

76 745 80 753 1
168 726 232 762 rum
246 723 331 761 conco
347 705 446 761 bosoni
469 705 593 775 principi
616 708 699 775 atqttc
715 705 821 773 littpont'
837 704 929 758 abboli

167 778 356 847 scripsissent
368 790 412 829 eoa
429 778 562 835 utentur,-
579 775 727 844 exemplar
742 774 829 828 etiarn
841 778 928 827 tastu·

167 848 256 900 rnantt'
267 845 381 899 Gerordi
396 844 557 914 sutrdutoris
573 845 704 914 ilnscpiso
719 844 928 914 archiepiscopo

167 921 193 969 ct
210 915 334 970 Controdo
349 915 446 970 comiti
463 915 581 968 anisiaco.

164 1012 270 1066 Sancta
285 1008 488 1082 congregationi
504 1009 602 1063 summi
618 1008 803 1078 apostolorum
827 1008 927 1077 princi·

127 1099 169 1169 pis
185 1098 256 1151 Petri
271 1097 387 1152 coenobii
402 1096 488 1151 nostri
503 1096 689 1150 Pultariensis.

163 1187 316 1258 Cognoscat
331 1200 381 1255 pro
397 1192 471 1239 certo
487 1183 643 1238 fraternitas
658 1191 749 1237 vestra
764 1199 824 1245 nos,
841 1183 926 1237 relec-

125 1273 160 1327 tis
175 1273 271 1328 litteris
287 1272 395 1339 restris,
412 1287 460 1341 pro
480 1271 562 1325 tantis
588 1271 796 1325 adversitatibus
811 1286 878 1341 quas
892 1269 925 1324 ab

124 1360 225 1432 iniquia
239 1360 359 1432 quotidie
383 1359 523 1413 sustinetis
544 1358 709 1423 hominibus,
732 1357 811 1411 valde
833 1357 925 1411 tristes

123 1448 250 1513 existere,
267 1446 396 1519 quoniam
411 1446 480 1502 sicut
493 1447 528 1500 de
547 1453 637 1501 vestra
660 1445 842 1516 prosperitate
856 1460 924 1516 gau-

126 1535 232 1601 demus,
248 1535 285 1589 ita
301 1530 409 1606 quodue
431 1543 458 1590 et
479 1535 513 1588 de
538 1542 630 1588 restra
650 1534 819 1587 tribulatione
834 1533 924 1586 trista·

125 1639 196 1677 mur.
219 1623 297 1678 Unde
320 1622 442 1677 volentes
467 1629 589 1676 sanctam
608 1621 849 1693 congregationem
872 1636 922 1675 re-

127 1718 222 1775 stram,
239 1717 331 1780 utpote
346 1709 516 1765 Dominicum
538 1725 653 1781 gregem
668 1709 695 1761 in
710 1708 770 1779 ipso
783 1708 923 1778 apostolo·
938 1685 964 1744 Β

127 1814 187 1852 rum
202 1797 323 1868 principe
337 1797 416 1852 nobis
435 1796 621 1859 commissum,
646 1796 749 1850 sairam
764 1804 790 1850 et
804 1797 923 1867 quietam

125 1886 236 1951 habere,
259 1885 416 1949 direximus,
442 1884 589 1939 secundum
612 1884 769 1954 petitionem
793 1892 921 1947 vestram,

126 1981 235 2029 nostras
250 1972 415 2042 apostolicas
428 1971 530 2026 litteras
545 1972 644 2026 Bosoni
659 1971 780 2043 glorioso
796 1971 921 2042 principi,

125 2070 152 2117 et
165 2060 273 2131 Hugoni
290 2059 459 2114 nobilissimo
473 2059 572 2127 abbati,
588 2067 711 2130 petentes
727 2067 858 2129 quatenus
873 2074 923 2129 pro

124 2147 175 2202 Dei
190 2154 400 2218 sanctorumque
423 2147 610 2217 apostolorum
635 2146 786 2217 principum
803 2146 874 2200 Petri
890 2161 922 2203 oc

122 2233 200 2289 Pauli
215 2249 320 2300 amore,
335 2242 485 2305 nostraque
509 2234 663 2302 dilectione,
686 2250 742 2288 suae
757 2233 923 2289 defensionis

124 2322 252 2377 auxilium
280 2321 359 2376 vobis
388 2321 555 2391 impendant,
586 2329 613 2376 et
641 2329 734 2376 contra
762 2321 812 2376 liei
841 2329 923 2392 atilae

123 2423 219 2464 omnes
234 2417 338 2464 vestros
352 2409 523 2464 adversarios
536 2425 647 2463 monum
661 2425 716 2463 suto
730 2409 858 2478 potentiae
873 2425 922 2462 cx-

122 2497 243 2564 tendant,
260 2504 289 2550 ut
304 2496 393 2568 quiete
409 2514 440 2551 ac
455 2497 589 2552 securiter
599 2497 743 2568 degentes,
756 2496 860 2550 debitas
871 2498 922 2552 lio

120 2584 195 2639 mino
210 2584 306 2640 laudes
320 2584 476 2655 persolvere
492 2599 524 2639 ac
534 2599 584 2654 pro
601 2584 679 2638 nobis
694 2593 719 2638 et
734 2585 807 2639 omni
821 2584 922 2653 populo

121 2670 276 2726 Christiano
290 2671 404 2727 veleatis
419 2672 631 2741 omnipotentem
658 2671 803 2726 Dominum
824 2672 921 2741 depre-

119 2759 184 2822 cari,
201 2766 228 2813 et
243 2775 288 2813 res
299 2759 385 2814 sancti
399 2758 485 2813 nostri
501 2758 659 2812 monasterii
675 2758 817 2828 tranquilla
832 2768 921 2812 mente

120 2845 277 2915 disponere,
294 2860 390 2917 regere
401 2846 591 2901 sesecundum
601 2845 746 2899 Dominum
761 2845 921 2915 dispensare

120 2931 241 3002 possitis.
257 2933 339 2987 Porro
354 2931 491 3002 exemplar
505 2931 589 3002 ipsius
605 2932 767 2998 testamenti,
783 2948 833 3002 per
848 2932 920 3003 quod

947 223 1042 278 PAPaE
1064 227 1131 279 vlit.

945 345 971 405 Α
982 347 1088 400 Christo
1104 347 1283 412 cruciantium,
1308 349 1343 400 ab
1365 348 1481 403 inimicis
1504 347 1604 403 vicinis
1620 349 1775 417 perturban-

982 440 1031 498 tur,
1049 434 1191 504 0nrnisque
1206 435 1324 499 illorum,
1342 436 1396 489 imo
1411 444 1505 491 nostra
1520 435 1624 489 familia
1639 436 1777 491 crudeliter

980 520 1088 574 assidue
1113 531 1225 575 vexatur
1246 530 1272 576 et
1295 523 1472 592 opprimitur,
1497 524 1536 577 ita
1559 539 1629 576 sane
1654 532 1683 576 ut
1697 539 1777 595 nequa

980 623 1059 662 arare
1073 624 1161 678 ireque
1187 617 1283 664 catera
1308 627 1369 680 quae
1392 612 1426 664 ad
1451 620 1531 665 terrae
1550 611 1686 665 culturam
1701 611 1777 681 perti·

980 703 1053 763 nent,
1070 696 1155 765 possit
1171 713 1310 751 exercere.
1335 697 1507 767 Quapropter
1522 707 1549 752 et
1565 706 1694 752 restrum
1708 699 1776 753 auxi·

979 781 1042 835 lium
1066 783 1154 837 eidem
1176 792 1269 838 sancto
1294 784 1353 839 loco
1378 785 1552 855 impendatis,
1578 794 1607 840 et
1630 794 1724 841 contra
1735 787 1777 842 Dei

979 877 1060 940 atque
1075 871 1133 938 ejus
1148 872 1320 927 adversarios
1336 889 1446 927 manum
1460 880 1560 928 restrae
1576 873 1719 942 potentiae,
1735 891 1776 944 pro

978 972 1072 1012 amore
1088 959 1137 1012 Dei
1152 968 1178 1013 et
1194 967 1350 1014 sanctorum
1365 961 1552 1029 apostolorum
1570 961 1645 1015 Petri
1663 977 1696 1016 ac
1711 961 1775 1017 Pauli

977 1053 1121 1116 nostraque
1149 1046 1294 1102 dilectione
1323 1048 1493 1112 ostendatis,
1530 1055 1671 1118 quatenus
1696 1058 1776 1104 uestro

976 1133 1079 1201 potenti
1108 1132 1217 1202 brachio
1246 1134 1316 1202 freti,
1347 1135 1414 1189 salsi
1443 1135 1469 1189 in
1494 1135 1626 1190 omnibus
1650 1144 1677 1189 et
1694 1137 1774 1192 securi

976 1220 1135 1284 consistant,
1152 1229 1180 1274 ut
1195 1230 1221 1275 et
1235 1222 1262 1275 iu
1279 1223 1405 1292 praesenti
1419 1223 1519 1295 dignas
1534 1240 1550 1277 a
1566 1223 1649 1277 nobis
1665 1225 1774 1279 retribu-

976 1306 1063 1361 tiones
1080 1317 1106 1362 et
1120 1307 1148 1361 in
1170 1307 1260 1364 laturo
1284 1310 1459 1381 multiplicem
1480 1327 1498 1365 a
1522 1311 1644 1366 Domino
1670 1311 1774 1366 valeatis

975 1395 1130 1450 mercedem
1145 1412 1207 1450 cum
1223 1397 1325 1453 sanctis
1340 1398 1475 1469 recipere.

1331 1495 1441 1550 contr.

1161 1604 1198 1643 to
1217 1605 1352 1645 rruooxsu
1372 1607 1406 1644 nr
1426 1606 1589 1645 naucerus.

1275 1662 1365 1729 (Anno
1380 1662 1455 1731 879.)

979 1746 1054 1812 Quod
1074 1749 1243 1803 l'cndouram
1258 1749 1358 1803 uillam
1372 1751 1466 1804 sancti
1491 1751 1572 1804 Petri
1588 1751 1772 1806 Pullarienat'a

1014 1818 1089 1872 nulli
1103 1819 1282 1886 concesserit,
1308 1823 1337 1873 ct
1353 1820 1561 1881 irembertum,
1579 1821 1629 1891 qai
1645 1837 1664 1874 o
1679 1821 1772 1876 Boione

1012 1890 1208 2013 ggppirggfclgpit,
1225 1890 1470 1946 ercotnrnunicari
1479 1892 1616 1960 jusserat,
1632 1891 1692 1945 nin
1706 1891 1773 1946 abac

1013 2053 1122 2107 {tuconi
1137 2063 1161 2108 et
1178 2055 1330 2110 mociano
1340 2055 1447 2110 dilectis
1461 2055 1591 2111 fidelibus
1606 2058 1719 2112 nostris.

1011 2141 1164 2210 Cognoscat
1179 2159 1229 2213 pro
1244 2151 1317 2198 certo
1325 2143 1442 2199 fidelitas
1454 2152 1547 2199 restra
1558 2145 1626 2216 quia
1636 2146 1772 2216 nosipsau

975 2227 1066 2283 villam
1080 2239 1199 2284 nostram
1216 2232 1395 2294 Ventloaram,
1419 2248 1501 2303 quam
1516 2233 1610 2289 dicitis
1625 2250 1689 2288 esse
1703 2233 1771 2288 inra-

975 2333 1032 2369 sam
1047 2317 1179 2372 abosone
1194 2319 1300 2387 comite,
1318 2320 1394 2390 quasi
1410 2336 1460 2374 nos
1475 2335 1539 2375 eam
1552 2336 1616 2376 cum
1639 2321 1687 2377 illo
1701 2336 1770 2376 com-

974 2413 1154 2459 mutassemus
1169 2406 1333 2476 nccipientes
1349 2407 1460 2461 alteram
1475 2408 1509 2461 ab
1525 2423 1569 2470 eo,
1588 2425 1680 2480 neque
1695 2410 1771 2465 bene·

974 2490 1053 2546 siciali
1070 2509 1154 2561 more,
1177 2509 1266 2564 uequc
1290 2494 1405 2562 alicujus
1428 2496 1654 2554 commutationis
1674 2505 1769 2566 tenore,

973 2594 1061 2650 neque
1076 2580 1129 2634 alio
1144 2597 1306 2652 quocunque
1322 2583 1413 2648 modo,
1425 2598 1488 2637 cum
1498 2584 1600 2638 eodem
1613 2586 1719 2640 Bosone
1732 2583 1770 2638 rel

972 2666 1026 2721 alio
1041 2684 1203 2739 quocunque
1226 2669 1345 2735 homine,
1369 2671 1494 2725 dedimus
1514 2688 1607 2743 neque
1624 2680 1769 2728 commuta·

973 2754 1069 2808 vimus.
1086 2756 1150 2809 ldeo
1166 2756 1192 2809 iu
1208 2754 1335 2811 fidelitate
1354 2765 1380 2812 et
1403 2758 1515 2814 servitio
1532 2767 1694 2815 sanctorum
1708 2776 1769 2830 apo-

972 2842 1104 2896 stolorum
1120 2843 1191 2897 Petri
1206 2860 1236 2898 ac
1252 2845 1328 2898 Pauli
1351 2845 1448 2900 devota
1462 2855 1556 2901 mente
1569 2858 1768 2918 permanentes,

971 2929 1057 2999 ipsam
1072 2931 1164 2985 villam
1180 2932 1230 2986 sub
1246 2941 1340 2987 nostro
1361 2934 1420 3002 jure
1443 2941 1580 3001 tenentes,
1599 2935 1769 2991 defenditeet

1733 230 1777 280 tat

110 3017 259 3073 -Gerardus
285 3018 364 3074 bonae
393 3020 530 3074 memoriae
556 3035 657 3086 comes,
683 3034 737 3073 una
761 3035 823 3075 cum
839 3020 919 3074 Berta
933 3024 1031 3086 ccum
1055 3018 1162 3072 Domini
1186 3019 1286 3073 anxilio
1308 3020 1473 3092 gubernate,
1495 3038 1550 3078 nec
1571 3023 1660 3094 aliqui
1674 3022 1768 3079 homiui

119 3107 257 3178 quondam
273 3107 388 3176 conjuge
403 3122 450 3160 sua
466 3107 539 3176 ipsas
551 3123 594 3160 res
604 3107 773 3176 principibus
784 3108 917 3177 apostolo

118 3210 181 3250 rum
195 3194 274 3249 Petro
299 3201 326 3249 et
351 3194 434 3249 Paulo
456 3194 575 3258 tradidit,
601 3194 673 3248 bulla
695 3194 811 3248 nominis
831 3195 918 3248 nostri

117 3282 260 3348 munitum,
271 3282 406 3353 ansegiso
421 3280 624 3352 archiepiscopo
635 3290 661 3336 et
671 3283 795 3336 Conrado
812 3282 915 3347 comiti,

117 3369 147 3423 in
161 3369 239 3438 cujus
252 3369 381 3424 comitatu
396 3369 463 3439 ipsae
477 3385 522 3422 res
534 3369 717 3434 continentur,
731 3385 780 3439 per
794 3385 917 3438 praesen-

117 3463 173 3511 tem
187 3456 310 3511 nuntium
336 3464 454 3510 vestrum
476 3456 634 3511 direximus.
654 3456 706 3510 Vos
722 3457 813 3527 itaque
829 3457 917 3511 ridete

117 3544 141 3599 si
156 3545 191 3599 de
204 3545 247 3598 bis
261 3543 387 3599 omnibus
412 3543 496 3613 adjuti
521 3543 636 3609 lueritis,
662 3561 696 3597 au
717 3560 782 3609 non,
800 3553 824 3598 et
839 3545 918 3599 nobis

116 3632 278 3696 renuntiate,
291 3640 319 3685 ut
334 3632 411 3703 qiresi
426 3632 541 3687 concilio
557 3631 663 3686 meliori
680 3633 855 3701 potuerimus,
871 3649 918 3686 ros

116 3720 296 3775 libentissime
320 3720 450 3786 adjurare
473 3735 609 3774 curemus.
638 3720 840 3774 Fraternitatern
869 3735 917 3774 re-

117 3814 201 3862 stram
217 3814 339 3861 orantem
354 3821 404 3875 pro
420 3806 498 3860 nobis
515 3807 644 3861 Dominus
666 3806 793 3876 dignetur
808 3823 919 3861 conser-

119 3908 185 3948 vara
200 3892 372 3947 incolumem.

469 3964 566 4017 CCLV.

345 4047 382 4086 to
401 4047 535 4086 nucosnrr
554 4047 691 4086 trasanii.

428 4117 518 4182 (Anno
538 4117 613 4182 ota.)

224 4215 258 4269 tlt
271 4214 478 4269 monasterium
492 4214 673 4268 Pollentinae
690 4218 814 4267 tucatur.

153 4307 257 4364 Dilecto
272 4306 326 4363 lilio
341 4308 452 4362 Huoon'i
467 4307 636 4362 nobilissimo
652 4308 751 4361 abbati.

153 4395 257 4464 Quanta
273 4411 322 4450 vos
337 4395 480 4450 dilectione
504 4403 659 4465 quantoque
681 4404 781 4449 nostra,
795 4395 918 4465 paterni-

118 4484 181 4540 tatis
195 4482 273 4554 quasi
288 4483 398 4537 unicum
413 4481 497 4536 lilium
508 4482 681 4537 dilexerimus
692 4482 800 4549 affectu,
817 4500 848 4535 ex
865 4500 918 4553 spuo

117 4579 238 4626 vestram
253 4569 397 4624 sublimem
420 4569 598 4641 cognovimus
622 4570 797 4640 sagacitatem
813 4579 839 4625 et
855 4570 917 4640 glo-

120 4659 196 4723 riam,
212 4658 264 4728 ipsi
280 4658 450 4713 abundanter
472 4657 601 4721 recolitis,
627 4658 755 4728 quoniam
781 4666 806 4712 et
827 4667 917 4712 restra

117 4760 168 4802 nos
182 4745 340 4802 excellentia
355 4745 437 4800 veluti
460 4752 564 4815 patrem
585 4745 732 4814 spiritalem
748 4745 775 4798 in
791 4747 917 4800 omnibus

119 4833 211 4890 colere
235 4840 261 4888 et
285 4834 420 4887 bonorare
444 4832 533 4886 animo
558 4832 703 4903 tranquillo
727 4834 839 4887 curarit.
857 4834 917 4901 Quo

118 4919 245 4977 videlicet
264 4927 364 4975 mutuae
387 4919 541 4975 dilectionis
565 4919 669 4974 ioedere
693 4919 795 4975 illibato
810 4921 914 4986 contisi,

119 5009 313 5064 monasterium
337 5007 425 5062 sancti
449 5007 530 5071 Petri,
557 5009 630 5078 quod
654 5008 807 5077 appellatur
823 5008 915 5063 Pulto-

119 5097 210 5151 riensc
225 5103 253 5150 et
266 5094 405 5149 Gerardus
428 5094 564 5164 quondam
590 5111 682 5150 comes
703 5097 737 5150 de
761 5096 845 5150 rebus
860 5096 916 5150 suis

118 5182 231 5254 perfecit
246 5190 326 5254 atque
341 5181 443 5236 dotavit
457 5189 483 5235 et
499 5190 591 5237 sancto
608 5184 686 5237 Petro
708 5183 828 5251 tradidit,
844 5184 916 5253 peti-

118 5285 179 5324 mus
194 5278 222 5324 ut
236 5278 326 5325 restra
348 5269 375 5323 in
398 5269 524 5323 omnibus
548 5270 659 5324 tuitione
682 5271 835 5337 adjuretur,
852 5271 916 5341 quia

118 5353 216 5409 iratres
231 5357 277 5426 qui
292 5372 362 5411 nunc
386 5357 412 5410 in
438 5372 470 5411 eo
495 5357 655 5419 consistunt,
682 5367 707 5412 et
733 5359 842 5412 sedulas
858 5361 915 5413 Deo

118 5441 209 5494 laudes
236 5444 400 5509 persolvunt,
431 5453 539 5495 orantes
570 5461 618 5513 pro
644 5445 728 5498 saluti·
754 5448 871 5498 ninnium
888 5449 912 5500 in

968 3106 1085 3159 credatis
1114 3122 1163 3159 nos
1189 3107 1334 3178 aliquando
1363 3108 1505 3178 praelatam
1534 3111 1632 3165 villam
1657 3111 1768 3183 quolibet

968 3193 1050 3247 modo
1064 3193 1186 3248 daturos.
1205 3194 1358 3248 Direximus
1375 3212 1450 3261 vero,
1462 3213 1513 3267 pro
1528 3206 1627 3254 nostro
1642 3198 1767 3268 adjutorio

968 3295 1000 3334 ac
1022 3280 1190 3334 defensionis
1218 3282 1328 3346 auxilio,
1345 3282 1451 3337 litteras
1479 3293 1593 3340 nostras
1619 3287 1677 3355 jam
1700 3287 1764 3342 dicto

968 3368 1066 3420 Bosoui
1096 3369 1196 3429 comiti,
1223 3376 1250 3422 ut
1278 3385 1328 3439 pro
1350 3386 1444 3425 amore
1467 3371 1528 3433 Dei,
1554 3381 1583 3427 et
1599 3374 1629 3428 S.
1645 3374 1724 3439 Petri,
1738 3387 1764 3428 ac

968 3466 1072 3519 nostro,
1099 3464 1124 3509 et
1150 3471 1215 3510 suos
1240 3457 1363 3512 homines
1387 3457 1451 3512 inde
1475 3471 1630 3528 removeat,
1645 3470 1672 3516 et
1686 3461 1760 3532 ipsam

969 3542 1060 3596 villam
1088 3543 1239 3598 nullatenus
1269 3544 1397 3600 invallare
1427 3562 1476 3601 nec
1506 3549 1632 3603 invasam
1660 3550 1761 3603 relinere

967 3638 1115 3699 prasumat
1134 3648 1140 3685 ε
1156 3631 1220 3700 quin
1236 3632 1326 3701 polius
1351 3648 1400 3687 suo
1416 3649 1465 3688 vos
1479 3634 1596 3690 brachio
1612 3644 1723 3700 tueatur,
1736 3643 1757 3689 et

968 3718 1001 3770 ab
1017 3718 1144 3771 omnibus
1159 3734 1225 3789 erga
1242 3735 1290 3774 vos
1300 3719 1371 3774 tnale
1382 3722 1527 3792 agentibus
1537 3723 1669 3794 dignetur
1677 3723 1757 3778 delen·

969 3807 1044 3871 dere,
1061 3805 1082 3858 si
1096 3805 1210 3877 gratiam
1227 3807 1277 3862 Dei
1292 3816 1317 3861 et
1332 3808 1464 3878 principis
1487 3811 1678 3879 apostolorum
1697 3810 1755 3881 cupit

970 3893 1078 3947 babere.
1106 3894 1296 3948 arembertum
1327 3904 1425 3961 autem,
1455 3897 1606 3953 vassallum
1633 3900 1698 3969 ejus,
1721 3896 1752 3953 cui

969 3980 1056 4051 ipsam
1071 3980 1159 4034 sillam
1184 3981 1318 4038 beneticio
1341 3983 1465 4048 dederat,
1490 3985 1566 4040 ornni
1586 3984 1750 4042 ecclesiastici

969 4069 1158 4123 communione
1173 4086 1223 4138 per
1238 4071 1312 4125 lsaac
1328 4071 1513 4126 venerabilem
1536 4074 1693 4144 episcopum
1703 4075 1749 4143 jus·

969 4156 1053 4209 simus
1069 4173 1129 4210 esse
1145 4157 1289 4226 priuatum,
1304 4159 1328 4211 si
1348 4159 1375 4212 in
1399 4159 1497 4213 eadem
1522 4160 1588 4215 villa
1603 4163 1709 4216 ulterius
1721 4169 1749 4212 te·

969 4260 1043 4298 mere
1057 4243 1158 4298 intrare
1175 4254 1219 4298 aut
1239 4244 1357 4317 aliquam
1380 4246 1415 4300 ibi
1439 4249 1662 4304 contrarietatem
1676 4248 1746 4303 lacera

969 4333 1182 4402 praesumpserit.

1305 4431 1427 4486 ocavit.

1198 4514 1233 4553 an
1254 4515 1381 4556 uososnu
1400 4518 1534 4558 contrait.

970 4581 1003 4635 o'r
1016 4582 1211 4637 ilrerrtbcrtont
1230 4588 1257 4637 et
1281 4586 1389 4655 quosois
1418 4586 1490 4641 alios
1504 4605 1521 4641 a
1537 4587 1680 4643 Vertdooro
1694 4585 1743 4642 tillo

1002 4657 1152 4714 removent,
1183 4670 1298 4723 cotiique
1324 4656 1552 4713 pultariensibus
1582 4659 1709 4713 restituat
1725 4656 1744 4707 ct

1002 4725 1210 4777 intertectoriom
1224 4724 1318 4792 iprum
1335 4729 1460 4780 tactatur.

1002 4816 1116 4872 Dilectio
1132 4818 1188 4873 lilio
1203 4820 1306 4873 Bosoxr
1322 4820 1444 4892 glorioso
1458 4822 1586 4894 principi.

1002 4904 1109 4972 Quanta
1125 4922 1174 4960 ros
1189 4907 1333 4962 dilectione
1348 4917 1506 4980 quantoque
1525 4919 1628 4967 nostrae
1642 4908 1741 4983 paterni·

966 4992 1028 5045 tatis
1043 4992 1216 5048 dilexerimus
1241 4993 1339 5049 affectu
1363 5011 1397 5049 ex
1418 5012 1450 5050 eo
1472 5014 1526 5068 quo
1545 5008 1665 5054 vestram
1678 4995 1743 5067 subli-

965 5095 1037 5133 mem
1052 5081 1259 5152 cognoverimus
1274 5081 1399 5154 gloriam,
1417 5083 1469 5153 ipsi
1483 5085 1656 5142 abundanter
1669 5082 1745 5141 recoli·

966 5167 1009 5229 tis,
1026 5169 1153 5238 quoniam
1168 5178 1194 5223 et
1208 5178 1298 5224 restra
1313 5186 1363 5225 nos
1387 5171 1548 5227 excellentia
1564 5176 1648 5230 ueluti
1661 5183 1744 5245 patrem

966 5255 1114 5323 spiritalem
1143 5257 1168 5309 in
1198 5257 1325 5312 omnibus
1353 5258 1443 5314 colere
1472 5269 1500 5315 et
1521 5262 1656 5319 bonorare
1673 5261 1744 5317 anino

966 5343 1110 5412 tranquillo
1126 5345 1235 5398 curarit.
1261 5345 1321 5413 Quo
1343 5345 1469 5402 videlicet
1495 5359 1598 5405 mutuae
1613 5346 1743 5403 dilectionis

966 5429 1065 5484 triten
1082 5430 1185 5493 coislisl,
1197 5449 1226 5483 en
1243 5450 1304 5503 quir
1316 5435 1365 5486 snb
1377 5434 1439 5500 jure
1455 5444 1614 5491 sanctorum
1630 5431 1745 5507 apostolo
