3794 6104
55 239 92 290 st

773 224 961 285 EPISTOLAE.

1681 241 1714 292 93

55 359 207 430 petierunt,
226 374 290 413 cum
308 357 457 427 judicatum
474 356 569 421 tuerit,
587 366 616 410 ut
630 357 734 411 eisdem
756 356 863 410 leudem
879 349 1038 427 Aquaeego
1052 357 1080 410 in
1095 357 1240 427 scripturis
1261 357 1367 428 loquor,
1385 367 1411 411 et
1430 373 1485 412 non
1509 374 1542 412 ex
1557 365 1592 419 te.
1613 358 1641 412 id
1669 368 1711 414 est

55 446 223 503 rewadiaret
245 455 273 500 et
287 446 410 500 homines
431 446 515 500 uestri
528 444 631 500 isidam
643 446 776 513 jurarent.
792 444 826 497 Et
840 441 864 496 si

56 537 110 592 alia
124 536 217 590 eidem
237 534 352 591 Luidoni
370 549 494 605 quaerere
516 534 627 596 vellent,
643 534 670 587 iu
693 532 777 587 mallo
792 531 863 584 illius

10 687 17 705 ,
57 625 91 679 de
109 624 322 696 quibuscunque
337 622 437 678 vellent
452 639 514 677 eum
535 621 741 693 interpellarent
755 630 781 675 et
799 621 863 700 ipse

55 712 191 782 justitiam
206 712 343 766 redderet.
361 710 442 779 Quod
457 710 551 780 etipse
567 710 652 764 Luido
662 709 801 764 humiliter
815 709 864 762 ob·

60 801 131 855 tulit.
148 801 249 855 Postea
263 808 355 854 autem
370 799 486 869 qualiter
509 799 572 854 iude
593 807 681 853 actum
700 797 791 859 tuerit,
815 811 864 850 vos

60 907 115 944 non
141 889 222 952 latet;
244 888 301 943 scio
324 895 415 942 tamen
434 888 497 958 quia
512 888 582 942 sicut
611 886 735 956 capitula
759 885 862 950 dicuin,

914 459 946 497 ex
961 452 1006 498 tuo
1021 444 1129 498 animali
1145 451 1172 499 et
1186 446 1288 500 carnali
1304 461 1395 500 sensu.
1417 445 1452 499 Et
1467 453 1578 500 sanctus
1594 446 1648 500 Leo
1663 462 1711 501 sa·

914 547 976 586 cros
998 547 1116 587 canones
1141 533 1239 603 Spiritu
1265 534 1314 588 Dei
1330 534 1455 588 conditos
1470 543 1496 588 et
1520 534 1600 589 totius
1621 535 1715 590 mundi

914 620 1066 674 reverentia
1091 629 1266 676 consecratos
1289 622 1362 676 dicit.
1389 623 1420 676 Et
1437 623 1471 677 de
1492 623 1599 696 legibus
1615 624 1715 694 quibus

914 707 1039 763 Ecclesia
1058 709 1214 763 moderatur
1230 717 1256 764 et
1278 709 1467 765 christianitas
1483 712 1597 783 regitur,
1616 712 1717 768 Christi

914 791 1022 846 Domini
1037 793 1168 862 sapientia
1183 793 1248 848 dicit
1264 809 1270 845 :
1288 797 1341 864 Epo
1351 796 1495 866 sapientia
1506 797 1599 851 habito
1611 797 1715 852 incon-

914 881 998 935 silio:
1018 898 1069 951 per
1088 898 1132 936 me
1157 898 1233 951 repes
1256 887 1385 952 regnunt,
1398 887 1426 937 et
1442 885 1536 954 tequm
1554 885 1715 941 conditores

60 979 123 1032 inde
147 986 242 1031 actum
273 993 327 1030 non
352 975 410 1031 suit,
436 976 494 1031 Nec
516 984 620 1029 tantum
636 975 699 1029 inde
724 974 750 1027 iu
766 972 865 1044 palatio
910 971 991 1040 jaste
1004 969 1164 1024 decernunt
1178 971 1272 1038 (Pron.
1292 976 1362 1033 viu).
1375 971 1537 1026 Conditores
1558 973 1658 1043 quippe
1675 974 1715 1028 le·

62 1075 153 1119 vestro
170 1064 221 1118 tuit
236 1072 404 1128 exsecutum,
421 1072 551 1135 quantum
576 1063 724 1133 capitulum
737 1062 821 1131 jubet,
836 1069 866 1115 ut
915 1074 980 1129 gum
1000 1073 1053 1112 non
1069 1058 1141 1111 nudo
1158 1058 1252 1119 uerbo,
1270 1059 1318 1112 sed
1334 1059 1435 1128 scripto
1444 1059 1522 1132 leges
1534 1062 1716 1117 condiderunt

62 1153 175 1224 quffibet
209 1168 303 1208 comes
326 1152 353 1206 in
378 1169 428 1206 sue
456 1152 583 1208 comitam
608 1152 672 1205 inde
703 1150 794 1205 facere
817 1165 866 1219 per
915 1153 941 1198 et
957 1145 1718 1220 condunt,etsubscriptionecontinuaveruntatquccon·

61 1242 254 1297 auctoritatem
267 1242 359 1296 debet.
377 1240 454 1296 Unde
470 1257 519 1294 vos
541 1240 693 1310 inquietare
718 1248 782 1294 tunc
796 1254 864 1308 pro·
916 1234 1031 1288 tirmant.
1049 1235 1123 1301 Quas
1140 1251 1194 1289 uon
1223 1233 1262 1287 illi
1283 1251 1364 1307 reges
1379 1236 1531 1290 custodiunt
1559 1238 1716 1309 dequibus
1779 1241 1781 1245 ’

63 1339 123 1399 pter
138 1330 338 1401 Aquitanomm
352 1328 622 1399 praesentiauunolui.
916 1323 997 1387 Deus,
1011 1323 1055 1393 qui
1067 1331 1095 1375 ut
1110 1323 1242 1392 scriptum
1253 1331 1294 1377 est
1304 1341 1310 1375 :
1321 1325 1400 1378 Furit
1411 1325 1586 1396 hypocritam
1597 1343 1716 1397 requore

97 1419 178 1473 Nunc
194 1427 296 1479 autem,
313 1416 378 1488 quia
389 1416 540 1486 ipsivestri
560 1416 686 1470 homines
701 1425 727 1469 et
742 1415 866 1486 proprie·
912 1415 1028 1482 propter
1051 1416 1167 1482 peccota
1183 1413 1281 1483 populi
1296 1413 1354 1478 itui
1365 1416 1469 1481 xxxiv)
1485 1413 1549 1467 dicit
1566 1430 1572 1467 :
1589 1415 1645 1485 ipsi
1670 1432 1717 1470 re-

67 1515 160 1570 tatem,
179 1514 206 1560 et
227 1503 400 1570 beneficium,
429 1505 457 1558 in
485 1512 578 1559 restro
601 1520 697 1576 regno,
722 1512 748 1558 et
762 1504 789 1557 in
805 1518 867 1557 meu
915 1504 1082 1569 quererent,
1100 1503 1128 1554 et
1139 1517 1196 1554 non
1211 1502 1475 1572 exote:prirrcipes
1493 1503 1718 1572 exstiterunt,et

66 1595 198 1664 parochia
219 1594 339 1658 habent;
366 1593 415 1648 sed
437 1600 465 1647 et
490 1593 559 1647 Doso
586 1593 614 1646 in
637 1602 731 1647 nestra
754 1590 867 1646 dioecesi
915 1604 972 1642 uon
982 1588 1112 1658 cognovi(
1116 1588 1176 1643 Ose.
1190 1590 1260 1647 ιἰιι).
1274 1588 1328 1642 Sed
1343 1588 1378 1642 illi
1395 1605 1477 1660 reges
1488 1605 1536 1644 eas
1552 1592 1671 1646 condunt
1681 1600 1719 1646 at·

67 1680 229 1737 beneficium
246 1689 365 1736 uestrum
388 1681 478 1747 habet,
500 1681 656 1736 consideret
669 1680 732 1735 inde
759 1679 866 1750 sapien·
880 1702 908 1762 Β
920 1693 972 1746 que
984 1685 1157 1740 conservant,
1174 1677 1208 1731 de
1222 1677 1320 1747 quibus
1330 1677 1395 1732 item
1410 1678 1553 1746 Dominus,
1570 1688 1599 1733 ut
1613 1680 1719 1751 praemi·

66 1771 102 1824 tia
116 1780 210 1825 uestra
226 1770 343 1841 qualiter
366 1769 516 1825 secundum
546 1768 724 1823 ministerium
750 1769 828 1823 vobis
850 1783 867 1822 a
919 1764 1013 1830 simus,
1031 1764 1109 1818 dicit:
1120 1767 1174 1819 Per
1185 1782 1230 1820 me
1247 1782 1324 1836 repes
1335 1771 1466 1837 reprcunt,
1479 1769 1720 1841 quoles‚proemit·

68 1860 123 1914 Deo
143 1858 343 1921 commissum,
361 1866 387 1913 et
415 1856 566 1912 secundum
587 1857 719 1912 honorem
747 1864 868 1910 vestrum
894 1896 896 1901 ,

68 1948 128 2001 inde
156 1945 216 2015 fiat,
243 1962 278 2000 ne
308 1946 367 2000 haec
397 1961 481 2000 causa
506 1945 654 2000 diutiuser
673 1952 866 2015 vestruparte,

68 2034 225 2106 imperfecta
242 2042 383 2088 remaneat
398 2040 425 2088 et
441 2033 464 2087 si
477 2034 566 2102 majus
580 2034 709 2087 damnum
723 2033 786 2087 inde
806 2032 867 2087 iue-

69 2124 109 2191 rit,
124 2122 281 2192 periculum
296 2122 387 2176 anime
403 2131 505 2186 vestra,
518 2122 590 2193 quod
604 2130 710 2176 avertat
725 2121 867 2190 Dominus,

70 2212 221 2266 eontrahat.
242 2212 338 2266 Utrum
354 2219 446 2265 autem
464 2210 543 2266 uobis
563 2210 680 2281 placeat,
704 2218 732 2264 ut
748 2209 800 2280 ipsi
816 2210 867 2264 bo-

70 2300 153 2354 mines
177 2299 264 2354 vestri
287 2315 349 2354 cum
373 2299 572 2363 missurusne,
595 2299 622 2352 in
645 2307 768 2353 nostram
784 2313 868 2367 paro·

72 2389 167 2454 chiam,
184 2387 233 2441 ubi
260 2387 455 2457 proprietatem
480 2395 507 2441 et
528 2386 690 2442 beneficium
713 2386 814 2440 hahent
843 2394 869 2439 et

71 2476 124 2546 ipsa
139 2492 226 2530 causa
242 2475 341 2547 corrigi
356 2475 446 2540 debet,
469 2475 591 2540 veniant;
609 2484 654 2528 aut
667 2475 720 2528 nisi
736 2474 867 2541 reneriut,

71 2560 137 2629 quod
159 2558 190 2612 in
212 2574 300 2630 regno
323 2566 413 2613 restro
435 2558 534 2612 habeut
554 2559 582 2612 iu
603 2559 723 2612 bannum
737 2558 867 2623 mittatur,

72 2655 112 2700 aut
127 2646 210 2701 aliter
232 2645 296 2701 inde
320 2644 376 2711 liat,
395 2654 492 2701 vestrae
506 2646 647 2715 sapientiae
661 2645 792 2699 intererit.
809 2647 869 2717 Ego

70 2729 156 2789 autem
178 2735 310 2805 quoniam
325 2734 440 2804 amplius
464 2734 536 2790 lianc
557 2749 668 2789 causam
687 2732 795 2788 differre
815 2749 869 2788 nou

919 1857 991 1920 tens,
1008 1855 1160 1909 Dominum
1176 1853 1369 1922 tirnete,jubet
1378 1854 1560 1911 honorificare
1568 1857 1718 1927 apostolus,

918 1941 1011 1996 dicens
1031 1958 1037 1993 :
1057 1943 1155 2012 Reperti
1179 1941 1362 2009 honorificate
1386 1947 1414 1997 et
1437 1944 1543 1999 obedite
1568 1947 1626 2016 regi
1641 1947 1721 2018 quari

918 2030 1095 2101 precellenti
1105 2029 1131 2099 (t
1144 2031 1219 2083 Petr.
1244 2029 1274 2098 ιι)
1293 2046 1298 2083 :
1315 2029 1442 2084 videlicet
1457 2030 1504 2101 qui
1524 2031 1607 2104 Regis
1622 2049 1719 2104 regum

918 2117 1010 2172 obedit
1028 2117 1175 2184 mandatis,
1190 2125 1216 2171 et
1238 2117 1297 2186 ejus
1318 2118 1436 2172 custodit
1453 2119 1566 2186 judicis.
1584 2121 1720 2192 Alioquim

919 2213 946 2258 ut
962 2213 1073 2259 sauctus
1081 2206 1178 2258 Petrus
1201 2205 1284 2260 dicit:
1298 2206 1411 2261 obedire
1429 2211 1536 2278 oportet
1553 2209 1606 2264 Deo
1630 2212 1720 2281 magis

918 2311 1002 2364 quom
1015 2294 1174 2349 bominibus
1190 2294 1262 2364 (Aet.
1277 2294 1316 2354 vt.
1333 2294 1400 2349 Hinc
1416 2296 1486 2349 enim
1503 2297 1563 2364 ejus
1579 2306 1721 2368 caoposto-

918 2381 960 2434 lus
976 2381 1040 2436 dicit
1057 2399 1063 2434 z
1082 2383 1141 2437 Non
1156 2386 1198 2436 est
1211 2387 1335 2454 potestus
1352 2383 1410 2438 nisi
1425 2401 1442 2438 a
1457 2386 1521 2440 Deo.
1538 2386 1573 2439 Et
1588 2386 1659 2452 :Qui
1669 2403 1720 2458 po-

919 2471 1018 2525 testati
1033 2471 1151 2534 resistit,
1164 2472 1214 2525 Dei
1229 2471 1405 2525 ordinationi
1418 2473 1527 2526 resistit
1541 2473 1630 2542 (Rom.
1647 2474 1720 2543 ιιιιι).

919 2557 992 2624 Quin
1011 2557 1078 2611 nihil
1102 2556 1130 2611 fu
1149 2557 1177 2611 in
1199 2558 1311 2622 mundo,
1338 2559 1390 2611 nisi
1407 2560 1536 2629 quodaut
1551 2561 1625 2615 Deus
1639 2562 1722 2618 mise-
1758 2566 1765 2577 ⁸

919 2645 1060 2700 ricorditer
1074 2644 1147 2707 tacit,
1168 2654 1213 2699 aut
1237 2645 1295 2700 tieri
1317 2647 1390 2714 juste
1416 2647 1556 2717 permittit.
1584 2649 1652 2703 Cum
1667 2650 1721 2705 ita-

919 2750 972 2804 que
988 2749 1068 2806 reges
1086 2750 1117 2787 cx
1134 2733 1180 2787 illo
1194 2740 1318 2804 regnant,
1335 2733 1524 2790 misericordia
1538 2735 1611 2790 illius
1626 2745 1676 2803 est,
1693 2745 1723 2793 ut

71 2824 165 2890 audeo,
184 2822 206 2876 si
233 2821 343 2876 interim
367 2821 441 2875 aliud
457 2822 531 2892 quod
555 2821 653 2877 rationi
668 2828 694 2875 et
715 2821 871 2876 auctoritati
920 2822 1059 2876 salventur
1085 2821 1178 2892 populi
1202 2821 1242 2875 eis
1264 2821 1401 2877 commissi
1419 2841 1425 2876 :
1442 2838 1503 2878 cum
1523 2839 1588 2879 uero
1611 2840 1665 2880 non
1689 2842 1722 2881 ex

72 2909 225 2973 conveniat,
249 2926 265 2962 a
289 2909 367 2965 vobis
382 2918 426 2963 aut
451 2910 485 2963 ab
508 2909 560 2963 illis
574 2909 637 2963 inde
652 2925 707 2963 ιιοιι
727 2925 868 2978 accepero,
919 2910 976 2968 illo.
993 2910 1039 2963 sed
1056 2910 1229 2979 permittente
1246 2910 1319 2979 juste
1341 2910 1426 2981 ipsius
1447 2911 1549 2980 judicio
1571 2929 1652 2986 reges
1681 2931 1723 2970 re-

72 2999 96 3052 in
114 2998 161 3053 dic
186 2997 272 3052 missa
296 2998 381 3052 sancti
404 2997 530 3068 Remigii,
553 2997 608 3051 vita
629 2996 736 3063 comite,
754 2997 870 3051 Domino
920 3015 1005 3069 gnare
1028 2999 1163 3063 videntur,
1191 2999 1308 3054 vindicta
1337 3009 1377 3053 est
1408 3002 1561 3070 peccatoris
1585 3003 1676 3082 populi
1696 3011 1724 3059 et

71 3087 226 3154 adjuvante,
239 3085 286 3139 ubi
301 3085 377 3141 locus
398 3085 532 3140 sermonis
547 3085 601 3140 mei
615 3085 686 3140 inter
700 3101 780 3140 sacra
802 3086 869 3139 mis·
923 3086 1062 3158 regnantis
1081 3087 1206 3142 cumulus
1221 3103 1318 3157 poenae.
1336 3087 1388 3141 Sed
1404 3087 1499 3143 fideles
1524 3091 1624 3162 quique
1647 3099 1724 3163 pote·

72 3192 164 3229 sarum
181 3174 316 3229 solemnia
333 3174 446 3241 uenerit,
464 3182 527 3228 aute
537 3190 639 3244 corpus
655 3174 727 3228 illius
742 3174 871 3228 sacratis·
922 3175 984 3229 stati
999 3183 1045 3229 aut
1059 3189 1076 3228 a
1090 3175 1148 3230 Deo
1163 3175 1278 3230 colllatae
1293 3184 1336 3229 aut
1352 3177 1437 3230 aDeo
1450 3178 1593 3247 permissae
1608 3196 1663 3233 non
1679 3197 1723 3235 re-

73 3264 169 3317 simum
201 3262 248 3333 qui
273 3278 337 3316 vere
362 3270 402 3316 est
423 3262 578 3333 episcopus,
594 3263 754 3317 auctoritate
769 3263 828 3325 Dei,
846 3271 873 3316 et
922 3263 1031 3326 sistunt,
1048 3279 1109 3318 cum
1122 3265 1196 3332 juxta
1212 3264 1284 3318 Petri
1300 3280 1396 3319 uocem
1413 3282 1419 3317 :
1435 3266 1489 3320 Sul>
1506 3283 1594 3321 ιιιαιιιι
1607 3268 1657 3322 Dei
1671 3269 1724 3324 lttt-

74 3358 232 3406 sanctorum
247 3350 442 3419 apostolorum,
466 3358 493 3404 et
508 3350 592 3421 ipsius
616 3350 781 3406 Francorum
802 3366 872 3421 apo-

74 3439 141 3505 stoli,
159 3439 188 3492 in
204 3437 304 3509 quibus
319 3447 346 3492 et
359 3439 439 3493 nobis
453 3438 517 3493 licet
532 3438 661 3509 indignis,
677 3454 726 3509 pro
748 3438 872 3509 patribus

75 3527 141 3581 uatis
156 3525 232 3592 tiliis,
258 3525 390 3581 Dominus
406 3526 471 3582 dicit
489 3545 495 3578 :
523 3526 698 3598 Quocunque
715 3528 872 3597 tiqooeritt's

74 3632 155 3688 saper
166 3619 277 3670 terrum
287 3615 629 3685 crunttiqutcetirrcoetis
645 3614 736 3676 (teon.
754 3624 872 3685 testeos

923 3353 1076 3406 initiantur
1090 3352 1115 3415 t'l
1128 3355 1203 3407 Pctr.
1222 3354 1250 3420 u)
1264 3352 1333 3406 etde
1349 3352 1428 3407 bonis
1437 3353 1604 3424 principibus
1619 3356 1724 3426 gratias

922 3439 1055 3504 1·eterunt;
1072 3447 1099 3493 et
1122 3439 1157 3493 de
1173 3439 1215 3493 his
1230 3440 1275 3509 qui
1289 3441 1323 3493 ad
1333 3441 1525 3512 purgationem
1540 3458 1618 3496 stram
1634 3459 1648 3496 a
1665 3445 1723 3498 Deo

922 3543 1039 3599 regnare
1061 3527 1189 3597 permissi
1220 3536 1292 3594 sunt,
1322 3536 1464 3597 gementes
1493 3529 1630 3596 exultant3
1656 3531 1725 3587 sicut

923 3616 1053 3686 scriptum
1070 3623 1110 3670 est
1127 3633 1133 3669 :
1152 3617 1438 3684 Erultarerurrtfiliu’
1452 3617 1530 3672 trote
1546 3620 1577 3672 in
1594 3622 1724 3675 omnibus

75 3703 115 3772 qui
130 3703 168 3757 ad
196 3718 295 3773 pacem
320 3702 410 3756 redire
435 3702 539 3762 nolunt.
566 3702 635 3757 sicut
656 3717 777 3758 canones
801 3703 872 3757 sacri
918 3705 1037 3776 judiciis
1053 3706 1119 3770 iuis,
1138 3706 1254 3760 Domine
1278 3707 1364 3769 (Psoi.
1381 3706 1468 3761 ιιοιι).
1486 3705 1584 3777 Sicque
1607 3723 1661 3762 non
1678 3725 1722 3764 re-

74 3790 243 3861 praecipiunt,
258 3798 284 3844 et
298 3789 419 3860 quolibet
442 3790 523 3844 medo
543 3791 745 3845 consentientes
769 3791 819 3856 eis,
837 3792 872 3845 ab
923 3793 1020 3846 sistunt
1036 3793 1198 3848 ordinationi
1214 3793 1273 3859 Dei,
1290 3793 1336 3865 qui
1352 3794 1435 3859 nouit,
1454 3810 1508 3849 non
1529 3794 1600 3850 mala
1622 3796 1722 3864 tacere,

75 3877 873 3934 omnisoeietatetotiusinChristianitatisexcommunicare
923 3882 971 3935 sed
998 3882 1132 3936 ordinare.
1166 3882 1306 3937 Resistunt
1333 3891 1422 3937 autem
1446 3882 1546 3954 iniquis
1571 3883 1724 3956 iniquorum

76 3967 186 4034 curabo,
203 3966 293 4021 donec
307 3966 344 4020 nd
360 3983 455 4037 pacem
470 3983 551 4037 quam
566 3966 689 4021 Christus
714 3967 832 4021 ostendit
847 3975 874 4022 et

77 4054 173 4122 docuit,
190 4054 292 4120 redire,
309 4069 370 4109 cum
392 4053 482 4109 debita
503 4054 689 4111 satisfactione
706 4066 872 4125 procurent;

76 4158 185 4214 eosque,
195 4143 267 4197 sicut
282 4141 442 4212 praecipiunt
458 4158 586 4208 canones,
604 4143 716 4216 regibus
731 4152 756 4198 et
767 4144 872 4214 episco-

78 4231 112 4299 pis
127 4241 154 4286 et
169 4231 381 4302 quibuscunque
395 4240 519 4302 potuero,
537 4231 633 4285 litteris
649 4232 874 4288 excommunica-

79 4328 112 4374 tos
127 4336 191 4375 esse
209 4319 385 4385 denuntiabo,
402 4328 431 4373 ut
446 4336 500 4374 nou
515 4320 747 4375 communicantes
770 4337 875 4375 exeom-

923 3969 1052 4040 operibus
1072 3978 1098 4025 et
1126 3970 1270 4024 mandatis.
1297 3971 1376 4026 Unde
1398 3970 1527 4042 scriptum
1550 3980 1613 4027 est:
1643 3976 1726 4030 terto

923 4059 1096 4129 sapientium
1111 4061 1192 4131 quusi
1208 4060 1330 4124 stimuli,
1354 4063 1382 4113 et
1396 4063 1477 4132 quasi
1499 4061 1572 4115 claui
1587 4064 1618 4117 iu
1633 4063 1726 4118 ottum

924 4145 1012 4213 defici
1027 4147 1125 4214 (Eroti.
1143 4147 1205 4215 ιιι),
1222 4147 1283 4217 quia
1300 4147 1423 4202 nesciunt
1438 4148 1532 4218 culpas
1542 4149 1664 4219 palpare,
1676 4151 1725 4206 sed

923 4251 1056 4306 pungere,
1070 4242 1095 4288 et
1106 4235 1220 4289 tolerant
1232 4235 1364 4304 patienter
1374 4245 1485 4306 propter
1495 4237 1640 4291 Dominum
1651 4238 1726 4292 illata

924 4322 993 4376 mala
1009 4322 1061 4377 sibi
1077 4338 1094 4377 a
1109 4323 1279 4393 principibus
1297 4323 1384 4378 malis.
1411 4322 1592 4394 Quapropter,
1611 4327 1656 4396 qui
1672 4342 1724 4381 no-

80 4408 230 4473 municatis,
247 4408 471 4463 excommunicati
489 4415 515 4462 et
530 4407 581 4478 ipsi
592 4409 695 4478 pariter
711 4409 872 4464 habeantur.
888 4403 969 4465 Dbis
983 4411 1115 4481 derogant
1129 4410 1261 4477 diceutes,
1283 4412 1355 4483 quod
1374 4412 1497 4466 volumus
1516 4420 1572 4466 tota
1591 4413 1635 4467 die
1650 4414 1725 4484 loqui

81 4495 133 4551 b'on
148 4496 313 4551 enimvobis
330 4496 373 4550 vel
387 4495 467 4550 nobis
482 4497 702 4567 parvipendendo
713 4505 754 4551 est
764 4507 874 4552 senten-

82 4577 112 4632 tia
125 4580 198 4634 beati
215 4579 355 4650 Gregorii,
372 4596 423 4650 qua
446 4579 618 4635 concordans
640 4581 780 4650 Apostolu
797 4598 873 4651 prae·

83 4667 165 4722 sertim
188 4669 224 4721 de
245 4674 408 4738 potestatem
431 4668 592 4723 habentibus
611 4668 698 4724 dicit:
719 4693 728 4716 ι
746 4668 799 4737 Qui
822 4685 876 4724 non

82 4756 188 4828 corrigit
204 4756 366 4823 resecanda,
384 4757 527 4812 commttit.
544 4778 554 4806 ι

112 4861 208 4915 Audivi
236 4861 355 4932 denique
378 4862 511 4932 quosdam
531 4863 732 4932 reprehendere
751 4879 801 4918 nos
817 4863 874 4934 epi-

82 4964 174 5019 scopos
190 4959 216 5004 et
231 4950 334 5016 dicere,
353 4951 425 5020 quod
448 4951 574 5006 volumus
597 4959 650 5005 tota
664 4952 709 5006 die
723 4968 773 5022 per
784 4952 876 5022 Scrip-

82 5043 151 5090 turas
166 5037 342 5109 parabolare.
352 5035 431 5105 Quod
439 5037 548 5092 devotio
562 5038 703 5111 religionis
719 5047 877 5094 uestraenon

83 5119 146 5174 sinat
176 5122 232 5175 suis
259 5121 372 5175 auribus
402 5121 546 5175 susurrari.
584 5122 731 5192 Apostolus
758 5139 876 5193 namque

81 5209 174 5277 plenus
193 5209 259 5264 dicit
278 5227 285 5262 ε
301 5210 477 5282 Quaecunque
495 5212 601 5282 scriptu
616 5214 685 5265 suut
700 5211 735 5265 ud
749 5216 877 5266 nostrum

83 5296 239 5353 doctrinam
254 5299 362 5370 scripto
372 5299 649 5370 suctrscriptusuot
660 5303 878 5372 outempropter

81 5403 128 5441 uos
139 5389 228 5454 (Rom.
251 5387 311 5455 xv).
324 5386 359 5439 Et
370 5387 501 5441 Dominus
511 5388 545 5442 ad
556 5388 719 5458 prophetam
731 5405 736 5440 :
755 5389 878 5444 Audiens

80 5477 369 5533 tractioiiseisexme
380 5477 492 5544 iterem.
504 5476 610 5545 urite
617 5492 672 5541 me,
688 5475 783 5548 inquit,
800 5477 879 5532 idest

925 4516 974 4570 per
988 4500 1163 4569 Scripseram,
1182 4500 1204 4553 si
1219 4501 1251 4555 de
1262 4503 1340 4555 omui
1357 4502 1434 4556 uerbo
1450 4502 1537 4555 otioso
1549 4501 1666 4559 reddent
1678 4518 1727 4556 ro-

928 4589 1032 4643 tionem
1047 4588 1077 4642 in
1099 4588 1173 4642 diem
1185 4589 1291 4659 judicii
1308 4588 1418 4658 (ltottlc.
1443 4589 1504 4652 ιιιι),
1532 4588 1601 4642 sieut
1621 4589 1726 4647 Veritas

926 4694 981 4732 nen
996 4677 1142 4732 mentiente
1157 4694 1206 4732 ere
1221 4678 1294 4743 dicit,
1318 4677 1435 4740 videant,
1462 4675 1526 4747 quid
1542 4676 1723 4745 sustinebunt,
1767 4681 1772 4688 “

926 4767 960 4820 de
976 4767 1028 4821 hoc
1043 4765 1190 4821 criminoso
1206 4765 1380 4822 detractionis
1400 4773 1426 4818 et
1455 4772 1550 4819 contra
1577 4782 1627 4819 nos
1647 4783 1725 4821 mur-

927 4855 1087 4910 murationis
1102 4856 1195 4910 verbo.
1213 4857 1273 4910 Non
1293 4854 1365 4908 enim
1380 4869 1442 4908 cum
1456 4861 1549 4909 sancto
1563 4856 1656 4926 bloyse
1674 4856 1726 4911 illis

927 4942 1061 4998 dicimus:
1074 4944 1127 4999 Nec
1140 4948 1239 4999 contro
1257 4958 1306 4996 nos
1321 4945 1364 4995 est
1383 4959 1514 4998 rnurmur
1525 4948 1659 5010 oestrum,
1677 4946 1726 5000 sed

927 5033 1193 5087 controDoruiuum.
1201 5031 1338 5086 Ueseui-m
1346 5032 1533 5101 quidsumus?
1541 5031 1641 5103 (Eroti.
1652 5035 1726 5103 xvi.)

926 5119 1038 5192 illisque
1057 5136 1119 5175 cum
1135 5119 1263 5191 Apostolo
1278 5118 1462 5174 inculcamus:
1480 5121 1572 5194 Neque
1594 5137 1726 5176 irruemu-

928 5210 1060 5264 rooeritis
1070 5211 1142 5265 sicut
1151 5208 1265 5280 quidum
1275 5213 1539 5273 murmuraverunt,
1552 5213 1727 5281 etoserpen-

929 5298 1002 5353 titus
1021 5299 1168 5367 perierunt
1186 5298 1214 5365 (t
1227 5297 1287 5352 Cor.
1308 5301 1350 5366 ιι).
1369 5296 1474 5366 Quibus
1498 5296 1570 5351 enim
1598 5297 1728 5354 increscit

928 5385 1030 5456 legere,
1048 5384 1090 5440 vel
1114 5385 1232 5441 scribere
1254 5403 1315 5457 quae
1339 5386 1441 5457 scripta
1456 5393 1527 5450 sunt,
1543 5385 1586 5440 vel
1602 5386 1728 5443 scribun-

929 5493 981 5549 tur,
998 5483 1093 5549 sciant,
1119 5483 1183 5554 quia
1208 5500 1261 5540 uon
1282 5485 1316 5540 dc
1336 5482 1492 5556 ignorantia
1510 5483 1725 5553 iudicabuntur;
