3794 6104
183 208 236 265 603
715 197 886 256 mettani
903 192 1103 253 antimus
1121 193 1397 254 aacamitscoii.
1780 200 1828 255 ιιι

183 329 245 403 ipsa
258 326 402 400 principali
414 326 542 384 cathedra
555 324 699 392 removeri,
712 330 738 378 et
748 321 864 395 propriis
874 334 979 386 carere,
994 318 1196 390 Aappetitione
1209 319 1316 374 terreri.
1332 320 1404 375 Data
1418 334 1449 374 ιιι
1463 318 1525 375 Kal.
1540 320 1604 375 tua.
1624 319 1792 376 Merobaude
1806 329 1831 376 et

184 426 214 474 ut
229 416 350 483 rebellis,
372 414 526 487 precipitur
541 431 550 469 t
565 414 634 470 sicut
656 413 684 467 in
707 411 840 484 vigesimo
863 408 980 480 capitulo
1032 407 1176 463 Saturnino
1192 409 1288 463 conss.
1303 431 1314 456 a
1332 407 1416 463 lidcnt
1431 407 1545 479 Augusti
1557 407 1710 463 Menandro
1723 407 1829 464 Vicario

185 505 308 562 Africani
321 503 428 561 concilii
442 503 603 561 continetur.
1031 494 1104 550 Asiae
1120 511 1126 548 :
1146 518 1156 542 a
1174 495 1283 551 Nostris
1298 503 1325 550 et
1338 502 1479 566 parentum
1495 503 1652 551 nostrorum
1667 494 1830 552 constitutio

221 591 443 663 ceteramque
457 590 619 663 gravissima
633 603 666 643 ex
680 588 733 642 hoc
745 585 858 642 crimine
879 583 981 654 judicia
1030 581 1110 636 nibus
1124 583 1351 652 comprehensum
1367 589 1416 648 est,
1435 598 1483 638 eos
1497 582 1543 656 qni
1553 583 1760 639 accusationem
1769 582 1830 638 alie

185 681 253 738 etin
267 680 374 752 legibus
389 679 484 747 sacris,
500 686 527 733 et
541 678 570 732 in
589 673 781 733 ecclesiasticis
805 673 906 745 regulis
929 673 980 726 de·
1030 664 1073 719 nis
1088 664 1245 719 nominibus
1267 665 1517 736 praesumpsissent,
1542 665 1698 722 delatorum
1720 681 1830 722 numero

184 775 378 833 monstrantur,
395 774 451 820 tant
466 765 494 819 in
512 772 678 829 accusatum,
703 777 784 834 quam
808 762 836 815 in
858 777 908 831 per
931 774 980 814 ca·
1031 767 1092 806 esse
1108 751 1257 807 ducendos.
1274 756 1361 824 Atque
1376 752 1438 807 ideo
1454 752 1735 808 calumniosissimum
1753 761 1830 824 caput

185 854 315 911 lumniam
329 861 512 919 accusantem,
527 861 554 907 et
568 867 623 907 non
636 851 813 922 probantem
830 848 887 903 sive
909 863 981 918 pra·
1031 847 1058 895 et
1072 854 1220 910 personam
1241 839 1334 908 iudico
1356 839 1437 895 irritta
1457 840 1603 896 delationis
1626 839 1759 896 infamem
1782 840 1829 895 de-

183 957 248 997 sens
261 940 403 1010 injudicio
418 940 579 995 Hincmarus
595 954 611 994 a
626 937 773 1006 seobjecta
783 942 979 1008 prosequatur3
1030 926 1145 997 portatio
1160 934 1289 998 sequatur
1305 945 1312 982 ε
1329 942 1384 998 quc
1398 929 1512 998 posthac
1530 927 1634 1001 singuli
1656 928 1829 1000 universique

183 1028 227 1085 ret
241 1028 354 1097 objectis
370 1027 421 1083 sibi
435 1026 616 1099 respondeat,
635 1025 692 1080 sive
707 1023 807 1094 sapius
821 1021 981 1093 regulariter
1030 1023 1208 1085 cognoscant,
1224 1030 1278 1070 non
1293 1015 1376 1070 licere
1389 1015 1417 1069 in
1433 1031 1465 1071 eo
1475 1015 1629 1087 principum
1640 1015 1750 1070 animos
1760 1032 1830 1072 ccm-

182 1124 311 1173 ιιιιιιιιι
326 1116 424 1171 adesse
438 1114 589 1187 neglexerit
604 1131 610 1168 :
627 1127 741 1168 necesse
754 1111 806 1166 erit
816 1125 848 1165 ιι
858 1110 980 1181 utrisque
1029 1102 1145 1172 moveri,
1162 1102 1234 1173 quod
1250 1117 1305 1157 non
1319 1102 1406 1173 possit
1421 1103 1537 1158 ostendi.
1559 1104 1631 1159 Data
1653 1103 1721 1159 ldus
1740 1103 1828 1171 ιιιιιι,

181 1203 305 1276 partibus
320 1203 460 1259 veritatem
474 1201 583 1274 inquiri,
607 1208 634 1255 et
657 1215 718 1272 quae
738 1199 848 1253 inventa
871 1197 978 1262 fuerint,
1029 1189 1149 1246 Arcadio
1168 1197 1195 1245 ct
1210 1191 1329 1250 Boutouo
1344 1191 1444 1245 Conss.
1467 1211 1478 1239 ¹
1503 1191 1537 1245 Et
1561 1190 1625 1246 item
1648 1191 1784 1248 Arcadius
1807 1200 1831 1246 et

180 1293 254 1362 juste
270 1299 297 1348 et
312 1290 511 1347 rationabiliter
526 1287 644 1345 diffiniri.
666 1285 737 1343 Dicit
760 1301 878 1358 namque
900 1301 979 1339 suunt
1030 1276 1167 1333 Honorius
1186 1279 1243 1334 Al·
1267 1278 1375 1333 Victuro
1392 1277 1550 1348 proconsuli
1573 1277 1674 1335 Alticae
1692 1297 1699 1334 ι
1720 1297 1730 1331 ι
1749 1279 1829 1334 luno·

181 1396 226 1438 me
240 1379 407 1447 traditorem,
423 1378 451 1434 id
466 1385 507 1435 est
519 1376 696 1449 proditorem,
719 1374 846 1430 videlicet
868 1373 978 1444 episco-
1029 1373 1122 1422 centes
1138 1365 1189 1420 sub
1204 1365 1296 1435 specie
1314 1363 1391 1420 laisa
1414 1365 1610 1421 criminationis
1633 1381 1692 1422 non
1714 1365 1830 1437 patimur

182 1484 247 1540 punt
262 1466 384 1538 episcopi
399 1465 559 1521 delatorem.
583 1465 616 1519 tit
631 1462 761 1528 historiar,
788 1476 821 1517 ac
842 1460 979 1517 chronicae
1029 1452 1191 1509 callidorum
1200 1453 1405 1525 impugnatione
1416 1453 1536 1509 subverti
1547 1471 1554 1507 ι
1567 1453 1645 1525 quisi
1656 1453 1829 1516 tentaverint,

181 1553 374 1613 ecclesiastiea
386 1553 542 1619 adstruunt,
550 1551 688 1622 precipue
704 1550 832 1606 chronon
842 1548 978 1619 prosperi,
1029 1540 1181 1613 intelligant
1196 1540 1304 1596 sibimet
1318 1540 1491 1595 severitatem
1506 1540 1598 1613 legum
1612 1556 1664 1612 pro
1678 1541 1830 1597 commissis

182 1641 325 1698 Caeciliano
339 1641 472 1697 Ecclesia
487 1638 710 1709 carthaginensis
725 1636 853 1707 episcopo
875 1636 1015 1719 obiectaB
1030 1627 1196 1684 facinoribus
1210 1628 1378 1684 incumbere.
1393 1630 1460 1684 Data
1474 1643 1504 1682 tv
1518 1628 1558 1683 ld.
1573 1629 1651 1683 llari.
1668 1627 1828 1684 Mediolano.

181 1728 297 1786 crimina
311 1744 366 1784 non
379 1728 494 1799 probata
508 1726 593 1783 luisse
605 1744 613 1793 ;
627 1725 745 1781 maxime
761 1724 833 1795 quod
846 1722 979 1778 atradito
1030 1715 1149 1771 Honorio
1163 1719 1279 1788 August.
1295 1731 1327 1770 ιιι
1342 1723 1369 1770 ιι
1383 1714 1554 1786 Eutychiano
1568 1716 1668 1771 Conss.
1687 1736 1699 1767 ι
1721 1716 1757 1771 Et
1770 1716 1829 1770 item

180 1816 257 1872 ribus
270 1815 423 1871 divinarum
445 1815 642 1887 §cripturam
664 1812 744 1868 suerit
768 1811 920 1867 ordinatus,
945 1811 980 1865 Et
1029 1803 1068 1858 ibi
1082 1810 1143 1873 post
1158 1803 1212 1857 alia
1229 1820 1235 1857 :
1255 1824 1265 1853 ι
1283 1802 1496 1858 Calumniatores
1511 1803 1593 1858 etiam
1608 1810 1684 1872 sunt,
1705 1803 1751 1875 qui
1766 1803 1829 1858 falsa

180 1919 235 1962 non
250 1904 309 1960 lere
323 1903 428 1960 crimen
442 1910 492 1968 est,
509 1902 532 1957 si
547 1917 600 1975 ego
622 1901 819 1974 qualiscunque
842 1897 979 1969 archiepi-
1029 1890 1184 1946 descrentes
1213 1899 1306 1946 ⁰01ssra
1334 1891 1465 1961 ullusque
1490 1890 1642 1947 lnss00eflll⁸
1667 1906 1828 1963 permut,

180 2007 281 2064 scopus
295 2007 343 2063 per
358 2007 402 2046 me
420 1990 536 2046 Domino
551 1996 740 2045 consecratum
756 1987 915 2058 episcopum
925 1993 980 2042 tra·
1028 1979 1183 2050 principum
1197 1978 1302 2033 animos
1316 1978 1350 2034 ad
1366 1978 1535 2034 iracundiam
1559 1993 1736 2035 commovere
1758 1995 1827 2051 pre·

182 2079 248 2135 didi.
278 2079 355 2136 Unde
381 2087 408 2134 et
436 2079 515 2150 signa
542 2077 693 2134 litterarum
720 2090 852 2140 mearum,
882 2074 979 2147 quibus
1029 2074 1157 2133 sumunt;
1174 2067 1220 2137 qui
1235 2081 1330 2122 omnes
1346 2065 1459 2121 infames
1476 2065 1575 2131 effecti,
1587 2065 1615 2120 in
1626 2066 1726 2123 exsilio
1740 2066 1827 2123 detru-

179 2181 409 2240 recognosoerem
422 2182 467 2222 tue
483 2181 562 2220 suum
577 2164 738 2219 traditorem
752 2162 818 2217 mibi
827 2162 915 2217 isdem
929 2161 980 2216 lra-
1028 2153 1135 2211 dentur.
1155 2174 1166 2204 ι
1183 2155 1218 2209 Ει
1232 2153 1260 2208 in
1274 2153 1322 2208 lib.
1338 2169 1368 2223 ι,
1385 2170 1410 2208 c.
1428 2157 1454 2219 ti,
1470 2154 1505 2209 de
1517 2153 1686 2209 delatoribus
1707 2154 1751 2209 lex
1764 2170 1826 2226 pro-

136 2295 140 2301 ·
179 2262 221 2311 ter
234 2262 328 2310 noster
341 2254 377 2309 ad
391 2252 640 2324 comprobationem
655 2251 807 2322 producere
826 2248 913 2321 [deest
927 2249 978 2303 de·
1028 2242 1117 2308 mitur,
1144 2256 1225 2314 ttuim
1248 2241 1320 2296 idem
1344 2240 1429 2296 fralet
1454 2240 1483 2296 ln
1503 2240 1559 2296 suli
1582 2241 1738 2312 GOmPllollS
1762 2258 1825 2313 (itto-

179 2342 246 2415 betl.
267 2341 342 2398 Sicut
366 2349 392 2396 et
411 2341 446 2396 de
467 2340 595 2395 traditore
616 2338 719 2394 domini
740 2337 825 2393 nostri
849 2337 977 2407 scripturn
1028 2328 1205 2386 temiunculis
1229 2329 1335 2400 synodo
1365 2329 1437 2399 apud
1465 2328 1629 2386 attiniacum
1659 2329 1825 2400 praesentatis
1838 2361 1891 2393 ,-

179 2436 222 2486 ιιι
238 2445 245 2485 :
262 2429 325 2501 quia
339 2428 453 2483 traditor
471 2427 521 2493 eis,
544 2426 641 2498 quibus
664 2442 727 2481 eum
750 2425 880 2492 tradebat,
904 2424 979 2479 dedit
1028 2416 1198 2487 subscripsit,
1215 2424 1242 2470 et
1256 2416 1390 2472 subscribi
1414 2432 1431 2471 a
1455 2415 1511 2471 suis
1536 2415 1644 2473 clericis
1668 2416 1742 2473 fecit.
1763 2415 1891 2486 Qu&

179 2517 299 2589 signum,
328 2524 357 2571 ut
377 2531 567 2588 quemcunque
590 2513 728 2570 osculatus
758 2513 864 2578 luisset,
889 2512 978 2583 ipsum
1028 2505 1090 2577 quia
1105 2503 1296 2559 ecclesiasticis
1306 2503 1415 2573 judiciis
1440 2504 1475 2558 de
1488 2502 1620 2558 ministris
1635 2503 1892 2568 ecclesiastici-

153 2651 156 2658 .
178 2612 302 2661 tenerent
316 2603 426 2669 (notit.
443 2602 535 2673 ιινι).
557 2603 597 2657 De
619 2616 673 2673 quo
693 2600 766 2656 idem
789 2599 921 2656 Dominus
943 2600 978 2654 ad
1027 2608 1082 2647 uon
1097 2591 1233 2658 conticuli,
1250 2591 1294 2647 ¹110
1308 2607 1369 2647 com
1384 2591 1491 2647 milleto
1506 2590 1662 2664 supersedi·

176 2692 291 2748 Pilatum
300 2691 365 2747 dicit
380 2706 388 2747 ι
408 2693 459 2760 Qci
469 2690 588 2745 tradidit
598 2705 642 2745 me
654 2690 704 2744 titi
708 2690 818 2760 ,majas
829 2692 978 2760 peccatam

178 2779 363 2849 batct(tocn.
375 2778 447 2848 ιιι).
461 2779 582 2833 Duarum
596 2792 704 2848 quoque
719 2775 896 2846 epistolarum
905 2789 977 2830 mea·
1309 2757 1422 2814 CAPUT
1440 2757 1541 2814 XXIV·

176 2881 236 2923 rum
251 2866 335 2922 rerba
350 2864 492 2929 mendose,
510 2877 543 2919 ac
558 2864 581 2917 si
595 2864 664 2919 duos
679 2871 764 2918 testes
779 2863 922 2917 aduersum
933 2878 977 2917 me
1071 2855 1124 2910 llta
1139 2856 1287 2911 calumnia
1303 2854 1406 2910 tatutis
1423 2856 1593 2939 testibusque
1604 2855 1783 2928 modoetiae

177 2952 207 3008 in
222 2953 406 3009 testimonium
421 2951 554 3022 protulit:
571 2958 637 3006 utet
650 2951 677 3005 in
693 2950 862 3006 accusatione
877 2950 975 3005 summi
1252 2924 1402 2980 ¹⁰²⁶le
1416 2925 1585 2997 dissipator.

176 3040 273 3113 capitis
288 3040 374 3095 nostri
388 3038 488 3095 factum
502 3037 586 3094 luisse
608 3037 735 3109 legimus.
761 3061 772 3084 a
791 3036 904 3104 Omnes,
930 3001 1014 3091 in·C
1060 3039 1128 3108 (tit.
1144 3053 1189 3104 nv,
1205 3055 1267 3110 cap.
1285 3038 1341 3105 ιθ.)
1364 3039 1398 3093 Ει
1419 3037 1484 3111 quia
1505 3038 1582 3104 dixit,
1601 3039 1771 3106 «suadente,
1793 3054 1877 3095 ac

177 3129 235 3201 quit
250 3127 408 3198 Gregorius,
425 3126 515 3195 electi,
532 3126 595 3197 quia
614 3124 712 3180 summi
735 3124 829 3196 capitis
851 3126 973 3181 membra
1024 3127 1078 3183 imo
1094 3126 1274 3196 compellente
1290 3143 1334 3181 me
1349 3126 1493 3194 tradendo,
1510 3134 1538 3180 ιιι
1557 3140 1574 3182 ι
1595 3127 1674 3200 regia
1694 3135 1876 3199 potestat-Q

176 3225 250 3282 aunt,
266 3223 347 3286 caput
362 3230 472 3286 quoque
486 3231 565 3269 suum
579 3213 607 3268 in
621 3213 750 3285 passione
764 3220 922 3291 sequuntur,
944 3222 973 3267 ut
1023 3213 1229 3284 manciparetur
1243 3214 1385 3280 custodiae,
1401 3238 1412 3262 ι
1433 3214 1550 3269 domnus
1574 3231 1622 3270 ιιι
1645 3232 1779 3286 praesens,
1801 3213 1874 3268 si

175 3303 251 3376 ipsos
266 3303 440 3359 adversarios
454 3302 481 3357 in
497 3317 547 3357 sua
560 3309 648 3356 morte
663 3301 789 3369 sentiant,
807 3301 841 3356 de
857 3316 972 3372 quorum
1024 3303 1152 3374 dignatus
1167 3301 1257 3370 tuerit,
1275 3301 1415 3357 veritatem
1440 3317 1531 3357 coram
1554 3301 1633 3359 vobis
1656 3303 1720 3359 hinc
1736 3304 1874 3360 dicet-e

175 3391 228 3449 vita
242 3390 463 3463 praesumebant3
478 3397 505 3445 et
519 3398 592 3445 tanto
607 3389 647 3444 eis
663 3398 769 3445 crescat
783 3404 888 3446 merces
903 3404 972 3459 ope·
1022 3397 1121 3461 potest,
1139 3388 1202 3460 quia
1216 3388 1306 3443 nullus
1320 3404 1353 3443 eo
1369 3388 1466 3444 melius
1482 3388 1541 3454 scit,
1567 3390 1591 3445 si
1610 3389 1701 3460 ipsum
1715 3390 1874 3446 fratrent

174 3479 222 3549 ris,
240 3479 395 3553 quanto‘eis
411 3477 515 3533 virtutis
529 3477 634 3534 lucrum
647 3476 755 3548 prolicit
771 3485 797 3531 et
821 3493 854 3532 ex
877 3476 972 3532 alienae
1022 3484 1146 3532 nostrum
1160 3475 1270 3542 tradidi,
1295 3483 1321 3531 et
1336 3476 1361 3532 ei
1375 3476 1459 3542 suasi,
1476 3476 1520 3532 vcl
1535 3477 1682 3533 consilium
1696 3476 1737 3533 illi
1751 3478 1826 3534 ιιιιΙ.
1836 3475 1869 3541 ἰ,

175 3566 275 3622 damno
289 3564 437 3621 charitatis.
456 3589 467 3613 a
1022 3561 1080 3616 sive
1096 3575 1261 3615 consensum
1275 3559 1391 3630 praebui,
1406 3566 1434 3613 ut
1448 3575 1509 3615 eum
1525 3560 1604 3633 regia
1613 3567 1737 3631 potestas
1747 3576 1871 3616 man-

210 3654 326 3710 Sanctus
347 3662 436 3709 autem
458 3653 581 3708 Zosimus
597 3668 668 3723 papa
683 3652 716 3706 ad
732 3651 881 3725 Aurelium,
897 3660 924 3706 ιι
937 3653 971 3706 ad
1022 3648 1126 3719 ciperet
1140 3647 1358 3703 custodiae.Nam
1370 3647 1479 3719 quando
1489 3647 1547 3702 suis
1555 3647 1728 3717 jussionibus
1738 3665 1826 3704 ιιιιι
1833 3645 1869 3700 1·

173 3740 317 3798 universos
331 3741 474 3812 episcopos
486 3756 536 3811 per
546 3740 670 3795 diversas
680 3739 834 3809 provincias
844 3740 972 3795 constitu·
1021 3737 1107 3802 tabat,
1121 3742 1147 3791 ιι
1162 3736 1294 3791 adversus
1309 3751 1370 3790 eum
1388 3735 1547 3802 rebellabat,
1565 3736 1668 3792 domno
1679 3737 1740 3810 regi
1752 3734 1865 3791 misit

172 3836 216 3887 tos
231 3829 353 3884 scribens
367 3829 461 3899 (epist.
477 3829 516 3899 ι),
532 3827 651 3882 ostendit
672 3834 801 3898 quantum
825 3827 914 3882 scelus
937 3828 971 3882 sit
1021 3824 1126 3880 litteras
1141 3839 1212 3891 suas,
1231 3838 1299 3894 quas
1311 3822 1377 3876 mibi
1391 3822 1541 3879 dominatio
1556 3839 1607 3879 sua
1622 3824 1730 3890 direxit,
1747 3839 1862 3878 man-

173 3915 336 3981 traditionis,
353 3914 448 3969 dicens
465 3929 471 3968 :
490 3935 501 3964 ι
517 3914 637 3968 Lazarus
653 3913 755 3967 dudum
770 3913 797 3968 in
812 3914 970 3970 Taurinensi
1021 3911 1089 3966 dans
1105 3920 1133 3966 ut
1147 3912 1217 3982 apud
1232 3911 1369 3967 Silvacum
1394 3912 1426 3965 ad
1448 3927 1512 3966 eum
1534 3911 1679 3979 venirem3
1695 3920 1723 3968 et
1745 3920 1858 3967 ante·

173 4001 289 4059 concilio
302 4001 509 4072 praemissorum
523 4000 583 4073 [ct.,
602 4000 837 4073 gravissimomm]
861 4001 970 4073 episco-
1022 4015 1102 4071 quam
1130 3998 1194 4053 illuc
1216 3998 1347 4067 venirem,
1376 3997 1533 4054 litterariam
1557 3999 1766 4071 responsionem
1805 3999 1856 4054 de

174 4103 272 4160 pamm
285 4088 426 4144 sententiis
441 4103 491 4158 pro
512 4087 705 4143 calumniatore
730 4089 883 4158 damnatus,
909 4105 970 4146 cum
1020 4086 1119 4142 litteris
1146 4086 1285 4141 llincmari
1309 4086 1508 4141 remandarem.
1540 4087 1575 4141 iit
1600 4086 1730 4159 quoniam
1757 4085 1852 4141 mitti

175 4176 273 4233 Briccii
286 4175 348 4248 [ct.,
363 4174 457 4248 Brissi]
472 4175 623 4231 innocentis
645 4175 765 4247 episcopi
790 4177 872 4232 vitam
896 4177 970 4233 falsis
1021 4181 1116 4230 contra
1149 4172 1241 4242 fidem,
1277 4182 1304 4228 ιι
1335 4172 1423 4229 bonos
1455 4189 1547 4229 mores
1579 4174 1646 4229 nihil
1674 4173 1846 4239 mandavit,

175 4264 372 4334 obiectionibus
400 4263 556 4335 appetisset.
588 4264 651 4319 Post
674 4279 739 4320 vero
762 4265 881 4320 indebito
908 4264 968 4337 [al.,
1021 4269 1048 4317 ιι
1067 4261 1217 4331 apostolica
1236 4261 1331 4333 regula
1356 4261 1435 4317 nobis
1456 4261 1599 4333 praecipit,
1620 4272 1650 4317 ut
1676 4285 1687 4310 ι
1710 4260 1845 4332 subjecti

173 4350 334 4424 indebitum]
348 4352 384 4406 ab
399 4352 496 4407 eodem
508 4350 633 4419 Proculo,
650 4351 696 4422 qui
714 4351 785 4407 inter
808 4360 923 4408 caeteros
946 4354 973 4407 in
987 4345 1110 4405 Dsimus
1130 4350 1207 4422 regi,
1238 4357 1365 4421 tanquam
1384 4349 1560 4420 praecelleuti,
1585 4374 1596 4397 i
1624 4349 1676 4406 feci
1703 4351 1737 4406 de
1758 4349 1842 4420 jus·

173 4440 278 4512 synodo
307 4439 474 4495 damnationi
501 4439 559 4507 ejus
586 4448 743 4495 assenserat
772 4439 834 4512 [cl.,
867 4441 973 4511 synodo
1023 4436 1100 4493 aione
1120 4436 1191 4492 illius
1210 4444 1238 4492 ut
1256 4436 1350 4508 potui,
1380 4445 1406 4492 et
1432 4435 1585 4493 istiusmodi
1604 4437 1708 4493 litteras
1725 4434 1841 4493 exinde

171 4526 355 4584 damnationis
370 4527 429 4596 ejus
445 4526 621 4600 accesseratl,
638 4527 821 4583 sacerdotium
837 4544 972 4585 consecu-
1022 4524 1061 4580 illi
1077 4524 1174 4580 direxi.

174 4623 216 4672 tus
230 4624 314 4682 est,a
335 4630 388 4687 quo
412 4631 443 4670 se
463 4615 522 4685 ipse
545 4615 608 4671 vitae
632 4631 687 4669 suae
711 4617 879 4672 conscientia
901 4617 973 4673 datis
1061 4612 1206 4668 «Domino
1219 4612 1350 4686 glorioso,
1367 4620 1418 4668 etc.
1436 4612 1605 4668 charissima
1619 4606 1839 4669 etreverenris·

172 4703 271 4760 litteris
294 4702 322 4757 in
345 4702 518 4759 abdicatione
542 4701 602 4774 [cl.,
628 4702 835 4776 abdicationem]
860 4704 900 4759 sui
925 4722 973 4760 sun
1023 4700 1091 4755 sima
1106 4699 1251 4755 dominatio
1266 4708 1367 4767 vestra,
1386 4722 1397 4749 r
1415 4706 1468 4755 cto.
1479 4702 1558 4757 lianc
1569 4703 1640 4758 item
1652 4697 1840 4757 moninio

175 4798 271 4862 sponte
287 4790 432 4847 submovit.
447 4790 524 4845 »Et
518 4807 545 4844 tn
560 4790 608 4845 lib
621 4806 670 4846 viu
684 4791 881 4847 Theodosiana>
891 4792 970 4865 legis,
1023 4790 1157 4861 epistolas
1171 4790 1319 4846 llincmcri
1333 4789 1435 4845 nostri.

173 4893 199 4932 c.
215 4880 260 4946 29,
276 4878 311 4933 de
333 4878 574 4934 calumniatoribus
597 4879 730 4950 scriptum
752 4887 840 4934 cst:
840 4880 972 4935 Gratia-
1057 4886 1117 4957 Ego
1133 4885 1170 4939 ita
1184 4885 1253 4941 sicut
1266 4885 1311 4941 hic
1321 4901 1411 4957 posui
1422 4901 1466 4940 me
1478 4899 1624 4956 scripsisse
1634 4901 1689 4942 non
1703 4885 1831 4948 ιιιιιειθ

173 4980 244 5032 nus,
274 4965 496 5036 Valentinianus,
526 4967 695 5024 Theodosius
727 4969 807 5022 ιιιιιι.
840 4969 973 5025 Hellibico
1022 4970 1083 5042 Quo
1098 4982 1190 5029 contra
1206 4973 1264 5044 ipse
1277 4973 1381 5043 scribit,
1407 4989 1450 5029 me
1473 4973 1617 5045 scripsisse
1641 4975 1739 5030 domno
1775 4975 1840 5032 ἴθι]

173 5051 276 5119 comiti,
293 5060 320 5108 et
333 5053 457 5110 ministro
475 5055 617 5127 utriusque
631 5055 742 5111 militiae.
762 5058 824 5112 Non
848 5065 890 5113 est
904 5058 973 5112 ratio
1022 5077 1084 5118 cunt
1099 5061 1260 5117 Silrauectis
1273 5061 1388 5128 uenerit,
1405 5061 1507 5118 habere
1523 5061 1591 5117 tales
1607 5062 1731 5118 homines
1748 5061 1840 5116 stre

173 5156 229 5214 qua
255 5139 391 5196 manifesti
414 5141 617 5199 calumniatoris
639 5143 799 5215 supplicium
822 5144 970 5201 differatur
1021 5165 1090 5205 nuos
1105 5158 1132 5205 et
1146 5150 1260 5222 peritus,
1279 5150 1347 5206 sicut
1361 5166 1430 5221 opus
1444 5151 1535 5205 estad
1549 5149 1632 5205 talem
1648 5150 1780 5207 besum
1804 5150 1838 5192 ιι

174 5227 236 5284 Non
252 5229 325 5285 enim
339 5229 457 5301 patimur
467 5229 644 5302 frequenter
637 5233 739 5300 iterari,
754 5249 814 5304 quae
823 5234 972 5290 consistere
1021 5238 1157 5310 piendam.
1175 5240 1209 5294 Et
1222 5239 1358 5311 quomodo
1372 5239 1406 5293 ad
1422 5237 1583 5294 tradendum
1599 5254 1662 5295 euru
1684 5235 1835 5309 Scriptisl

175 5315 265 5386 prima
278 5319 450 5375 accusatione
464 5333 519 5374 non
535 5319 686 5390 quiverint,
703 5328 784 5394 atque
798 5321 934 5378 alienam
928 5339 972 5378 ιιι-
1020 5342 1083 5382 mea
1097 5326 1251 5394 conveniat,
1269 5343 1329 5399 quae
1344 5325 1459 5382 salutem
1475 5325 1558 5392 illius,
1575 5335 1602 5382 et
1620 5343 1675 5382 non
1696 5311 1833 5381 tradilll

91 5419 101 5431 ‘
174 5411 330 5476 nocentiam
342 5414 569 5487 securitatemque
591 5415 650 5473 sine
673 5416 798 5488 crimine,
824 5419 972 5476 damnabili
1020 5430 1083 5472 nem
1099 5415 1247 5488 quaesivit?
1261 5414 1497 5487 resitutionem
1512 5414 1627 5472 ιιιιιιιιι
1641 5416 1739 5471 domno
1772 5393 1829 5471 rftl
