3794 6104
186 234 240 289 799
810 228 959 287 toenitis
987 228 1085 285 PAPAE
1114 231 1183 286 vlit.
1796 235 1846 290 tto

186 355 342 413 devincant.
359 355 469 413 Nullum
483 356 555 428 apud
572 366 597 411 te
612 356 701 410 locum
717 355 789 420 odia,
806 352 896 410 nullus
911 352 989 408 lavor
1002 353 1077 414 Atui
1097 364 1122 408 et
1143 355 1184 410 sui
1212 355 1329 412 senioris
1356 355 1561 423 infidelitatem,
1589 356 1727 427 justitiam
1748 356 1844 414 lacere

188 444 352 503 indiscretus
367 444 495 501 inveniat.
512 444 567 500 Sub
581 459 614 500 ea
629 442 755 499 videlicet
769 443 873 499 ratione
888 457 990 498 conce·
1042 441 1218 514 Quapropter
1232 445 1371 500 hortantes
1387 445 1526 512 mittimus,
1537 444 1748 517 apostolicaque
1762 454 1847 502 aucto

188 532 280 592 dimus
302 533 465 589 fraternitati
488 542 540 589 tum
554 541 582 587 nt
597 549 614 588 a
627 532 776 588 secretario
799 546 884 604 usque
898 531 933 586 ad
947 546 990 586 sa·
1042 530 1122 586 ritate
1145 531 1288 602 jubemus,
1309 542 1337 588 ut
1355 533 1389 588 ad
1412 535 1465 589 hac
1490 533 1634 606 placitum,
1662 533 1698 590 ad
1724 533 1844 607 huncque

189 637 266 678 crum
282 622 377 687 altare,
394 630 420 676 et
434 621 469 675 ab
484 620 563 676 attavi
585 636 671 692 usqne
690 620 724 674 ad
745 620 931 686 secretarium,
949 618 990 673 si·
1041 629 1205 675 conventum
1224 620 1433 692 praesentialiter
1448 621 1542 677 venire
1557 629 1687 696 satagas,
1712 621 1845 678 adducens

189 713 244 769 cuti
263 712 353 784 prisca
380 709 481 765 exstitit
508 710 633 782 palleatis
652 708 712 783 [pro
731 708 867 780 palliatis,
887 705 989 779 titan]
1043 715 1132 762 tecum
1147 708 1292 764 Girardum
1307 709 1510 776 vicecomitem,
1529 711 1713 775 umbertum,
1731 713 1845 783 aguvar-

190 799 377 864 cousnetudo,
398 798 473 853 inditi
489 797 600 854 debeas.
623 799 790 856 auctoritate
810 805 899 853 antem
919 796 990 851 beati
1042 812 1117 862 num,
1135 796 1328 868 ingelbertum,
1346 815 1429 868 super
1443 815 1512 870 quos
1526 799 1585 870 ipse
1600 797 1747 867 reclamat,
1759 808 1845 870 quate-

187 881 260 946 'l’etri
283 888 466 959 apostolorum
495 886 626 959 principis
649 886 787 943 licentiam
813 885 990 940 diebusvitae
1042 901 1093 940 atis
1109 902 1180 940 nunc
1194 902 1287 942 coram
1302 887 1381 941 nobis
1398 896 1531 942 eteoram
1548 903 1623 958 saepe
1638 887 1715 942 dicto
1729 886 1844 960 glorioso

188 987 240 1033 tuae
254 976 305 1031 sub
317 977 379 1046 jure
395 984 421 1030 et
436 975 538 1030 ditione
562 983 665 1042 nostra,
682 984 710 1029 ut
726 975 859 1039 diximus,
875 973 989 1028 babeas.
1042 989 1119 1045 rege,
1136 983 1190 1028 tam
1205 975 1335 1030 canonica
1351 991 1470 1032 censura
1486 991 1623 1048 quamque
1639 975 1771 1032 humanae
1784 975 1844 1047 legis

189 1064 296 1122 Nullum
317 1080 394 1119 usum
411 1063 454 1119 vel
472 1064 698 1119 consuetudinem
719 1062 923 1118 successoribus
939 1061 991 1115 tuis
1042 1062 1158 1124 sancitu,
1175 1063 1246 1117 inter
1260 1080 1319 1130 vos,
1333 1064 1465 1136 quidquid
1479 1072 1576 1120 contra
1590 1063 1634 1119 tas
1650 1072 1679 1119 et
1690 1065 1739 1134 jus
1754 1063 1845 1119 lactum

188 1170 236 1226 per
251 1154 302 1209 hoc
318 1162 439 1207 nostrum
454 1152 501 1206 tibi
517 1167 680 1208 concessum
690 1150 867 1222 apostolicum
883 1150 991 1220 privile·
1042 1150 1131 1209 tuerit.
1150 1151 1324 1205 nihilominus
1341 1152 1460 1208 liniatur.
1478 1154 1547 1208 Data
1561 1157 1593 1209 nt
1608 1169 1711 1225 snpra.

188 1242 263 1317 pium
278 1242 380 1297 habere
395 1241 559 1296 causavimus.
577 1241 610 1294 lit
632 1256 720 1312 aeque
739 1240 884 1310 episcopus
903 1237 991 1293 urclti-
1398 1241 1486 1296 CLVl.

188 1331 389 1402 episcopusque
404 1329 536 1383 adversus
550 1337 575 1382 te
591 1344 642 1398 pro
657 1329 708 1382 hoc
724 1327 907 1382 altercationis
923 1342 991 1381 con·
1351 1331 1441 1391 (Auno
1457 1332 1531 1399 δῖε.)

189 1419 334 1475 tentionem
355 1424 533 1473 commoveat.
556 1415 605 1483 lta,
626 1415 742 1471 Domino
761 1422 872 1488 regente
892 1423 918 1468 et
937 1432 991 1487 gu-
1165 1419 1303 1473 lteraardi
1318 1420 1430 1474 cornitis
1448 1421 1727 1476 excommunicatio.

189 1508 318 1563 bernautc
333 1521 382 1561 cor
397 1512 481 1571 tuum,
497 1504 672 1559 commissam
688 1504 798 1574 exsequi
813 1502 989 1576 gubernatio·
1079 1506 1247 1560 Bernardnm
1263 1507 1437 1578 sacrilegum,
1450 1505 1535 1562 tilium
1550 1508 1685 1563 bernardi
1701 1517 1729 1563 et
1745 1508 1844 1564 belihil-

190 1611 253 1650 nem
281 1594 406 1662 studeas,
437 1602 481 1659 ut,
512 1592 610 1663 adepto
638 1593 718 1661 hujus
745 1592 858 1647 honoris
886 1589 990 1657 officio,
1042 1595 1102 1663 dis,
1120 1610 1257 1650 sacrorum
1280 1595 1635 1652 rerumccclesiasticarnm
1654 1612 1844 1668 pervasorem,

190 1683 323 1757 dignitate
350 1691 376 1738 et
405 1681 539 1753 probitate
573 1697 677 1736 morum
711 1681 826 1752 amplius
858 1695 991 1751 procures
1007 1710 1033 1769 B
1043 1682 1183 1754 regiaque
1198 1698 1214 1737 a
1230 1683 1287 1738 Deo
1302 1684 1435 1740 ordinate
1457 1685 1583 1755 potestati
1607 1685 1843 1753 contradictorem,

191 1771 332 1828 adornari.
359 1771 493 1841 Scriptum
512 1786 561 1840 per
579 1785 690 1824 manum
719 1768 832 1842 Georgii
859 1768 992 1824 scriniarii
1043 1771 1403 1843 aproprioarchiepiscopo
1422 1772 1554 1836 Frotario‚
1570 1774 1615 1828 cui
1631 1781 1659 1828 et
1674 1773 1846 1831 civitatemet

191 1860 220 1917 S.
235 1861 267 1916 n.
283 1859 316 1914 Ε,
333 1859 359 1914 in
375 1874 470 1915 mense
494 1857 666 1929 Septembrio
688 1857 835 1913 indictione
857 1872 907 1912 nrt.
925 1857 994 1911 Data
1044 1858 1133 1914 omnia
1148 1876 1210 1931 quae
1232 1860 1326 1915 habuit
1347 1860 1463 1924 sustulit,
1479 1861 1558 1916 tertio
1573 1871 1716 1928 vocatum,
1731 1878 1746 1916 a
1760 1872 1844 1919 nosue

192 1964 241 2003 vua
256 1948 319 2003 ldns
333 1947 501 2019 Septembris
517 1963 565 2018 per
580 1962 689 2001 nanuum
700 1946 837 2016 Walperti
850 1945 993 2001 litamillimi
1045 1955 1136 2002 autem
1150 1947 1299 2019 apostolica
1313 1949 1475 2005 auctoritate
1489 1948 1541 2014 bis,
1558 1958 1585 2005 et
1601 1966 1618 2005 a
1634 1950 1715 2022 regia
1731 1950 1845 2006 sublimi·

191 2037 313 2110 episcopi
328 2044 430 2092 sanctae
444 2036 602 2092 Portuensis
621 2035 762 2101 Ecclesiae,
779 2050 861 2100 auno,
878 2035 993 2090 Domino
1045 2044 1099 2092 tate
1120 2036 1205 2092 semel
1226 2045 1390 2102 revocatum,
1407 2038 1501 2092 venire
1524 2038 1665 2094 nolentem
1682 2047 1710 2094 et
1723 2039 1752 2095 ia
1765 2040 1844 2111 perti-

191 2126 318 2197 propitio,
335 2122 507 2196 pontificatus
531 2123 634 2179 domini
657 2122 742 2178 nostri
765 2123 877 2177 loannis
896 2122 993 2177 summi
1045 2126 1123 2180 naciu
1146 2142 1194 2179 sua
1213 2135 1442 2196 permanentem:
1460 2125 1505 2197 qui
1529 2125 1611 2183 etism
1635 2126 1672 2182 ab
1698 2127 1844 2185 hominibus

188 2212 325 2288 pontilicis
345 2221 371 2269 et
393 2212 554 2269 universalis
578 2211 701 2284 papeia
722 2210 904 2266 sacratissima
929 2209 994 2267 sede
1045 2215 1102 2269 suis
1126 2223 1324 2270 sacramentum
1344 2214 1498 2270 damnabile
1513 2224 1540 2270 ct
1555 2215 1757 2287 damnandum,
1772 2216 1843 2275 blu-

192 2304 261 2359 beati
280 2303 354 2358 Petri
372 2300 488 2374 apostoli
507 2310 604 2368 serto,
629 2299 775 2355 indictione
798 2314 848 2354 nn.
874 2300 928 2355 ttoc
951 2304 994 2356 ast
1045 2303 1117 2359 ditiis
1136 2311 1162 2358 et
1182 2303 1334 2358 terroribus
1354 2304 1496 2374 tyrannice
1523 2311 1621 2360 contra
1639 2303 1737 2360 divina
1754 2314 1780 2360 et
1795 2306 1843 2362 bu-

192 2408 268 2448 cano
283 2392 345 2446 878.
367 2391 464 2446 l'cram
484 2393 536 2445 ant
554 2389 714 2461 September
728 2389 759 2442 in
774 2387 927 2450 Octobrem,
943 2392 995 2443 ant
1045 2407 1125 2446 mana
1145 2392 1206 2459 jura
1230 2391 1351 2457 extorsit,
1367 2406 1382 2445 a
1398 2406 1510 2462 corpore
1533 2401 1558 2446 ct
1583 2393 1724 2466 sangtnue
1744 2391 1841 2450 Domui

191 2479 310 2536 indictio
321 2493 362 2535 ιιι
373 2481 403 2535 ia
416 2494 446 2534 ιιι
461 2477 614 2545 matonam·
629 2477 700 2550 qaod
714 2493 751 2532 ca
766 2476 923 2550 prioitem'is
933 2474 994 2533 Flo·
1045 2479 1131 2536 nostri
1145 2480 1209 2534 lesu
1224 2479 1323 2535 Christi
1345 2479 1463 2535 alienum
1485 2479 1671 2548 decernimus,
1688 2488 1717 2536 et
1730 2481 1765 2538 ab
1777 2482 1842 2537 cnuti

193 2569 325 2634 rtacrasi,
342 2565 759 2639 Cabitoaansiatiiaqnadisccs,
773 2563 993 2635 ticetnoadilli·
1046 2567 1257 2623 Christianorum
1279 2569 1409 2624 societate
1433 2583 1602 2639 separamus,
1620 2585 1712 2643 usque
1733 2569 1796 2625 dum
1812 2571 1841 2626 sd

193 2657 306 2709 tedmur
315 2654 347 2708 tn
364 2651 490 2724 antiquis
505 2649 705 2724 diplomatibus
722 2648 907 2705 indictionem
923 2663 993 2704 nott·
1045 2656 1210 2729 condignnm
1247 2655 1460 2713 satisfactionem
1496 2658 1696 2714 emendaturus
1731 2659 1839 2715 aean.

192 2757 340 2814 annqnom
355 2739 633 2812 asqnaadaatalcm
656 2738 761 2795 clerinti
783 2737 921 2793 diamant
934 2738 994 2809 pri·
1046 2743 1125 2814 Quod
1151 2744 1175 2798 si
1200 2760 1250 2800 nec
1278 2745 1321 2801 hic
1349 2733 1552 2814 emendaverit,
1583 2754 1611 2801 et
1640 2762 1677 2802 ea
1704 2763 1765 2820 que
1789 2762 1840 2804 reas

193 2829 238 2885 die
257 2829 396 2885 Kalendas
415 2829 547 2885 tannarii
566 2825 697 2900 protendi
719 2829 752 2881 ab
776 2827 927 2883 incuriosis
948 2829 994 2880 ta·
1046 2833 1124 2888 adeo·
1142 2833 1278 2889 communi
1304 2832 1407 2902 judicio
1435 2849 1547 2889 suorum
1573 2830 1699 2890 fidelium
1726 2833 1838 2897 abstulit.

196 2917 361 2972 brittonibus
381 2916 549 2972 librariisve.
1047 2921 1179 2978 violenter
1201 2930 1293 2977 tenere
1318 2930 1344 2977 et
1365 2921 1490 2977 fidelibus
1513 2922 1570 2977 suis
1590 2923 1619 2977 in
1638 2925 1694 2980 boc
1719 2923 1838 2996 nemean·

548 3003 637 3058 CLIV·
1047 3009 1201 3074 tentaverit,
1218 3011 1396 3066 anathematis
1411 3009 1520 3066 viuculo
1536 3011 1624 3068 sancti
1638 3011 1759 3084 Spiritus
1773 3011 1838 3085 [odda

504 3093 595 3163 (huno
615 3093 690 3160 878.)
1012 3063 1219 3172 Cauctoritate]
1234 3099 1406 3154 innodamus.
1424 3098 1585 3172 Quicunque
1610 3107 1706 3156 autem
1719 3101 1746 3158 ei
1760 3108 1837 3156 contra

280 3183 547 3240 b'xcornmnetcatlo
570 3181 694 3252 llaqonts
710 3183 739 3235 et
753 3180 908 3235 litamottt't·
1046 3188 1115 3243 banc
1129 3187 1436 3244 excommunicationem
1451 3189 1718 3247 communicaverint
1731 3197 1776 3246 aut
1788 3191 1837 3246 cot·

233 3272 377 3345 Rusonem
395 3270 514 3327 Lolhttil
542 3268 617 3342 regit
648 3268 785 3340 quondam
813 3265 915 3335 filium·
941 3283 995 3323 uon
1047 3277 1191 3343 senserint,
1208 3292 1259 3332 nos
1282 3276 1429 3348 prohibere
1454 3292 1509 3333 nou
1531 3291 1682 3349 possumus
1698 3287 1727 3333 ut
1741 3277 1835 3351 quies·

195 3360 356 3434 legitimum,
370 3359 418 3417 sed
428 3358 577 3416 naturalem
588 3357 741 3413 adulterina
751 3357 849 3428 copula
863 3357 994 3430 genitum,
1047 3365 1254 3421 communicatis
1268 3365 1544 3432 communicaverint,
1551 3381 1607 3422 non
1621 3367 1685 3438 pari
1700 3381 1829 3423 meamne

196 3450 242 3522 qui
257 3458 318 3520 post
339 3449 488 3520 praestitum
504 3455 706 3504 sacramentum
721 3441 820 3502 dilecto
834 3445 889 3501 lilio
904 3445 996 3502 Ludo·
1048 3454 1175 3508 nicationi
1192 3454 1357 3525 subjaceant.

196 3538 255 3595 rico
274 3537 335 3609 regi
353 3538 519 3594 Francorum
538 3535 668 3593 mentitus
687 3551 748 3591 esse
767 3535 886 3604 ridetur,
907 3541 933 3590 et
952 3534 996 3589 iu·
1395 3552 1495 3609 cpvp·

195 3627 318 3699 (lnietam
337 3624 481 3697 pacificum
500 3641 614 3699 signnm
634 3623 757 3696 Pfffdissfi
777 3623 866 3695 regis,
886 3631 912 3679 ⁰¹
929 3623 996 3678 Effl-
1096 3656 1132 3694 an
1152 3656 1321 3696 annannnuv
1340 3655 1580 3696 ascrvtseascorus
1599 3656 1797 3697 renovassent.

195 3730 314 3784 monem,
329 3715 462 3771 bernardi
478 3715 585 3772 comitis
604 3728 776 3785 germanum,
793 3711 955 3784 complicem
968 3711 996 3767 in
1358 3733 1448 3800 (mo
1465 3731 1540 3799 37⁸.)

195 3803 374 3871 excessibus,
394 3803 446 3858 nisi
470 3804 540 3858 inim
560 3802 619 3858 (³50⁸
639 3801 747 3872 liitiiffli
775 3801 810 3856 id
838 3800 996 3871 lmictum
1050 3818 1203 3886 Confirmat
1224 3819 1372 3888 prtoitepio
1387 3818 1519 3874 Ecclesia
1537 3819 1697 3876 turonensi
1710 3835 1835 3876 concern.

197 3893 332 3947 seniorem
352 3907 429 3946 snum
449 3891 595 3956 redierint,
617 3898 642 3944 et
662 3890 696 3945 ab
716 3888 901 3961 inquietudine
920 3889 997 3961 regni
1085 3907 1321 3962 prm-„endjsspmo
1336 3915 1362 3962 ep
1377 3906 1549 3962 sanctissimo
1563 3911 1722 3964 Ammo
1737 3921 1837 3964 vem.

197 3977 371 4049 resipuerint,
388 3979 460 4034 omni
476 3979 629 4034 Christiana
641 3977 831 4032 commuuione
845 3978 995 4047 privamus.
1048 3995 1095 4048 pss,
1110 3995 1315 4066 archiepiscopo
1330 3994 1492 4064 Turonensq
1508 3996 1773 4068 summanum,
1787 3996 1836 4063 mn,

197 4066 373 4122 Postmodum
388 4066 410 4120 si
425 4066 670 4138 perseveraverint,
682 4065 767 4121 sciant
778 4081 807 4119 se
817 4066 997 4120 anathematis
1048 4099 1099 4138 nec
1116 4098 1169 4138 non
1184 4092 1211 4138 0,
1225 4083 1351 4138 omnibus
1366 4082 1491 4138 fidelihus
1515 4091 1617 4140 sam
1639 4085 1692 4140 Dei
1713 4085 1836 4151 ΜΨ,

198 4155 313 4211 vinculis
327 4154 507 4210 innodandos·
527 4156 605 4220 0³²8.
622 4163 674 4210 ott·
1049 4173 1230 4242 presentibus
1244 4173 1346 4228 scilicet
1361 4180 1444 4244 atque
1458 4172 1565 4227 tuturis.

559 4242 634 4300 CLV·
747 4309 750 4314 ,
1084 4262 1168 4316 Decet
1191 4262 1340 4316 itomanam
1366 4261 1528 4327 Ecclesiam,
1552 4277 1614 4331 qum
1635 4271 1725 4317 mater
1739 4272 1838 4318 eston

410 4348 446 4387 ab
462 4346 631 4388 aetatium!
645 4346 782 4386 comiti!-
1048 4349 1123 4403 nium
1138 4349 1188 4404 Dei
1199 4349 1393 4415 Ecclesiarum,
1404 4358 1432 4404 ut
1442 4359 1543 4421 quauta
1553 4350 1628 4422 viget
1638 4351 1774 4422 dignitate
1783 4365 1839 4423 pra·

403 4425 405 4429 ’
502 4403 593 4472 (huno
613 4404 688 4473 8η·)
1012 4421 1129 4502 Delum,
1139 4454 1173 4492 eo
1182 4437 1269 4508 magis
1276 4438 1409 4494 consistat
1417 4438 1445 4492 in
1453 4437 1643 4494 misericordia
1654 4439 1710 4509 pia,
1720 4448 1839 4511 quacun

197 4491 998 4634 heleian?wssssffifflffiwzgffmm&
1049 4543 1110 4596 quae
1123 4526 1206 4599 digna
1228 4527 1397 4597 postulantur
1413 4543 1428 4580 a
1444 4524 1580 4594 fidelibus,
1606 4527 1667 4582 siue
1690 4542 1769 4584 mora
1790 4540 1838 4583 oua

234 4635 370 4707 obiectast
387 4633 737 4706 iimidctitatis[crinrine,
753 4649 914 4706 purpureae
931 4633 999 4690 nole·
1048 4614 1148 4685 llieme
1162 4614 1255 4687 liiiffi
1280 4624 1436 4669 “lffl'fflmffl'
1450 4631 1465 4667 ‘¹
1480 4614 1568 4669 ¹¹⁰bis·
1586 4612 1717 4671 omnium
1733 4622 1837 4672 ΜΝ

236 4709 289 4763 Μ,
1050 4701 1252 4771 ruliqmsltatem
1267 4703 1392 4761 volumus
1407 4706 1478 4761 scire
1493 4705 1610 4763 fideliter
1634 4710 1766 4781 quoniam
1788 4723 1836 4783 pre

234 4796 386 4853 brinnaco
405 4794 506 4850 comiti.
1049 4791 1153 4861 altsteti
1167 4790 1295 4846 dimersis
1309 4793 1436 4850 turonici
1456 4796 1520 4866 pagi
1534 4795 1570 4851 ad
1585 4806 1711 4854 nostrum
1725 4811 1836 4856 armate

235 4883 328 4938 ltelatu
344 4882 470 4939 videlicet
487 4881 603 4938 bominis
626 4880 764 4952 pontiticlo
779 4889 874 4935 nostro
889 4880 998 4935 nuntia·
1050 4886 1112 4933 runt
1126 4877 1304 4949 pontificium,
1321 4891 1503 4954 suggerentes
1517 4893 1545 4938 ut
1560 4883 1736 4943 firmaremus
1750 4894 1837 4960 aposto

199 4981 254 5027 tum
270 4979 311 5025 est
327 4971 399 5042 quod
415 4970 552 5026 Frotntius
567 4969 731 5026 venerabilis
747 4969 892 5041 episcopus
907 4969 999 5024 civita-
1050 4967 1103 5023 lica
1126 4968 1286 5024 auctoritate
1305 4969 1358 5023 illis
1373 4978 1398 5025 et
1413 4971 1562 5042 capitulare
1588 4988 1688 5046 regnam
1702 4986 1729 5031 et
1745 4974 1836 5047 coepir

198 5070 251 5116 tem
267 5058 415 5129 biturigam
429 5058 545 5113 inimicis
560 5058 642 5112 vestri
657 5058 770 5113 senioris
789 5057 891 5113 domiui
907 5057 998 5112 Ludo-
1051 5071 1181 5126 coporuvn
1206 5057 1354 5127 scriptum,
1371 5067 1398 5113 ut
1420 5059 1518 5115 debeat
1541 5077 1716 5134 unaquaeque
1740 5061 1836 5120 anteit

197 5149 248 5205 vici
264 5147 376 5219 gloriosi
395 5147 468 5218 rogis
487 5148 597 5202 tradere
618 5147 755 5211 rnaluerit,
776 5146 837 5202 idco
857 5146 921 5200 illuc
941 5146 999 5216 ipse
1050 5145 1189 5214 proprium
1214 5162 1338 5200 mansum
1362 5147 1461 5203 babere
1475 5164 1537 5204 cum
1557 5152 1705 5223 mancipiis
1730 5161 1835 5224 quatuor.

199 5237 364 5293 contendere
389 5235 541 5290 studueras.
566 5236 638 5291 licce
658 5235 729 5289 enirn
749 5235 821 5289 idem
838 5235 893 5304 jam
913 5234 1001 5288 dictus
1052 5232 1154 5297 cineas,
1169 5235 1314 5305 aripennos
1325 5244 1390 5300 tres,
1402 5245 1478 5307 prata
1488 5237 1621 5305 similiter,
1631 5248 1659 5294 et
1667 5240 1835 5298 caemeterium

199 5325 343 5395 episcopus
358 5325 445 5388 nobis,
461 5332 553 5378 nostro
569 5330 595 5378 et
609 5322 664 5376 tilio
690 5322 800 5393 praelato
822 5323 880 5395 regi
899 5322 1001 5392 glorio-
1051 5337 1113 5376 cnm
1137 5323 1333 5389 mansionibus,
1355 5325 1414 5379 siue
1438 5326 1575 5396 personali
1597 5337 1624 5383 et
1646 5330 1720 5386 civili
1742 5339 1836 5385 munet

201 5411 319 5471 sissimo.
337 5428 419 5482 snper
435 5413 485 5466 hoc-
501 5411 647 5466 reclamare
664 5410 773 5478 studuit,
786 5411 879 5465 ‹liceus
891 5427 919 5465 se
931 5409 1001 5464 velle
1052 5410 1197 5482 exigendo.
1224 5412 1275 5466 nisi
1302 5414 1394 5469 divino
1421 5414 1592 5471 solummodo
1612 5417 1639 5472 in
1659 5414 1836 5475 molestantes

201 5500 229 5561 iu
243 5500 369 5557 omnibus
392 5500 439 5554 tibi
455 5509 480 5553 et
495 5500 547 5559 tuis
561 5501 597 5557 de
614 5497 749 5559 universis
770 5499 884 5569 objectis
906 5506 1001 5557 eontra
1051 5498 1134 5556 rebus
1149 5499 1291 5577 obsequio,
1308 5502 1387 5561 sicani
1400 5517 1537 5560 canonum
1558 5504 1652 5579 prisca
1666 5507 1837 5569 auetoritasrt
