3826 6098
154 233 208 288 tot
599 231 771 290 untctttnt
789 230 990 290 RHElsslNSlS
1013 230 1289 289 mentattscort.
1754 235 1807 290 508

152 353 266 413 diffinita
280 357 398 424 fuerunt,
409 357 467 414 sine
477 358 680 430 metropolitani
690 356 868 428 conscicntia,
878 357 950 412 sine·
966 357 994 418 A
1007 357 1128 413 tnbnom
1138 358 1178 414 eis
1186 358 1218 413 in
1228 362 1360 430 tempore,
1370 362 1403 414 nt
1414 359 1527 415 tebatnr
1535 373 1689 431 percorum
1699 375 1706 414 ε
1713 363 1807 432 jueta

151 463 204 520 que
218 447 351 504 canonico
367 455 393 503 et
408 447 558 523 episcopali
576 447 689 517 judicio,
712 462 762 518 per
773 447 881 516 judices
897 462 952 502 sae·
1002 449 1044 501 est
1065 445 1124 501 dies
1146 446 1324 518 perditionis,
1347 450 1376 502 et
1397 447 1492 503 edesse
1510 449 1653 518 scsnnnnt
1675 451 1806 520 tempora

151 534 269 605 culares,
297 535 494 610 Helmigarium
523 535 626 593 seilicet
650 536 765 592 mercati
790 534 885 607 palatii
909 541 952 590 te·
1002 534 1095 604 (Dent.
1108 536 1266 605 xxxrr,3t).
1291 534 1395 591 Etcum
1415 537 1809 609 tantarumtransgressionum

150 621 313 691 lonearium,
345 632 372 680 et
394 624 561 680 Flotbarium
586 639 619 680 ac
645 624 791 681 Ursionem
824 623 952 678 villarum
1002 621 1151 678 inveniaris
1161 622 1304 691 obnoxius,
1314 639 1370 679 non
1379 640 1473 679 cessus
1487 640 1530 679 me
1544 639 1707 695 provocare,
1722 633 1753 681 ut
1770 626 1807 683 de

151 711 289 784 regiarum
314 713 443 783 majores,
475 712 669 769 refricarentur
697 721 792 769 contra
821 727 949 777 canones,
1001 711 1137 782 promisso
1151 710 1261 782 pittacio
1276 719 1329 767 tuae
1343 711 1521 783 professionis
1536 719 1616 784 atque
1644 721 1698 768 tuae
1735 714 1808 769 sub-

151 800 197 872 qui
220 801 253 855 ab
276 801 471 859 ecclesiasticis
494 802 529 857 ad
543 801 654 871 majoris
669 800 836 857 auctoritatis
860 798 950 857 eccle·
1002 798 1166 869 scriptionis,
1178 800 1212 855 de
1223 799 1338 871 quotibi‚
1350 801 1508 872 utpraedixi,
1519 800 1687 872 respondere
1705 802 1806 858 hacte-

149 887 272 946 siasticos
292 890 410 959 jndices,
427 898 454 946 et
476 906 531 946 non
552 907 568 945 a
589 889 737 960 majoribus
761 888 796 943 ad
820 887 949 958 minores,
1001 904 1052 942 nus
1067 887 1169 953 distuli,
1186 888 1235 944 sed
1256 896 1283 944 et
1310 889 1344 944 de
1353 889 1413 944 aliis
1427 889 1479 944 tuis
1493 888 1707 960 professionibus
1718 888 1807 962 'atque

148 993 199 1034 nee
213 978 248 1034 ab
259 979 450 1035 ecelesiasticis
460 980 495 1034 ad
511 978 668 1044 saeculares,
681 994 769 1050 neque
788 993 951 1033 aconsensu
1001 975 1246 1048 subscriptionibus
1260 977 1304 1032 vel
1318 977 1460 1034 lacessitus
1480 977 1638 1042 rescribam,
1669 986 1807 1050 quatenus

148 1066 267 1138 partium
282 1067 377 1124 electis
398 1066 539 1139 provocari
561 1065 730 1138 permittunt.
752 1065 890 1138 Aquibus
903 1065 950 1134 ju·
1000 1063 1202 1137 professionum
1221 1073 1248 1121 et
1275 1065 1505 1138 subscriptionum
1540 1073 1648 1122 tuarum
1673 1067 1805 1123 historias

148 1153 253 1211 dicibus
264 1155 441 1213 saecularibus
457 1170 473 1210 a
487 1162 513 1209 te
527 1153 644 1226 pertitis,
662 1154 786 1225 quedam
802 1170 835 1209 cx
850 1152 950 1208 diffini·
1001 1152 1095 1224 plures
1109 1153 1243 1228 legentes,
1259 1153 1283 1208 si
1297 1153 1366 1210 forte
1381 1163 1443 1209 sunt
1458 1154 1503 1226 qui
1527 1154 1616 1211 adhuc
1643 1170 1692 1211 eas
1720 1156 1805 1229 iguo-

147 1243 181 1298 tis
196 1242 324 1301 refricata
340 1251 367 1300 et
381 1243 529 1310 immutata,
547 1242 672 1315 quaedam
688 1258 752 1298 vero
766 1258 800 1298 ex
814 1240 949 1299 diismicn-
1000 1249 1071 1310 rent,
1088 1258 1180 1297 earum
1195 1242 1373 1314 diligentiam,
1390 1241 1524 1299 cautelam
1538 1258 1644 1316 quoque
1660 1251 1686 1299 et
1697 1243 1803 1301 utilita-

146 1331 189 1387 dis
205 1341 267 1388 sunt
281 1331 401 1396 diffinita,
424 1330 599 1387 adinventitia
623 1330 804 1403 reputatione,
823 1331 894 1393 sicut
915 1331 950 1386 ab
1001 1337 1056 1385 tem
1069 1338 1246 1403 cognoscant.
1261 1333 1296 1386 Et
1309 1331 1426 1402 primum
1441 1331 1553 1404 quidem
1563 1332 1740 1403 respondebo
1751 1332 1801 1390 tibi

145 1413 214 1492 ipsis
237 1419 282 1492 qui
303 1419 332 1475 in
353 1418 450 1475 eodem
476 1419 576 1491 placito
591 1418 699 1474 luerunt
714 1418 823 1487 dieitur,
846 1419 880 1475 de
895 1435 949 1475 non
1000 1417 1035 1474 de
1050 1417 1164 1490 praelato
1179 1434 1194 1473 a
1209 1427 1235 1475 te
1250 1419 1401 1491 subscripto
1416 1419 1539 1491 pittacio,
1555 1419 1584 1474 in
1598 1421 1763 1493 quoscribis
1773 1421 1804 1476 in

145 1507 311 1563 necessariis
333 1516 360 1563 et
381 1507 634 1563 inconvenientibus
645 1507 808 1578 juramentis
829 1516 947 1580 reperta,
1000 1506 1163 1563 adminiculo
1178 1513 1224 1563 tuo
1240 1515 1266 1563 te
1280 1522 1297 1563 a
1311 1524 1355 1563 me
1371 1509 1579 1579 reprehensum,
1609 1516 1636 1565 et
1663 1524 1727 1565 esse
1756 1524 1802 1567 me

144 1604 169 1651 et
184 1612 199 1650 a
214 1602 240 1650 te
254 1610 347 1651 eoram
361 1595 500 1667 praedictis
512 1595 661 1667 judicibus,
679 1596 746 1667 ipsis
762 1596 817 1655 tuis
832 1613 948 1653 accusa-
999 1594 1120 1650 ostendis
1136 1595 1387 1666 reprehensibilem,
1404 1597 1453 1652 sed
1468 1612 1520 1670 ego
1535 1604 1626 1668 spreta
1647 1599 1803 1669 reprehen-

145 1683 258 1751 toribus,
271 1700 341 1757 quos
356 1693 452 1741 eontra
467 1685 570 1741 electos
581 1684 689 1754 judiees
703 1685 773 1740 sicut
794 1684 946 1757 expetieras
960 1713 987 1773 Β
999 1682 1076 1738 sione
1090 1690 1144 1751 tue,
1163 1699 1216 1755 qua
1231 1700 1284 1751 me,
1301 1684 1378 1758 quasi
1392 1685 1443 1740 sub
1471 1685 1589 1757 quodm
1616 1686 1804 1743 excusationis

145 1773 303 1845 suscepisti,
316 1773 457 1846 proposita
473 1791 480 1828 :
498 1781 630 1847 quatenus
645 1781 672 1830 et
686 1774 720 1841 is,
736 1773 771 1830 de
787 1791 840 1846 quo
855 1774 947 1845 legali·

144 1867 231 1917 teret
255 1862 418 1934 regulariter
439 1860 582 1918 diffinitum
603 1862 702 1928 luerat,
737 1870 767 1917 ut
785 1861 946 1920 beneficium

144 1966 225 2006 suum
245 1951 368 2019 haberet,
391 1951 463 2023 quod
478 1959 572 2008 eontra
595 1951 727 2007 rationem
742 1959 768 2007 et
792 1952 945 2024 aequitatem

141 2039 309 2112 perdiderat,
338 2040 435 2096 eadem
455 2039 647 2097 adinventione
671 2040 818 2096 dimitteret
834 2057 841 2094 ε
856 2049 883 2095 et
896 2040 944 2110 illi,

144 2128 242 2200 quibus
253 2127 404 2198 judicatum
417 2128 514 2198 luerat,
531 2136 561 2184 ut
575 2129 704 2201 quoniam
718 2137 746 2185 tu
761 2137 823 2200 post
838 2129 945 2201 expeti-

142 2223 198 2272 tum
228 2217 377 2272 electorum
398 2217 532 2287 judicium
556 2217 629 2272 idem
650 2217 784 2286 judicium
806 2215 944 2274 subterlu-

141 2303 216 2377 gisti,
243 2303 374 2360 beneficia
395 2319 445 2359 sua
473 2320 560 2378 usque
575 2304 609 2360 ad
624 2304 742 2378 legalem
757 2304 944 2363 diffinitionem

142 2398 278 2462 tenerent,
295 2391 431 2449 beneficia
444 2393 504 2465 ipsa
519 2394 689 2461 desererent,
702 2403 728 2450 et
741 2403 770 2450 tu
785 2394 858 2466 quod
872 2394 945 2450 ince-

113 2482 118 2488 '
140 2480 206 2553 piati
219 2480 399 2548 evindicares,
415 2499 477 2538 cum
493 2482 562 2538 sicut
576 2482 624 2538 tibi
634 2499 689 2538 non
703 2482 766 2538 licet
782 2484 816 2538 dc
830 2498 944 2540 accusa-

140 2568 223 2637 tione,
249 2571 306 2627 sive
330 2570 480 2628 criminalis
511 2586 610 2640 causae,
637 2572 695 2628 sive
721 2571 817 2639 civilis,
848 2571 942 2628 relicto

139 2659 335 2728 ecclesiastico,
353 2660 461 2732 publico
480 2661 594 2734 purgari
607 2660 721 2730 judicio,
738 2660 775 2716 ita
790 2660 872 2717 etiam
886 2677 942 2716 non

998 1771 1142 1838 velamine,
1158 1772 1192 1828 de
1208 1772 1347 1845 scriptoris
1361 1773 1426 1830 vitio
1440 1789 1519 1830 more
1534 1782 1581 1830 tuo
1595 1774 1737 1830 evidenter
1751 1791 1800 1832 re·

996 1860 1168 1930 prehendere
1183 1861 1298 1934 satagis,
1316 1861 1362 1935 qui
1376 1870 1422 1917 aut
1445 1860 1623 1919 differentiam
1647 1863 1727 1919 verbi
1748 1863 1801 1921 de-

996 1954 1117 2018 tractem,
1148 1949 1220 2021 qnod
1248 1950 1276 2004 in
1303 1950 1372 2005 meis
1399 1949 1508 2022 scriptis
1536 1950 1584 2006 tibi
1606 1950 1677 2007 datia
1706 1951 1799 2024 posui,

996 2036 1128 2103 nesciam,
1145 2045 1191 2092 aut
1202 2037 1342 2108 scriptoris
1356 2037 1451 2093 vitium
1465 2038 1493 2094 in
1508 2039 1548 2094 eis
1576 2039 1715 2113 corrigere
1743 2055 1800 2098 non

996 2125 1143 2196 sapuerim,
1161 2125 1204 2181 vel
1219 2126 1364 2182 emendare
1380 2126 1559 2200 neglexerim,
1576 2134 1602 2183 et
1617 2143 1650 2183 ex
1664 2144 1728 2184 mea
1751 2145 1800 2185 re-

995 2212 1178 2283 prehensione
1193 2221 1265 2269 tuam
1290 2222 1428 2270 ostentare
1456 2215 1598 2271 scientiam
1625 2216 1711 2272 Cham
1739 2217 1800 2274 Noe

994 2298 1066 2357 filius
1080 2301 1199 2368 voluisti,
1215 2318 1270 2358 non
1285 2302 1372 2358 solum
1388 2303 1416 2358 in
1431 2304 1508 2361 verbi
1530 2304 1603 2360 illius
1629 2304 1797 2374 differentia,

994 2389 1042 2444 sed
1058 2397 1085 2444 et
1098 2390 1126 2444 in
1141 2389 1193 2445 alio
1208 2390 1303 2456 verbo,
1320 2391 1394 2463 quod
1408 2391 1441 2446 ad
1471 2390 1677 2449 ostentationem
1704 2394 1743 2450 tui
1770 2394 1800 2450 in

993 2477 1045 2532 tuis
1060 2477 1298 2534 adinventionibus
1311 2479 1438 2536 iteratum
1455 2480 1556 2550 inveni,
1585 2489 1612 2538 et
1639 2498 1703 2540 cum
1731 2483 1797 2540 hinc

992 2580 1082 2621 meam
1095 2565 1277 2636 insipientiam
1291 2568 1401 2623 voluisti
1415 2571 1569 2636 ostendere,
1581 2578 1654 2626 tuam
1664 2571 1793 2628 studuisti

992 2654 1065 2726 apud
1080 2655 1258 2711 scholasticos
1275 2656 1413 2712 stultitiam
1427 2659 1578 2730 propalare.
1604 2660 1657 2715 Pro
1680 2676 1726 2716 me
1746 2658 1793 2716 nil

992 2759 1058 2799 curo
1073 2741 1165 2799 dicere
1183 2762 1190 2798 ι
1205 2744 1271 2799 mihi
1287 2746 1359 2800 enim
1373 2762 1424 2817 pro
1439 2746 1551 2803 minimo
1566 2755 1607 2803 est
1621 2756 1651 2802 ut
1661 2757 1712 2804 ute
1722 2749 1798 2818 judi·

992 2847 1048 2900 cer,
1065 2839 1110 2886 aut
1125 2831 1183 2887 sine
1198 2832 1343 2889 dilectione
1358 2850 1373 2888 a
1388 2841 1432 2889 tua
1456 2835 1569 2891 scientia
1596 2838 1795 2908 reprehendar.

138 2746 200 2804 lieet
230 2749 288 2815 tibi,
318 2750 471 2820 postposito
502 2749 546 2805 vel
576 2758 733 2822 contempto
756 2749 940 2808 ecclesiastico

137 2835 251 2905 judicio,
268 2836 303 2891 ad
318 2837 461 2893 saecularia
472 2836 574 2906 judicia
588 2837 744 2904 convolare,
774 2838 818 2909 vel
846 2854 941 2910 quem·

139 2937 257 2996 cunque,
284 2940 335 2979 nec
362 2924 444 2979 etiam
468 2924 565 2981 laicam
587 2941 734 2996 personam
768 2927 938 2997 pertrahere,
992 2918 1046 2974 Sed
1059 2934 1093 2974 ne
1107 2919 1178 2991 apud
1192 2920 1263 2988 illua,
1280 2922 1326 2995 qui
1347 2929 1437 2979 lecum
1465 2924 1638 2982 rumusculos
1668 2934 1792 2998 captant,

137 3025 226 3083 neque
241 3011 276 3067 ed
291 3010 379 3067 torum
394 3028 474 3067 suum
489 3012 578 3085 sequi,
604 3012 627 3067 si
654 3007 715 3084 ip'sn
733 3012 801 3069 laica
819 3029 940 3084 persona
991 3006 1120 3078 glorieris
1136 3008 1212 3078 quasi
1228 3025 1271 3064 me
1286 3017 1391 3065 mutum
1406 3010 1530 3068 effeceris
1544 3021 1571 3069 et
1585 3013 1738 3086 elinguem,
1748 3015 1797 3086 qui

139 3099 310 3156 consenserit
325 3099 541 3157 ecclesiasticum
556 3101 648 3157 subire
661 3101 803 3171 judicium,
815 3102 886 3159 sicut
895 3103 938 3158 lex
990 3095 1065 3152 solus
1079 3096 1179 3152 nostris
1193 3098 1360 3169 temporibus
1371 3101 1513 3156 thesauros
1520 3103 1660 3174 sapientiae
1668 3102 1793 3161 etscien·

137 3187 331 3256 Valentiniani,
356 3203 438 3262 quam
462 3190 559 3261 probat
591 3190 726 3257 Ecclesia,
761 3191 937 3247 demonstrat.
988 3184 1032 3239 tiae
1047 3193 1194 3256 penetrans
1208 3186 1333 3257 introisti,
1350 3187 1394 3245 bic
1408 3205 1491 3245 causa
1505 3190 1660 3263 compendii
1681 3200 1797 3263 praeter·

136 3275 203 3333 ltem
221 3284 283 3350 post
307 3284 433 3334 ostensas
466 3278 684 3335 auctoritates«
718 3279 754 3334 Et
785 3295 840 3335 non
871 3295 938 3351 per·
988 3273 1108 3341 mittens,
1126 3290 1188 3330 cum
1201 3275 1268 3330 mihi
1283 3278 1422 3334 vacaverit
1437 3280 1579 3334 ostendam
1594 3280 1659 3352 quid
1674 3281 1795 3355 regula-

136 3372 258 3423 trauseat
273 3367 354 3422 etiam
370 3374 445 3422 tuam
460 3367 717 3438 considerationem,
746 3383 795 3423 cur
821 3368 938 3424 domnus
988 3379 1049 3418 rum
1064 3363 1251 3436 grammaticae
1267 3365 1333 3420 artis
1347 3374 1481 3433 auctores,
1499 3368 1563 3440 quid
1585 3368 1795 3442 orthographiae

134 3470 183 3510 rex
210 3462 263 3510 tnae
289 3455 414 3527 petitioni
442 3455 578 3522 annuerit,
604 3462 633 3511 ut
661 3455 734 3512 unde
748 3456 777 3512 in
792 3458 938 3528 praesentia
987 3452 1124 3517 doctores,
1142 3452 1207 3523 quid
1229 3461 1331 3509 sattelae
1359 3455 1508 3527 Scriplutae
1537 3464 1699 3514 tractatores
1728 3459 1794 3515 inde

133 3541 206 3599 illius
221 3543 322 3600 eleetos
332 3543 441 3614 judices
457 3544 601 3616 episcopos
616 3545 764 3601 secuudum
780 3560 874 3602 sacros
891 3561 938 3601 ca·
987 3540 1105 3596 sentiant
1120 3549 1201 3613 atque
1216 3541 1317 3597 dicant.
1333 3544 1427 3599 »Item
1452 3552 1514 3616 post
1535 3545 1674 3602 nonnulla.
1693 3570 1705 3595 ι
1736 3547 1793 3604 Sed

134 3646 221 3688 nones
235 3632 374 3704 accepisti,
391 3632 450 3689 sine
464 3633 630 3689 conscientia
637 3633 848 3704 metropolitani,
861 3634 937 3690 sine·
986 3628 1037 3683 alia
1053 3637 1114 3684 sunt
1128 3629 1191 3686 hinc
1205 3646 1238 3685 ex
1253 3631 1340 3686 sacris
1349 3632 1499 3689 canonibus
1510 3641 1537 3690 et
1546 3635 1705 3705 apostolicae
1715 3636 1793 3691 sedis

135 3736 188 3794 que
202 3718 511 3791 ecclesiastieojudicio,
527 3722 699 3778 consenserit
725 3730 754 3776 ut
790 3723 936 3777 saeculares
987 3717 1189 3789 decretisque
1198 3718 1264 3772 mihi
1279 3719 1323 3776 hic
1333 3736 1436 3791 ponere
1452 3720 1564 3792 longum
1575 3721 1632 3792 luit,
1645 3724 1710 3778 etin
1723 3740 1794 3796 opu·

130 3807 239 3876 iudices
253 3808 287 3862 ad
303 3808 474 3865 retractanda
490 3824 522 3864 ea
536 3825 597 3881 que
611 3808 726 3864 diffinita
750 3807 868 3878 luerunt,
892 3810 936 3867 vel
986 3804 1062 3860 stolo
1078 3805 1275 3879 quinquaginta
1290 3808 1410 3880 quinque
1431 3808 1620 3881 capitulor'um,
1650 3811 1726 3884 quod
1755 3811 1793 3869 ad

135 3894 170 3950 ad
185 3893 353 3964 diffinienda,
370 3896 404 3951 de
418 3895 517 3967 quibus
528 3897 636 3966 judices
650 3913 809 3969 acceperas,
826 3898 936 3954 demum
984 3900 1061 3948 tuam
1075 3895 1314 3951 commonitionem
1330 3904 1356 3952 et
1370 3897 1569 3954 correctionem
1583 3906 1663 3971 atque
1678 3899 1788 3956 instru-

135 3981 285 4053 acciperes.
303 3984 366 4040 Scio
380 3983 452 4039 euim
467 3992 493 4040 et
508 3993 601 4042 certus
615 4001 676 4040 sum
689 3986 752 4043 hinc
768 3986 843 4041 illum
853 4002 935 4044 cano·
984 3981 1101 4038 ctionem
1115 3982 1164 4038 tibi
1179 3983 1252 4052 dedi,
1268 3994 1347 4055 potes
1363 3985 1498 4059 relegere,
1526 3995 1627 4058 prater
1655 3987 1792 4058 epistolas

132 4069 223 4126 uicum
239 4070 308 4127 scire
319 4071 461 4142 judicium,
479 4080 504 4129 et
519 4072 603 4128 miror
618 4090 650 4131 ac
664 4074 744 4130 doleo
759 4090 809 4131 cur
829 4083 856 4130 tu
883 4077 934 4133 hoc
983 4070 1224 4143 praemissasque
1240 4072 1289 4127 tibi
1304 4073 1393 4129 direxi
1408 4075 1443 4130 ad
1468 4074 1688 4148 redarguendam
1713 4084 1790 4133 tuem

132 4156 225 4215 videre
237 4174 292 4215 uon
306 4158 425 4227 voluisti,
441 4170 487 4217 aut
501 4163 559 4218 Deo
571 4162 663 4231 judice
678 4164 835 4237 arrogantia
845 4179 933 4222 caeca-
983 4158 1173 4225 temeritatem,
1189 4168 1285 4216 contra
1300 4163 1488 4235 evangelicam
1507 4162 1657 4230 veritatem,
1673 4172 1703 4219 tt
1717 4181 1790 4237 θρο-

132 4254 176 4303 tus
190 4261 245 4304 non
259 4247 379 4319 potuisti.
396 4249 500 4323 Inunge
516 4251 600 4324 igitur
614 4252 762 4309 secundum
790 4253 932 4309 eonsilium
983 4246 1105 4303 stolicam
1119 4256 1199 4319 atque
1224 4249 1383 4306 canonicam
1409 4251 1606 4315 auctoritatem,
1632 4261 1789 4326 contraque

130 4333 311 4408 Apocalypsis
325 4335 438 4393 ioannis
454 4339 525 4412 (cap.
550 4355 590 4406 111,
623 4340 667 4410 18)
696 4340 811 4412 collyrio
839 4341 933 4397 oeulos
983 4335 1056 4390 sedis
1070 4336 1226 4407 apostolieae
1240 4337 1358 4405 decreta,
1372 4339 1398 4392 in
1414 4347 1489 4394 tuam
1503 4348 1530 4395 et
1542 4340 1694 4412 perniciem
1715 4342 1790 4398 mul-

130 4431 201 4493 tuos,
217 4432 246 4480 ut
260 4423 355 4482 videas
375 4432 402 4481 et
422 4426 580 4499 albuginem
604 4429 768 4500 arrogantie
787 4429 821 4484 de
850 4430 930 4487 oculo
943 4421 971 4482 b
982 4432 1071 4480 torum
1086 4432 1290 4496 praesumptam,
1309 4427 1378 4482 sicut
1392 4426 1420 4481 in
1435 4427 1539 4501 synodo
1553 4429 1701 4500 plurimum
1724 4431 1789 4504 cpi-

128 4512 236 4580 mentis‚
266 4511 295 4569 id
324 4521 365 4569 est
392 4513 528 4570 intellectu
547 4523 594 4572 tuo
612 4517 729 4586 abjicere
759 4519 874 4575 valeas:
905 4526 931 4575 et
981 4527 1128 4584 scoporum
1142 4520 1183 4567 ost
1211 4515 1441 4585 comprobatum:
1471 4517 1518 4572 sed
1532 4525 1558 4573 et
1585 4525 1686 4589 ptaeter
1715 4518 1789 4576 alias

128 4616 224 4673 pensa,
239 4617 274 4657 ue
291 4599 361 4657 sorte
377 4601 493 4657 domnus
509 4619 568 4670 rex,
598 4619 679 4676 quem
707 4606 787 4662 toties
816 4622 930 4663 eracer-
981 4600 1111 4672 epistolas
1126 4616 1159 4657 ac
1174 4601 1228 4656 alia
1243 4601 1344 4675 scripta
1359 4621 1420 4675 quae
1435 4604 1481 4659 tibi
1497 4605 1593 4675 direxi,
1608 4605 1652 4661 vel
1667 4605 1735 4662 dedi
1751 4609 1789 4665 ad

128 4689 209 4756 hasti,
225 4688 316 4746 sciens
332 4689 422 4746 diviua
434 4690 538 4760 judicia
565 4698 647 4765 atque
675 4693 792 4767 eloquia,
823 4694 887 4752 hinc
902 4695 930 4750 in
980 4689 1212 4760 comprimendam
1226 4698 1299 4745 tuam
1314 4691 1495 4763 insolentiam,
1516 4696 1785 4752 etcommoncndam

129 4777 274 4833 annuendo
289 4778 360 4834 votis
375 4778 429 4834 tuis
444 4778 605 4850 cogitaverit
620 4788 714 4837 contra
738 4797 767 4838 se
782 4783 930 4840 sententias
979 4793 1011 4833 no
1026 4777 1210 4833 instruendam
1224 4786 1298 4834 tuam
1313 4779 1498 4848 dilectionem,
1523 4789 1552 4836 ut
1579 4798 1680 4855 ageres
1707 4785 1787 4855 juxta

127 4863 244 4932 divinas,
260 4863 352 4922 dehis
375 4866 419 4938 qui
448 4866 523 4923 durae
552 4869 668 4925 cervicis
696 4877 722 4926 et
750 4871 929 4928 indomabiles
979 4866 1087 4921 Domini
1103 4865 1203 4921 dictum
1218 4868 1311 4936 (Dent.
1329 4884 1409 4936 xxvi,
1426 4869 1790 4943 27):Quidquaeritltomi·

126 4951 209 5009 eorde
224 4953 362 5022 santoni
377 4958 459 5012 nocet
469 4960 571 5013 noceat
585 4956 688 5028 adine,
705 4964 734 5015 et
749 4961 798 5032 poi
812 4960 844 5015 in
868 4978 928 5017 sor-

124 5041 527 5101 dibasesttordeteotcdbnc
543 5045 640 5119 (ipos.
670 5062 744 5117 ssu,
775 5047 843 5119 ll);
874 5057 926 5104 et:

128 5133 161 5191 ttt
175 5132 318 5204 impleant
330 5135 448 5204 peccato
462 5149 515 5189 sno
529 5150 640 5208 tttnper
654 5136 679 5206 (l
695 5137 771 5193 Tios.
795 5152 826 5206 rr,
857 5141 889 5192 to
906 5139 926 5208 );

134 5226 160 5273 et
176 5235 182 5275 :
198 5220 300 5276 Dimisi
314 5235 359 5276 eos
375 5222 531 5277 secundnm
544 5222 684 5280 desiderio
697 5225 790 5281 cordis
817 5241 925 5297 eornm,

136 5305 219 5363 nont
232 5307 264 5364 in
279 5308 524 5366 adinventionibus
544 5312 604 5367 sois
632 5311 720 5384 (Psoi.
749 5328 838 5381 uxxx,
857 5315 901 5387 13)
917 5333 925 5383 ;

129 5399 179 5450 et:
204 5395 302 5452 Nonne
330 5398 388 5455 baec
415 5398 530 5456 condito
548 5404 616 5456 sent
644 5402 721 5475 opud
747 5418 801 5469 nne,
832 5406 860 5459 et
883 5404 925 5459 si·

123 5483 212 5561 gneio
227 5482 258 5539 in
275 5483 415 5545 tiescvrtt
431 5489 502 5544 neeis
513 5491 525 5544 t
538 5503 602 5545 men
617 5492 661 5547 est
674 5490 746 5548 citio
762 5495 851 5564 stepo
875 5509 923 5550 re·

977 4970 1030 5008 nus
1045 4955 1119 5009 Deus
1134 4962 1195 5011 tuus
1210 4971 1226 5010 a
1241 4963 1277 5027 te,
1293 4956 1346 5012 nisi
1359 4964 1387 5012 ut
1403 4957 1497 5013 timeas
1517 4958 1662 5014 Dominum
1693 4961 1785 5018 Deum

978 5050 1063 5108 tuum,
1080 5051 1107 5098 et
1121 5042 1205 5100 facias
1219 5044 1385 5102 voluntatem
1400 5046 1468 5116 ejus,
1498 5046 1664 5120 obediasque
1694 5048 1786 5121 ipsius

976 5130 1091 5202 imperio
1105 5130 1119 5185 i
1131 5130 1206 5200 Quae,
1222 5131 1316 5199 irater,
1335 5133 1449 5191 sollicita
1461 5135 1553 5191 cordis
1564 5135 1716 5193 intentione
1742 5155 1788 5196 re-

976 5218 1063 5287 volve,
1081 5227 1108 5274 et
1128 5220 1252 5294 recogita
1273 5221 1337 5293 quid
1360 5221 1395 5277 sit
1417 5223 1490 5294 quod
1512 5223 1627 5279 dixisti:
1652 5223 1727 5294 Quia
1749 5243 1785 5283 cr

976 5314 1038 5363 tunc
1055 5308 1164 5379 quando
1179 5308 1245 5364 mihi
1260 5308 1365 5365 litteras
1378 5310 1438 5365 ibas
1467 5311 1574 5380 misisti,
1589 5319 1620 5367 ut
1641 5314 1785 5387 archiepi-

975 5409 1058 5468 scopo
1073 5396 1252 5469 coepiscopus
1267 5400 1456 5470 obtemperare
1471 5400 1552 5456 debet
1562 5401 1706 5472 canomce,
1724 5403 1782 5461 sci-

974 5506 1033 5548 rem
1060 5492 1175 5567 obsequi
1202 5493 1268 5549 mihi
1298 5503 1324 5554 te
1346 5511 1402 5553 uon
1419 5511 1512 5570 posse,
1533 5504 1560 5555 et
1581 5512 1683 5557 revoca
1717 5507 1784 5560 aute
