3794 6104
126 232 178 286 755

812 228 961 285 touNNts
979 229 1076 287 PAPAE
1096 234 1165 288 Vlil.

1724 242 1772 296 'lbi

126 353 172 420 rit,
186 354 300 410 tuitione
314 363 471 428 protegere,
488 362 513 408 et
528 353 649 420 illaesam,
676 369 726 408 oen
746 353 828 407 liliam
852 350 960 411 cha-A
976 353 1073 408 tellites
1087 370 1151 410 suos
1165 370 1214 426 per
1228 354 1287 411 dies
1301 356 1435 426 plurimos
1450 357 1568 414 retinere
1584 358 1659 426 lecit,
1681 375 1713 416 ao
1736 363 1771 419 sic

127 443 273 511 tissimum,
291 458 453 499 conservare
468 442 645 508 studebimus,
664 442 686 495 si
702 442 736 495 ad
753 442 839 512 ipsius
858 457 927 511 apo-

129 531 260 586 stolorum
282 531 411 601 principis
435 529 528 583 limina
552 529 630 584 vobis
652 530 745 584 seruire
770 529 925 601 contigerit.

129 621 248 675 interim
259 623 420 689 confortare
430 619 597 684 irritamina,
609 618 657 689 qui
667 619 884 673 consolaturum
895 618 927 671 t'n

128 709 265 771 omnibns,
276 707 513 777 necpntietaroos
533 708 640 760 tentori
658 706 784 777 snprald
794 705 865 777 quod
879 720 928 776 po·

128 794 273 860 testis-sed
279 793 367 865 sucat
377 809 442 848 cnm
454 795 609 849 tentatione
619 797 795 862 prouentum,
804 797 837 848 ot
843 793 929 865 possi·

129 882 352 949 tissastincrcss
368 882 426 937 Cor.
444 881 485 950 x).
511 882 550 935 De
570 889 671 936 aaetero
696 889 786 935 autem
811 896 842 935 ea
866 895 927 951 quae

127 969 286 1035 mandastis,
321 969 413 1023 multis
446 969 645 1039 impedimentis
685 969 820 1039 occupati,
868 984 927 1039 quae

129 1055 257 1129 praefatus
267 1073 359 1112 comes
370 1073 431 1111 cum
443 1056 637 1127 multiplicibus
649 1056 755 1111 insidiis
766 1056 843 1110 nobis
853 1072 926 1126 praa-

128 1146 203 1216 pa'rat
226 1146 353 1217 cupitque
377 1144 477 1200 inlerre
500 1145 629 1216 quotidie,
652 1144 783 1215 perficere
801 1144 926 1215 nequivi·

127 1250 205 1297 mus;
235 1241 263 1287 at
292 1234 349 1288 Deo
378 1233 597 1303 tranquillitatem
613 1233 750 1303 vitamque
778 1233 924 1302 praebente,

128 1328 224 1376 cuncta
248 1337 308 1391 quae
333 1328 430 1376 vestrae
463 1320 592 1375 voluntati
616 1320 688 1374 utilia
717 1328 788 1384 sunt,
823 1320 926 1374 lubenti

978 450 1080 497 tantam
1095 443 1231 499 ciuitatem
1246 445 1369 500 invasam
1385 447 1513 512 retinnit,
1529 447 1566 501 ita
1580 456 1685 502 sanent
1698 449 1771 506 nobis

978 531 1049 600 apud
1066 531 1175 585 beatum
1200 533 1308 588 Petrum
1328 535 1552 600 consistentibus,
1579 534 1684 591 nnllam
1705 537 1773 593 urbis

977 618 1070 674 Romae
1084 627 1256 689 potestatem.
1272 637 1289 675 a
1303 621 1355 691 piis
1371 622 1584 692 imperatoribus
1600 625 1684 679 beato
1698 625 1771 681 Petro

976 705 1092 776 principi
1107 708 1289 778 apostolorum
1306 709 1418 781 ejusque
1432 711 1539 766 vinariis
1564 712 1704 778 traditam,
1727 714 1771 768 hn-

978 793 1111 849 beremus.
1122 795 1220 851 Sacras
1234 805 1323 852 autem
1339 799 1455 865 litaniaS,
1472 799 1619 870 episcopos
1644 807 1671 854 et
1691 816 1771 856 sacer·

976 882 1064 952 dotes,
1080 892 1160 955 atque
1182 901 1278 939 servos
1300 885 1359 952 Dei,
1385 903 1418 941 ex
1438 903 1513 942 more
1538 887 1722 949 celebrantes.
1749 898 1771 945 ot

976 970 1009 1023 ad
1024 971 1169 1026 eeclesiam
1185 973 1270 1027 sancti
1286 973 1357 1027 Petri
1377 973 1469 1030 venire
1497 975 1634 1038 volentes,
1664 975 1771 1032 fustibus

977 1059 1082 1113 credere
1098 1075 1130 1114 ao
1144 1060 1304 1132 dispergere
1318 1060 1389 1126 iecit,
1407 1061 1549 1134 intulitque
1562 1063 1645 1119 nobis
1671 1073 1769 1121 contut-

977 1147 1017 1200 ria
1032 1157 1133 1217 quanta
1148 1148 1213 1202 nulli
1241 1165 1439 1219 praecessorem
1469 1158 1632 1207 nostrorum
1659 1169 1769 1224 unquam

975 1233 1048 1290 iacta
1063 1234 1172 1289 suerunt
1188 1253 1194 1290 :
1211 1238 1354 1308 existitque
1369 1246 1479 1308 paratus
1494 1239 1574 1294 nobis
1590 1240 1693 1295 iterum
1716 1257 1768 1296 ma·

973 1322 1033 1391 Jora
1048 1323 1157 1388 inferre,
1174 1325 1251 1392 cujus
1267 1324 1305 1379 rei
1320 1341 1401 1380 causa
1416 1326 1565 1382 nescimus.
1576 1327 1766 1398 Quamobrem,

126 1410 218 1465 animo
231 1409 414 1481 perliciemus,
441 1408 539 1478 quibus
561 1416 652 1463 vester
674 1410 761 1462 honor
781 1415 806 1461 et
830 1408 926 1479 gloriae
976 1410 1037 1480 quia
1053 1419 1175 1465 nostrum
1191 1411 1371 1467 ministerium
1385 1422 1426 1468 est
1440 1430 1489 1483 pro
1512 1415 1597 1469 totius
1620 1416 1769 1472 Christiani·

127 1499 207 1571 vigor
221 1498 409 1553 incunctanter
428 1505 557 1567 appareat
580 1496 697 1568 integer.
725 1498 843 1550 Dextera
870 1496 925 1550 Do·
976 1498 1038 1551 tatis
1052 1497 1139 1553 salute
1155 1499 1299 1554 Dominum
1329 1501 1439 1555 assidue
1467 1502 1623 1572 deprecari,
1653 1513 1683 1558 ut
1710 1520 1767 1560 oues

128 1587 194 1641 mini
209 1602 258 1641 vos
273 1586 301 1639 in
316 1584 440 1639 omnibus
462 1584 574 1638 illaesam
598 1599 759 1639 conservare
783 1583 917 1656 dignetur.
975 1601 1043 1656 quas
1059 1586 1181 1641 Christus
1202 1589 1274 1642 Deus
1304 1597 1396 1643 noster
1424 1589 1504 1644 nobis
1532 1590 1559 1644 in
1590 1592 1671 1646 heato
1698 1593 1768 1649 Petro

129 1679 196 1731 Data
221 1678 254 1730 nt
268 1689 363 1744 supro.
939 1675 1188 1760 Bcommendavit,
1201 1676 1313 1747 jugibus
1329 1676 1399 1732 uotis
1414 1685 1440 1732 et
1455 1678 1586 1748 precibus
1605 1680 1641 1735 ad
1669 1687 1768 1737 aeterne

978 1763 1038 1817 ritae
1053 1778 1154 1832 pascua
1169 1763 1316 1833 perducere
1331 1765 1481 1833 valeamus,
1499 1767 1686 1822 voluissemus
1699 1767 1766 1823 debi-

323 1864 359 1902 ει)
374 1862 571 1903 annunciamus
596 1863 727 1903 contras.
975 1859 1030 1904 tam
1045 1851 1146 1905 babere
1162 1851 1280 1921 quietern
1297 1869 1303 1905 :
1321 1853 1369 1906 sed
1385 1852 1462 1908 illoa
1485 1854 1579 1923 prauis
1606 1855 1766 1929 cogitationi·

435 1937 525 2007 (Anno
540 1939 615 2007 878.)
975 1934 1026 1987 bns
1040 1942 1067 1988 et
1081 1934 1185 1989 actibus
1198 1951 1228 1989 se
1241 1951 1296 1990 non
1318 1937 1481 2002 retrahente,
1506 1938 1574 2008 quin
1600 1939 1692 2009 potius
1714 1955 1762 2005 nos,

131 2031 216 2100 Rogat
226 2031 259 2082 nt
266 2026 432 2098 imperatori
441 2025 557 2080 nuntiet
567 2041 654 2096 quaa
672 2025 815 2080 lamberto
835 2027 926 2079 ltomoe
976 2038 1036 2076 oum
1047 2021 1163 2076 inimicis
1178 2030 1205 2076 et
1220 2020 1374 2080 infidelibus
1388 2025 1498 2087 nostris,
1517 2041 1587 2096 quos
1603 2026 1646 2080 bis
1668 2028 1724 2096 jam
1742 2034 1761 2082 et

146 2096 922 2171 .llssrl’e'rsswllmdefflneOperamllt⁶⁰m⁶0mll⁸³ffl²=
975 2118 1016 2164 ter
1030 2111 1277 2165 excommunicatos
1305 2119 1331 2166 et
1361 2112 1604 2169 anathematizatos
1631 2115 1758 2184 habemus,

163 2203 266 2258 Dilecto
289 2201 344 2256 filio
367 2201 550 2255 Banannanro
578 2201 700 2272 glorioso
728 2200 820 2254 romiti
849 2185 925 2269 regia
972 2198 1075 2267 juncto,
1092 2214 1197 2252 rursum
1214 2201 1323 2254 turnare
1337 2200 1463 2266 volente;
1487 2217 1619 2274 rogamus
1648 2203 1758 2258 nobilita·

125 2290 253 2363 prosapia
268 2298 338 2344 orto.
975 2296 1027 2340 tem
1043 2295 1161 2341 restrum
1176 2295 1204 2340 ut
1218 2303 1268 2357 pro
1283 2301 1376 2343 amore
1392 2288 1451 2355 Dei,
1468 2297 1494 2344 et
1519 2291 1606 2346 sancti
1631 2290 1709 2358 Petri,
1733 2306 1757 2347 aa

162 2380 250 2435 Lectis
262 2377 408 2433 nobilitatis
424 2385 523 2431 uestrae
533 2376 639 2442 litteris,
652 2377 713 2447 quia
742 2375 923 2431 sinceritatem
974 2382 1076 2439 nostro,
1093 2375 1151 2430 haec
1167 2375 1258 2429 omnia
1272 2384 1298 2429 et
1313 2376 1514 2431 carolomanno
1529 2377 1656 2450 glorioso
1670 2379 1721 2452 regi
1737 2387 1756 2434 et

129 2486 161 2525 ac
176 2468 361 2529 devotionem,
378 2481 455 2520 mora
475 2464 735 2535 scilioctpareutum
759 2472 923 2525 uestrorum,
974 2463 1106 2533 spirituali
1133 2463 1188 2517 silio
1221 2472 1312 2518 nostro
1345 2465 1455 2536 cognita
1486 2465 1609 2531 faciatis,
1645 2476 1754 2538 quatenus

129 2557 330 2626 circanospro
346 2569 440 2609 amore
469 2554 532 2608 Jesu
558 2553 654 2607 Cbristi
670 2552 777 2607 Domini
797 2561 823 2607 et
852 2552 924 2607 beati
977 2551 1067 2603 missis
1081 2550 1203 2620 apicibus
1219 2551 1284 2615 suis,
1302 2553 1453 2606 eumatali
1467 2555 1683 2624 praesumptione
1696 2570 1751 2610 con·

126 2645 199 2699 Petri
213 2644 396 2714 apostolorum
413 2641 543 2712 principis
558 2641 720 2701 reverentia.
744 2656 792 2694 vos
821 2640 924 2695 babere
974 2646 1080 2708 poscat,
1100 2648 1126 2692 et
1158 2639 1230 2708 quod
1263 2648 1383 2709 tempore
1415 2650 1560 2709 parentum
1591 2642 1661 2698 illius
1690 2643 1749 2697 sedes

126 2730 533 2804 ingentemreperimus,mnlta
549 2738 645 2784 rostrae
658 2728 795 2783 mellifluae
811 2728 923 2784 locutio·
974 2726 1119 2796 apostolica
1137 2742 1190 2780 non
1204 2727 1338 2791 sustinuit,
1355 2727 1412 2796 ejus
1439 2744 1494 2783 non
1523 2730 1641 2799 patiatur
1666 2731 1747 2795 diebus,

126 2821 169 2874 nis
184 2819 327 2875 dulcedine
343 2834 436 2871 sumus
464 2818 574 2871 omnino
602 2817 708 2887 repleti,
739 2817 776 2870 ita
803 2825 831 2869 ut
861 2831 923 2870 eum
973 2822 999 2868 et
1015 2815 1111 2868 restris
1126 2814 1249 2869 similiter
1264 2815 1359 2868 litteris
1375 2817 1501 2871 eumdem
1517 2818 1663 2874 admonete
1684 2817 1747 2874 corri-

111 2907 270 2961 .Psalmista
285 2907 375 2960 dicere
395 2905 532 2975 possimus
549 2923 555 2957 :
575 2905 663 2970 Quom
678 2905 773 2959 dulcia
791 2905 922 2974 saucibus
974 2903 1083 2972 piteque
1094 2902 1274 2970 lambertum,
1292 2912 1319 2957 ut
1334 2903 1437 2958 nullam
1451 2904 1486 2960 de
1502 2914 1604 2962 cratero
1620 2907 1746 2962 contrarie·

126 2994 196 3049 meis
206 2995 317 3066 etoquia
331 2992 621 3057 enumeraturum.)
637 2992 722 3059 Hujus
736 3007 852 3062 namque
868 2991 920 3046 bo·
975 2997 1056 3044 tatem
1071 2991 1150 3045 nobis
1165 2991 1288 3061 ingerere
1302 3000 1457 3062 prasumat,
1474 3009 1508 3048 eo
1536 2994 1610 3065 quod
1638 2983 1685 3051 neo
1706 2996 1746 3048 beo

123 3081 215 3136 nitatis
230 3081 314 3136 decus
342 3080 469 3134 eximium
497 3095 528 3134 ex
558 3079 681 3133 moribus
708 3079 760 3148 pire
787 3079 924 3134 memoriae
974 3095 1023 3132 nec
1038 3079 1118 3133 alicui
1138 3080 1225 3132 Deum
1253 3079 1366 3144 timenti,
1397 3080 1455 3149 ejus
1483 3083 1643 3137 temeritatis
1668 3085 1746 3154 plaratt

125 3169 287 3226 nobilissimi
302 3169 439 3241 quondam
454 3167 587 3240 genitoris
601 3167 684 3222 vestri
699 3184 747 3223 vos
761 3168 869 3221 trahere
885 3168 924 3221 in·
974 3165 1096 3221 effectus.
1114 3167 1141 3221 Si
1156 3182 1220 3222 vero
1234 3167 1306 3221 idem
1322 3168 1481 3223 lambertus
1496 3185 1548 3224 nos
1568 3172 1691 3243 persequi
1707 3184 1745 3223 nou

125 3258 279 3313 dubitanter
293 3257 494 3329 cognoscimus,
508 3256 555 3326 qui
572 3255 684 3327 dignum
705 3271 814 3325 semper
838 3257 924 3311 hono-
973 3255 1104 3317 omiserit,
1122 3270 1172 3309 nos
1183 3256 1239 3323 jam
1254 3255 1327 3310 dicto
1343 3256 1398 3327 regi
1415 3256 1511 3312 fideles
1526 3259 1607 3314 amici
1621 3275 1679 3314 esse
1699 3273 1745 3329 qao

126 3363 184 3402 rem
199 3347 225 3401 e't
252 3346 325 3417 piam
354 3345 533 3400 reverentiam
563 3344 783 3399 antecessoribus
811 3345 920 3415 nostris,
973 3343 1055 3396 niodo
1070 3358 1226 3412 possumus,
1241 3343 1310 3413 qnia
1319 3343 1377 3412 ejus
1394 3360 1423 3399 se
1439 3345 1580 3402 uoluntate
1599 3348 1679 3415 jnotat
1700 3345 1745 3400 talia

124 3435 209 3490 sacris
224 3433 350 3489 videlicet
376 3431 558 3503 pontificibus,
580 3433 710 3487 erdribere
741 3440 796 3487 tota
823 3431 922 3486 mentis
972 3431 1688 3505 ageretEtideonosudjuvare.siuntsnpradietum
1706 3441 1742 3498 est,

124 3523 263 3579 alacritate
279 3522 405 3576 studebat
424 3530 450 3576 et
475 3521 537 3575 ideo
555 3521 675 3592 pulc-brae
696 3521 846 3589 juventutis
871 3535 920 3575 ve·
972 3527 1134 3589 procurate;
1152 3535 1214 3573 nam
1228 3534 1279 3574 nos
1294 3536 1327 3575 ea
1342 3537 1402 3591 quae
1418 3529 1517 3576 uestrae
1545 3521 1645 3578 luerint
1669 3523 1744 3594 placitu

123 3619 185 3666 strae
199 3610 296 3666 llorem
320 3610 354 3665 de
378 3610 468 3665 radica
489 3610 563 3678 justa
587 3609 766 3679 prodeuntem
789 3609 922 3663 Dominus
972 3608 1100 3662 voluntati
1116 3607 1294 3662 libentissima
1309 3606 1440 3678 perficere
1451 3610 1633 3678 studebimus,
1645 3628 1676 3668 eo
1692 3608 1744 3682 quod

123 3699 287 3754 exercituum
303 3698 410 3767 pietatis
426 3714 481 3752 snae
495 3697 584 3769 gratia
596 3697 731 3752 custodiet
746 3697 918 3764 incolumem,
971 3711 1019 3749 vos
1034 3695 1095 3750 loco
1110 3695 1286 3749 amantissimi
1301 3694 1358 3762 filii,
1383 3697 1501 3768 quandin
1525 3699 1680 3765 vixerimus,
1700 3697 1745 3752 reti-

122 3785 256 3856 lacietque
271 3801 404 3856 prospere
418 3785 513 3857 vigere
527 3784 555 3838 in
571 3785 695 3838 omnibus
709 3793 735 3839 et
750 3785 784 3839 ad
806 3800 920 3854 prospe·
970 3800 1046 3847 nere,
1064 3791 1218 3854 nostraque
1226 3783 1357 3840 Ecclesiae
1372 3800 1471 3840 causas
1480 3788 1649 3842 necessarias
1662 3800 1745 3859 perros

123 3888 284 3944 ramusque
300 3871 380 3925 baem
396 3873 533 3941 perducet.
550 3872 730 3942 erapropter,
748 3871 919 3927 filiicharis-
970 3870 1103 3940 perficere
1119 3880 1251 3941 optamus.
1270 3873 1402 3927 Praeterea
1431 3875 1557 3929 homines
1586 3872 1743 3945 uesuos,qui

123 3960 201 4021 sime,
218 3975 290 4029 saepe
306 3958 441 4013 voluimus
456 3967 553 4013 vestrae
568 3959 689 4014 scribere
705 3959 852 4024 dilectioni,
865 3975 919 4014 non
970 3960 1098 4014 orationis
1114 3976 1194 4015 causa
1209 3977 1257 4030 pro
1273 3961 1329 4015 suis
1353 3961 1459 4017 delictis
1482 3964 1630 4018 Dominum
1657 3961 1743 4018 miseri-

123 4046 210 4101 solum
226 4055 347 4100 nostram
363 4046 440 4100 robis
455 4046 569 4100 salutem
593 4046 797 4110 innotescendo,
821 4047 869 4101 sed
893 4056 919 4102 et
969 4049 1081 4102 sordem
1097 4049 1233 4118 precaturi
1248 4065 1348 4104 venere
1360 4050 1394 4103 ad
1411 4050 1504 4105 limina
1519 4053 1606 4107 sancti
1620 4053 1693 4113 Petri,
1706 4063 1742 4120 pro

123 4134 157 4188 de
184 4143 277 4189 vestra
304 4134 483 4204 prosperitate
512 4142 592 4205 atque
613 4134 795 4189 incolumitate
823 4136 918 4191 erudire
969 4144 1059 4190 uestro
1073 4136 1282 4208 ingentiamore
1298 4137 1416 4210 benigne
1432 4139 1597 4209 recepimus,
1614 4139 1741 4209 nostrisque

490 1760 556 1814 cvl.

24 4274 30 4282 ‚
121 4221 274 4293 cupiendo;
291 4223 340 4278 sed
354 4238 408 4276 non
422 4222 508 4277 solum
526 4239 692 4295 paganorum
702 4223 808 4278 crebris
818 4224 918 4295 ubique
968 4224 1125 4293 apostolicis
1147 4224 1380 4280 benedictionibus
1399 4224 1631 4295 confirmavimus,
1659 4244 1684 4283 ac
1705 4239 1742 4296 per

67 4355 74 4363 .
120 4311 328 4376 incursionibus,
346 4326 440 4365 verum
459 4311 540 4366 etiam
568 4311 781 4365 Christianorum
812 4312 918 4367 insidiis
967 4329 1016 4367 eos
1045 4321 1146 4367 nostrae
1171 4312 1366 4368 incolumitatis
1395 4314 1520 4380 salutem,
1556 4317 1624 4372 sicut
1649 4313 1738 4387 petistis.

118 4399 276 4455 circumdati
291 4399 473 4470 nequivimus
491 4402 523 4454 Λι
537 4416 617 4464 nune,
635 4400 762 4470 quoniam
779 4401 836 4455 Deo
857 4401 915 4454 dis·
931 4396 1103 4471 Dcognitnm
1119 4399 1179 4455 deri
1193 4401 1382 4466 decrevimus;
1398 4412 1424 4457 et
1438 4403 1555 4473 petimus
1579 4413 1607 4458 nt
1635 4405 1682 4460 cito
1703 4414 1739 4454 nos

118 4496 237 4560 ponente
260 4496 368 4558 tempus
400 4488 489 4543 evenit
520 4498 717 4558 opportunum,
752 4489 918 4545 excellentiae
968 4488 1179 4544 uestrislitteris
1200 4488 1330 4545 latificat
1358 4506 1412 4544 non
1442 4493 1662 4560 praetennittatis.
1686 4491 1738 4544 bens

118 4585 218 4633 vestrae
233 4593 293 4648 quae
309 4584 334 4631 et
349 4576 439 4647 qualia
455 4593 547 4630 snmus
562 4592 612 4631 nos
628 4593 690 4630 eum
711 4584 767 4631 tota
792 4577 918 4632 Ecclesia
968 4577 1139 4647 omnipotens
1162 4578 1277 4648 gloriam
1306 4587 1424 4632 vestram
1452 4578 1537 4651 longa
1564 4597 1614 4650 per
1639 4588 1736 4650 tempora

118 4674 144 4721 et
160 4665 266 4720 civitate
281 4665 401 4720 Romana
415 4665 566 4734 perpessis
581 4664 725 4719 Lamberto
739 4666 846 4731 comite,
871 4682 917 4719 ue·
967 4664 1097 4719 illibatam
1110 4665 1253 4728 custodiat,
1271 4664 1431 4720 citatissime
1455 4665 1501 4720 sili.

118 4752 165 4806 luti
180 4752 235 4808 silio
251 4753 410 4809 charissimo
424 4761 450 4808 et
469 4751 541 4807 fideli
566 4753 653 4807 amieo
673 4753 825 4807 referimus.
849 4753 916 4807 Cum
1356 4808 1365 4831 γ

117 4840 208 4910 itaque
218 4841 348 4909 predicto
359 4841 499 4896 Lamberto
515 4840 599 4895 multa
616 4840 736 4911 quotidie
750 4841 821 4895 bona
836 4842 916 4896 iecis—
1146 4910 1152 4920 .
1166 4910 1172 4919 .
1321 4807 1357 4861 m
1368 4808 1402 4861 Π·

118 4942 219 4993 semus,
240 4927 406 4999 dignumque
421 4928 650 4998 impendissemus
672 4929 805 4983 honorem
834 4945 916 4999 supra
1033 4909 1069 4948 ¹⁴⁰
1082 4909 1211 4949 mum
1227 4910 1466 5054 ῃῒὲᾘὲπῦζῗζ
1491 4912 1685 4953 'mmm'

116 5032 196 5087 quam
211 5023 401 5072 antecessores
416 5018 499 5071 nostri
515 5017 672 5087 parentibus
688 5017 759 5070 illius
776 5016 913 5078 iecissent.

117 5105 175 5175 ipse
190 5119 239 5175 pro
254 5103 333 5158 bonis
347 5105 418 5158 mala
433 5105 594 5170 retribuens,
611 5105 726 5160 collecta
741 5104 832 5175 populi
847 5105 916 5158 mul·
966 5090 1089 5161 Exl'ffllll
1099 5090 1174 5143 ”²⁰¹⁰
1185 5105 1245 5181 (Μ
1260 5105 1277 5142 (²
1296 5089 1441 5145 Lstmbem
1461 5093 1565 5147 mmm
1584 5094 1674 5150 Rom&
1690 5092 1743 5147 ³¹⁸st‘

999 5181 1188 5249 perpatrntn;
1211 5193 1293 5249 acque
1314 5179 1345 5232 t'n
1367 5179 1489 5234 Galliam
1506 5180 1543 5234 ad
1554 5182 1746 5253 implorandam

116 5193 239 5256 titudine,
255 5209 336 5247 omne
351 5193 514 5247 terrilorium
537 5195 623 5248 sancti
651 5194 723 5247 Petri
752 5193 857 5258 invasit,
889 5200 915 5248 et

117 5281 188 5349 quod
203 5280 351 5336 defendere
366 5281 447 5335 debet
462 5281 497 5334 ab
512 5282 644 5347 hostibus,
666 5282 805 5352 tyrannice
828 5281 915 5335 domi·
1001 5266 1146 5320 “ulmum
1158 5264 1289 5319 “siverim
1299 5281 1361 5320 eum
1371 5265 1484 5321 iturum
1494 5270 1631 5324 Wss’llm·

117 5374 196 5421 natur
210 5368 333 5424 invasum
351 5388 358 5424 :
375 5369 503 5442 venitque
519 5370 642 5431 Romam,
660 5380 686 5425 et
700 5370 778 5440 qnasi
789 5370 915 5423 iuimicus
1001 5387 1236 5444 pffi-esgndjsgpm
1255 5398 1281 5443 01
1301 5389 1473 5445 sanctissimo
1500 5391 1606 5446 103⁸„
1626 5391 1753 5462 archippi.

118 5469 223 5535 portam
239 5464 353 5521 ciuitatis
369 5467 498 5522 Romanas
520 5467 655 5521 violenter
682 5467 802 5538 rapiens,
824 5476 850 5520 et
870 5482 913 5520 sa·
965 5493 1049 5546 scopo
1064 5476 1213 5532 Rauennati
1228 5475 1358 5531 confratri
1373 5486 1478 5533 110821‘0·

999 5563 1190 5621 Unanimitatis
1204 5571 1300 5619 vestrae
1328 5563 1524 5624 fraternitatem
1550 5566 1682 5641 ignorare
1708 5584 1759 5625 uon
