3826 6098
83 211 155 268 ron
546 210 595 267 nn
616 209 760 268 casinus
774 204 991 266 nonxsrnnn
1006 207 1034 265 s,
1055 207 1168 266 cxxxx.
1662 194 1730 268 tora

84 333 257 402 condonavit,
283 333 356 408 quod
371 341 397 390 et
411 333 534 406 protinus
548 351 605 392 suae
627 333 796 392 auctoritatis
811 349 880 391 con·
893 332 967 395 Aad
981 334 1179 406 supportandos
1192 332 1283 390 varios
1304 347 1395 402 casus,
1411 332 1457 405 qui
1471 349 1543 392 nunc
1558 333 1639 391 etiarn
1653 335 1731 407 prio-

84 424 231 495 scriptione
245 422 363 479 firmavit
377 433 400 479 ⁸.
934 422 1009 477 ribus
1022 422 1170 494 ampliores
1193 421 1330 477 variamtur
1343 421 1370 476 in
1385 421 1495 478 mundo.
1512 422 1593 491 Cujus
1608 424 1649 479 rei
1662 439 1731 480 con·

120 512 264 581 Quendam
275 512 356 568 etiam
370 520 490 569 montem
501 512 581 568 situm
596 513 625 568 in
639 512 730 569 iiretia
741 511 883 580 curiense,
934 527 1043 567 sensum
1060 527 1149 583 neque
1170 511 1241 583 apud
1256 510 1458 581 imperatorem,
1481 527 1570 582 neque
1584 512 1656 582 apud
1669 528 1731 569 mo-

80 600 110 656 in
125 617 180 672 quo
203 609 361 657 constructa
376 609 417 656 est
438 601 551 658 basilica
566 602 650 658 sancti
665 600 783 657 Victoris
807 616 884 655 mar·
934 601 1036 656 naahas
1051 598 1129 656 iacile
1152 599 1239 670 potuit
1261 599 1394 654 invenire.
1421 599 1475 654 Sed
1490 615 1552 655 cum
1575 599 1619 655 ille
1633 600 1731 656 diutis-

81 687 160 760 tyris,
177 688 254 759 cujus
269 697 295 745 et
310 690 419 746 nomine
434 698 548 747 vocatur
562 689 635 745 idem
651 690 727 746 locus
741 689 820 744 lions
835 688 884 743 Vi·
934 688 1002 743 sime
1018 696 1044 743 et
1059 687 1216 745 omnimodo
1231 687 1258 742 in
1271 687 1321 744 bac
1339 686 1498 758 persisteret
1510 687 1649 759 petitione,
1665 695 1732 744 aeta·

83 776 178 846 eteris,
203 777 264 849 ipso
286 785 408 850 tempore
430 779 465 834 ad
486 778 682 835 monasterium
704 777 791 834 sancti
813 776 885 832 Galli
934 775 968 829 tis
983 793 1040 832 suae
1049 777 1141 848 sepius
1155 776 1292 832 causando
1303 776 1491 850 gravedinem,
1506 775 1616 831 tandem
1626 774 1732 833 diffieil-

83 866 258 932 contradidit,
282 865 470 939 firmitatisque
496 875 600 924 cartam
625 866 703 940 regia
727 865 884 921 auctoritate
933 863 997 919 lime
1035 864 1195 937 adquisitam
1226 864 1304 920 istius
1342 865 1479 937 petitionis
1507 865 1540 919 ab
1567 864 1732 936 imperatore

83 953 182 1009 exinde
209 954 268 1009 iteri
290 956 371 1024 jussit
392 960 414 1025 b,
435 964 552 1028 rogante
572 955 691 1011 Eusebio
716 955 883 1027 scottigena,
935 952 1054 1023 suscepit
1067 954 1287 1023 promissionem.
1305 953 1422 1009 Proinde
1437 953 1513 1009 laetus
1528 953 1610 1025 erepit
1625 955 1660 1009 ad
1674 955 1733 1011 ltaec

84 1042 131 1113 qui
144 1041 246 1098 ibidem
262 1059 312 1113 per
326 1046 361 1099 30
376 1059 463 1099 annos
480 1051 628 1114 spontanee
644 1043 754 1098 clausus
769 1042 884 1097 Domino
934 1039 995 1110 ipsa
1010 1040 1119 1113 negotia
1133 1058 1288 1113 congruens
1302 1042 1440 1113 inquirere
1456 1049 1570 1114 tempus.
1586 1042 1732 1115 Aliquanto

83 1130 240 1197 serviebat3
256 1146 329 1186 anno
353 1148 417 1188 vero
432 1131 625 1188 incarnationis
649 1131 798 1187 Dominicis
821 1132 883 1200 884,
934 1144 1000 1184 vero
1015 1136 1167 1199 temporum
1183 1138 1336 1186 transeunte
1362 1131 1506 1200 curriculo,
1525 1130 1637 1204 contigit
1651 1131 1731 1187 dom-

83 1218 172 1289 pridie
188 1218 302 1274 Kalend.
323 1220 465 1276 Februarii
480 1221 514 1276 de
529 1221 581 1276 bac
596 1220 656 1277 luce
671 1219 705 1274 ad
718 1219 806 1275 lucem
830 1217 884 1273 mi·
915 1216 999 1271 'num
1014 1217 1208 1289 imperatorem
1226 1219 1261 1274 de
1276 1218 1352 1273 ltalia
1366 1219 1525 1275 redeuntem
1549 1228 1673 1275 nostrum
1686 1220 1731 1276 in-

83 1307 174 1378 gravit
188 1324 340 1378 perennem
354 1317 375 1364 ⁰.
934 1312 1007 1361 trare
1021 1306 1235 1374 monasterium;
1250 1307 1298 1361 ubi
1313 1323 1374 1362 cum
1389 1308 1507 1364 maxima
1522 1308 1632 1363 laudum
1645 1310 1731 1365 hono-

119 1397 266 1468 Postquam
287 1412 353 1453 uero
379 1396 452 1452 idem
476 1395 591 1454 Carolus
615 1396 719 1452 Italiam
743 1395 885 1469 ingressus
934 1393 1066 1450 rilicentia
1082 1403 1294 1467 cunctorumque
1304 1410 1359 1451 non
1373 1411 1457 1466 parva
1468 1396 1556 1452 letitia
1570 1396 1665 1453 luisset
1675 1415 1732 1454 sus·

83 1482 197 1554 pacifice
220 1501 280 1540 eam
295 1500 345 1541 sno
369 1486 523 1557 subjugavit
547 1485 672 1557 imperio,
698 1485 780 1540 alium
803 1485 886 1540 etiam
935 1491 1029 1552 ceptus
1043 1490 1067 1548 ⁸,
1089 1482 1239 1554 ipseetiam
1253 1483 1330 1539 laetus
1346 1483 1433 1537 triduo
1448 1484 1549 1539 ibidem
1571 1487 1729 1557 permansit.

81 1569 173 1627 locum
188 1571 216 1626 in
224 1589 296 1644 pago
307 1590 390 1644 supra
403 1573 477 1630 dicto
488 1574 611 1630 similiter
621 1573 705 1646 regiae
715 1572 885 1629 auctoritatis
934 1571 1008 1626 Tunc
1023 1563 1088 1626 ver'o
1104 1570 1269 1626 venerabilis
1283 1570 1368 1625 abbas
1392 1573 1545 1627 Hartmotus
1569 1581 1733 1643 oportunum
1836 1620 1840 1634 .

83 1659 204 1715 dominio
220 1662 380 1733 caedentem,
392 1661 502 1718 nomine
512 1662 672 1728 stamheim,
685 1678 748 1718 cum
759 1663 884 1717 omnibus
898 1667 1043 1747 Btempus
1059 1675 1115 1715 suaa
1126 1659 1256 1715 voluntati
1271 1674 1413 1715 occurrere
1423 1660 1548 1729 eredens,
1560 1660 1733 1732 imperatoris

84 1748 120 1803 ad
134 1748 210 1803 illum
230 1750 430 1820 pcrtinentibus
453 1759 547 1807 sancto
571 1752 684 1807 Otmaro
708 1750 885 1822 imperatoria
936 1747 1118 1817 elementiam,
1137 1756 1164 1803 ut
1181 1764 1236 1804 suae
1251 1746 1441 1819 promissionis
1464 1764 1571 1804 memor
1593 1749 1731 1822 existeret,

83 1837 249 1892 contradidit
264 1846 406 1908 potestate,
431 1840 566 1911 hujusque
592 1839 746 1895 donationis
770 1837 885 1894 firmita-

84 1932 138 1980 tem
152 1925 301 1997 imperialis
317 1927 411 1999 scripti
431 1935 567 2000 praecepto
582 1926 738 1983 firmissime
753 1928 885 1985 corrobo-

83 2013 153 2069 ravit
163 2012 185 2069 d.
203 2015 257 2070 Sed
273 2023 298 2070 et
313 2016 395 2083 illius,
412 2032 496 2089 quam
506 2032 589 2088 supra
604 2016 824 2088 memoravimus,
840 2017 887 2073 do

83 2101 201 2157 nationis
222 2102 423 2175 imperatoriam
439 2105 529 2161 denuo
550 2105 631 2174 jussit
655 2105 738 2161 scribi
762 2121 886 2162 comme-

82 2190 275 2259 morationem,
292 2193 365 2263 quod
378 2192 478 2249 iactum
494 2201 545 2259 est,
560 2201 590 2248 ut
604 2192 747 2264 imperavit
757 2203 776 2249 ‘.

33 2346 52 2363 ·
119 2280 263 2350 Postquam
285 2288 376 2336 autem
394 2281 467 2337 idem
488 2281 647 2336 mitissimus
661 2281 808 2353 imperator
829 2281 885 2337 Ca-

83 2367 159 2423 rolus
172 2369 298 2424 omnibus
311 2369 396 2426 ltaliae
412 2369 739 2442 dermaniaequepopulis
754 2369 884 2426 suavissi-

82 2471 126 2511 mo
141 2457 235 2512 ordine
250 2457 402 2529 imperauit,
419 2467 534 2532 rogante
554 2459 695 2513 llartmoto
710 2466 737 2514 et
753 2457 884 2515 efficiente

82 2544 237 2601 Liutwardo
253 2546 382 2618 episcopo
402 2555 483 2619 atque
505 2546 744 2603 arolxicancellario
768 2547 884 2619 impera·

82 2633 159 2700 toris,
175 2635 311 2707 quandam
336 2635 501 2691 abbatiolam
515 2635 543 2690 in
557 2636 634 2692 ltalia
650 2636 740 2703 sitam,
764 2636 884 2692 olearum

81 2730 107 2777 et
121 2722 260 2779 vinearum
283 2724 412 2790 feracem,
439 2740 520 2797 quam
535 2732 600 2781 tune
614 2724 688 2780 idem
712 2724 884 2781 liutwardus

82 2810 110 2865 in
124 2810 257 2867 beneticio
271 2812 397 2877 babebat,
415 2812 458 2868 cui
473 2828 572 2868 nomen
587 2821 627 2868 est
643 2813 757 2880 blassin,
773 2813 807 2867 ad
821 2828 884 2869 mo-

82 2899 232 2954 nasterium
256 2900 343 2957 sancti
358 2899 429 2956 Galli
444 2900 617 2973 imperatoria
639 2901 800 2958 auctoritate
815 2917 884 2957 con-

936 1836 1135 1892 studiosissime
1158 1837 1239 1908 caepit
1254 1836 1387 1908 flagitare.
1412 1836 1553 1892 Piissimus
1574 1853 1640 1894 vero
1655 1839 1732 1911 prin·

936 1940 1001 1997 ceps
1029 1926 1127 1980 nullius
1148 1926 1286 1998 preteritae
1307 1925 1450 1981 immernor
1473 1925 1516 1981 vel
1541 1926 1667 1981 dictionis
1689 1929 1733 1985 vel

934 2014 1136 2086 promissionis,
1153 2014 1247 2070 volens
1262 2022 1289 2069 et
1303 2013 1408 2069 abbatis
1422 2013 1544 2086 petitioni
1558 2030 1689 2085 annuere,
1706 2025 1734 2074 et

934 2102 1076 2159 monachis
1091 2102 1118 2156 in
1134 2102 1259 2158 omnibus
1274 2101 1441 2169 satisfacere,
1468 2102 1576 2158 illorum
1597 2102 1733 2161 concessit

934 2190 1057 2256 arbitrio,
1074 2197 1103 2245 ut
1117 2207 1198 2263 quern
1219 2190 1327 2257 vellent,
1345 2191 1379 2246 de
1394 2190 1451 2246 suis
1463 2191 1590 2248 abbatem
1614 2193 1666 2249 sibi
1680 2194 1732 2250 eli-

934 2287 1041 2352 gerent,
1059 2279 1201 2334 llartmoto
1215 2278 1340 2335 videlicet
1362 2295 1559 2336 successorem.
1576 2280 1644 2351 Quae
1658 2298 1732 2340 resa

934 2366 1063 2422 iratribus
1090 2367 1177 2422 audita
1204 2367 1328 2424 maximae
1361 2367 1476 2424 tristitiae
1505 2377 1532 2425 et
1560 2370 1732 2428 lacrimarum

933 2455 1089 2528 pariterque
1103 2455 1263 2512 intermixtas
1275 2456 1372 2512 laetitiae
1387 2457 1562 2514 seminarium
1575 2460 1708 2516 existebat
1722 2480 1730 2518 ε

935 2543 1057 2613 tristitias,
1082 2544 1147 2616 quia
1160 2561 1176 2598 a
1188 2545 1254 2599 tanti
1267 2545 1353 2615 patris
1373 2546 1504 2618 dominio,
1529 2547 1589 2619 ipso
1612 2549 1730 2622 vivente,

935 2648 964 2687 se
980 2631 1136 2688 abstrahere
1146 2633 1309 2689 cordetenus
1321 2642 1532 2703 recusaverunt3
1547 2635 1640 2693 laetitia
1653 2655 1729 2708 vero,

935 2719 997 2792 quia
1012 2719 1083 2776 idem
1099 2720 1329 2778 clementissimus
1337 2723 1492 2795 imperator,
1509 2740 1572 2781 cum
1587 2742 1644 2782 rem
1659 2726 1731 2784 finiri

934 2809 1084 2865 necessitas
1107 2810 1253 2882 exegisset,
1270 2827 1323 2868 non
1339 2829 1389 2884 par
1404 2829 1468 2870 suos
1489 2814 1597 2871 nuntios
1619 2816 1730 2889 absens,

934 2898 982 2953 sed
997 2898 1182 2971 perseipsum
1206 2907 1313 2956 nostras
1336 2917 1432 2959 causas
1454 2902 1548 2959 maluit
1568 2903 1731 2966 confirmare

82 2987 216 3053 tradidit;
246 3004 279 3044 eo
306 3005 415 3061 quoque
443 2998 532 3061 pacto,
563 2998 591 3046 ut
613 2989 686 3045 idern
714 2989 884 3046 Liutwardus
933 2994 1015 3059 atque
1029 2995 1149 3043 statuere
1165 3004 1297 3060 praesens.

82 3083 205 3148 tempore
219 3075 281 3132 vite
305 3094 362 3134 suaa
376 3077 425 3133 sub
446 3078 644 3134 usufructuario
658 3078 733 3150 ipsas
756 3095 801 3134 res
815 3095 882 3150 pos·
968 3075 1036 3130 Cum
1050 3076 1133 3150 igitur
1139 3078 1207 3144 haec,
1225 3085 1253 3133 ut
1268 3077 1395 3150 diximus,
1408 3082 1566 3153 necessitas,
1582 3085 1636 3142 imo
1649 3085 1730 3143 etiam

81 3164 191 3232 siderei,
216 3166 431 3238 censumquede
456 3167 515 3239 ipso
543 3166 614 3235 loco,
638 3166 789 3238 sicutipse
813 3183 881 3223 con·
931 3163 1094 3233 dignissima
1112 3164 1219 3232 utilitas,
1237 3182 1296 3222 rem
1311 3164 1383 3222 liniri
1398 3169 1545 3243 exigerent,
1569 3189 1664 3230 omnes
1679 3191 1730 3246 pa·

81 3251 156 3317 dixit,
187 3252 302 3324 singulis
331 3254 410 3309 annis
438 3256 472 3310 ad
499 3255 694 3311 monasterium
721 3254 881 3327 praedictum
931 3251 999 3306 riter
1022 3269 1101 3308 senes
1117 3261 1143 3308 et
1162 3254 1276 3323 juvenes
1292 3270 1308 3309 a
1323 3256 1412 3327 primo
1436 3275 1523 3330 usque
1537 3262 1572 3316 ad
1594 3262 1727 3335 ultimum,

80 3341 259 3411 persolveret,
283 3343 334 3398 boc
348 3351 389 3398 est
403 3342 475 3399 reli
490 3343 620 3417 laguenas
644 3343 679 3420 de
690 3343 763 3411 oleo,
789 3344 832 3399 vel
848 3347 881 3398 60
931 3340 1047 3396 Domino
1062 3341 1188 3410 donante,
1213 3344 1351 3399 communi
1373 3346 1487 3403 consilio
1500 3357 1581 3422 atque
1593 3368 1647 3407 una
1662 3368 1729 3410 voce

83 3428 185 3485 solidos
196 3430 230 3485 de
245 3438 359 3504 argento
371 3449 378 3498 ;
389 3439 452 3503 post
462 3431 567 3488 obitum
581 3447 645 3490 xero
654 3431 802 3489 Liutwardi
814 3432 882 3505 ipsae
931 3429 1099 3485 Bemardum
1115 3430 1165 3485 sibi
1180 3431 1322 3503 elegerunt
1336 3433 1472 3504 abbatem,
1488 3437 1577 3493 virum
1591 3439 1730 3497 nobilitate

84 3532 128 3572 res
151 3516 209 3572 sine
231 3517 312 3573 ullius
336 3519 547 3576 contradictione
570 3519 763 3591 perpetualiter
781 3519 816 3575 ad
836 3519 882 3589 jus
931 3526 957 3572 et
969 3518 1109 3586 juventute
1126 3520 1304 3590 praeclamm3
1321 3521 1398 3591 cujus
1422 3524 1554 3596 sapientia
1569 3536 1595 3583 et
1608 3529 1730 3586 moribus

81 3605 249 3676 pertinerent
263 3607 432 3663 monasterii.
449 3608 532 3676 Cujus
547 3608 587 3664 rai
602 3616 675 3664 carta
691 3608 817 3680 protinus
831 3606 881 3663 iir-
931 3614 1012 3678 atque
1027 3607 1192 3681 benignitate
1206 3616 1231 3664 at
1246 3610 1324 3683 regia
1338 3612 1448 3667 servitia
1460 3615 1565 3690 peragi,
1581 3624 1608 3672 et
1623 3634 1653 3674 se
1668 3635 1730 3674 cum

82 3692 881 3770 missimesuaauctoritatcestscriptaatquefirmata,atque
931 3695 1056 3751 omnibus
1078 3695 1134 3751 suis
1157 3695 1289 3754 fidissime
1311 3701 1417 3774 protegi
1441 3701 1622 3761 confidebant.
1648 3707 1731 3776 Cujus
1824 3690 1829 3699 ’

82 3780 142 3853 ipso
156 3782 318 3855 imperatore
328 3784 453 3854 jubente,
469 3801 553 3856 super
566 3784 690 3841 altarium
709 3786 796 3843 saneti
811 3785 882 3842 Galli
931 3783 969 3838 rei
996 3784 1089 3840 notitia
1116 3800 1179 3841 cum
1205 3785 1239 3840 ad
1270 3786 1462 3859 imperatorem
1489 3790 1584 3849 luisset
1612 3794 1727 3866 perlata,

83 3877 123 3925 ast
137 3871 235 3943 posita,
251 3872 298 3927 ubi
308 3873 388 3928 hodia
403 3873 578 3930 Deovolente
588 3889 649 3930 cum
660 3889 728 3945 pace
743 3874 879 3930 teneturf.
930 3872 1052 3943 protinus
1076 3872 1134 3944 ipse
1149 3874 1294 3931 conventui
1316 3892 1412 3932 corum
1435 3879 1618 3953 dignatusest
1642 3883 1729 3941 inter-

118 3958 202 4032 lgitur
230 3960 394 4017 venerabilis
428 3961 514 4017 abbas
542 3962 695 4018 Hartmotus
730 3971 792 4035 post
819 3971 880 4020 tan·
931 3976 1001 4032 esse,
1031 3961 1124 4034 ibique
1159 3961 1283 4034 inprimis
1319 3966 1500 4040 Hartmotum,
1530 3977 1560 4026 ut
1587 3971 1730 4045 sepissime

82 4056 179 4116 torum,
203 4057 232 4103 ut
260 4065 343 4121 supra
373 4051 656 4118 commemoravimus,
687 4051 880 4123 perlectionem
929 4049 1124 4121 postulaverat,
1141 4052 1335 4109 honorabiliter
1358 4062 1439 4128 atque
1461 4072 1522 4113 cum
1544 4075 1643 4134 magna
1665 4078 1730 4135 gra·

83 4134 207 4192 labomm
221 4137 333 4209 cupiens
347 4139 428 4194 etiam
450 4138 531 4196 linem
545 4157 601 4196 suae
616 4139 776 4197 clarissimae
790 4141 881 4197 admi·
930 4138 1028 4194 tiarum
1043 4139 1150 4196 actione
1164 4155 1181 4196 a
1196 4141 1317 4212 pondere
1341 4150 1475 4200 tantorum
1489 4145 1606 4203 liberum
1620 4150 1729 4207 donavit

82 4223 247 4280 nistrationis
271 4227 394 4297 aspicere
422 4228 541 4299 propriis
569 4228 664 4298 oculis,
690 4229 746 4298 jam
773 4244 881 4302 quoque
930 4242 992 4282 esse
1008 4227 1144 4297 laborum,
1161 4229 1211 4285 sed
1226 4245 1280 4286 non
1295 4231 1415 4287 destituit
1430 4235 1614 4306 amagisterio
1628 4237 1730 4293 ibidem

82 4320 161 4369 aetate
177 4313 298 4386 requiem
312 4322 451 4385 poscente,
462 4315 542 4386 coepit
557 4315 652 4371 sedulo
667 4317 702 4371 ab
716 4316 881 4388 imperatore
929 4314 1098 4388 degentium.
1124 4318 1220 4374 Postea
1234 4335 1301 4376 vero
1322 4320 1448 4376 omnibus
1471 4322 1654 4378 Bemhardum
1678 4325 1730 4380 sibi

81 4400 240 4472 deposcere,
258 4411 285 4458 et
300 4418 361 4460 eum
377 4402 507 4459 fratribus
521 4403 654 4475 quaerere,
672 4412 805 4475 quatenus
820 4405 880 4476 ipse
893 4399 920 4460 D
931 4401 1055 4459 abbatem
1069 4406 1255 4477 poscentibus,
1277 4408 1367 4465 statim
1382 4408 1551 4481 inpraesenti
1566 4410 1728 4485 benignissi-

79 4489 114 4543 ab
128 4489 170 4543 bis
191 4490 329 4546 laboribus
353 4491 523 4559 liberaretur,
541 4498 567 4547 et
582 4490 652 4547 alius
666 4491 694 4546 in
708 4493 766 4561 eius
790 4493 880 4549 locum
930 4507 991 4547 xnus
1005 4493 1134 4566 princeps
1145 4511 1238 4551 eorum
1254 4497 1419 4554 desiderium
1429 4498 1555 4569 audieus,
1571 4501 1730 4558 bernbardo

80 4577 287 4650 subrogaretur,
313 4580 389 4650 cujus
403 4587 469 4636 aetas
484 4579 644 4637 etvalitudo
666 4589 728 4652 apta
751 4581 881 4638 existeret
929 4581 1124 4638 monasterium
1141 4599 1202 4640 cum
1226 4587 1439 4661 congregatione
1463 4590 1671 4662 commendavit,
1689 4589 1731 4664 ip·

116 4739 241 4792 ⁸Tradita
278 4742 322 4793 tuit
351 4743 404 4794 bac
441 4742 496 4795 villa
519 4755 595 4807 prope
632 4741 722 4794 Wilam
751 4743 880 4807 Thurgoia

79 4824 127 4874 sin
152 4821 287 4890 (nissum
311 4838 375 4878 anno
403 4826 463 4892 aas,
489 4828 521 4879 xc
544 4828 598 4879 xar.
624 4828 688 4890 aug.
724 4825 811 4878 rueret.
838 4828 879 4892 xx,
929 4810 1168 4874 exercitantium.
1183 4814 1311 4879 erasm
1326 4819 1367 4870 ¹⁰·

82 4908 246 4972 ,mimi
260 4912 284 4961 q,
963 4891 1056 4956 “Quod
1087 4908 1151 4946 anno
1175 4898 1234 4950 880.
1256 4900 1272 4950 a
1293 4902 1347 4954 Ital.
1380 4904 1438 4956 beo.
1471 4903 1555 4958 indict.
1593 4907 1634 4973 li,
1666 4921 1731 4962 anno

113 5005 275 5077 bpipioma,
321 5024 369 5077 nuo
413 5013 514 5067 carolus
558 5015 659 5066 drasam
705 5014 880 5066 monasterium
930 4962 1411 5105 reffmqffefamcclsz’smgffivggg
1413 4974 1480 5107 1)ωέ
1494 4977 1540 5070 ⁰5²ss
1681 5060 1687 5072 .

79 5077 206 5130 scotorum
229 5081 254 5131 in
279 5084 362 5132 monn
393 5081 420 5131 S.
445 5081 549 5132 viatoris
579 5094 654 5145 prope
685 5081 809 5133 Feldltiritx
843 5082 879 5132 si·
1477 5058 1552 5109 ³d¹²¹⁰
1591 5062 1730 5124 ⁰⁰¹¹³PP¹P¹²

80 5146 132 5194 tum
155 5146 181 5196 s.
206 5146 276 5196 Gallo
306 5147 521 5209 incantantum
554 5153 592 5198 est
615 5159 680 5198 anno
702 5148 763 5212 888,
787 5149 803 5199 P
823 5148 878 5200 Kal.
930 5115 968 5163 ⁰⁵²
990 5112 1071 5176 ΡΨ
1093 5114 1109 5164 ⁵
1129 5115 1192 5165 ΝΜ·
1214 5117 1270 5167 θα·
1292 5118 1381 5172 Μῶα·
1406 5121 1433 5186 ²³
1457 5135 1521 5176 ³⁰³⁰
1546 5126 1606 5190 883,
1633 5127 1730 5193 imitetss

79 5210 134 5261 Oct.
157 5225 222 5262 anno
240 5213 301 5276 imp.
323 5214 348 5264 in
371 5213 480 5276 ltaliat,
503 5214 528 5264 in
548 5214 697 5265 Francia...
722 5216 780 5266 Post
802 5227 880 5266 annos
930 5178 1269 5298 inpauff’inffanfflw·
1316 5269 1322 5280 ·
1413 5270 1418 5283 ι

79 5275 139 5326 duos
162 5278 225 5329 idem
253 5278 353 5330 Carolus
375 5281 401 5328 tn
424 5279 509 5330 eodem
539 5281 569 5331 S.
593 5281 698 5332 Victoris
733 5282 880 5334 monasterio
982 5265 1037 5314 ¹³⁰¹
1060 5263 1090 5315 ³¹³
1123 5264 1214 5329 allium
1241 5269 1336 5320 saecuhs
1367 5270 1519 5327 desideratam
1551 5279 1731 5343 autographum

79 5340 207 5421 l{⁰⁸Pitalc
230 5356 274 5407 pro
307 5345 338 5395 ¹2
357 5345 574 5461 peregrinantibus
605 5347 707 5399 itomam
745 5351 776 5398 de
809 5348 880 5400 bonb
930 5329 1163 5394 huiflsdillbfflsslls·

78 5408 142 5458 rrilae
165 5410 267 5463 Reatinis
299 5409 389 5476 (Pet)
416 5412 526 5463 madent
558 5414 657 5464 Potama
683 5416 714 5466 tt
738 5415 794 5467 liat.
822 5415 880 5468 itali
963 5416 1037 5470 silas
1070 5417 1236 5482 susceptiones
1270 5433 1354 5500 regum
1386 5422 1491 5478 lodocns
1525 5427 1642 5483 bedenas
1676 5431 1730 5484 eol-

78 5484 142 5527 anno
155 5475 213 5541 888,
226 5477 310 5530 tndlct.
324 5478 416 5531 danne
428 5479 497 5543 regni
509 5478 534 5544 8,
547 5479 645 5544 imperii
656 5481 682 5533 e.
926 5481 999 5548 legit,
1012 5485 1037 5535 et
1048 5483 1074 5535 in
1085 5484 1143 5537 lect.
1156 5486 1235 5552 antiq.
1249 5487 1339 5541 &utsii
1352 5487 1435 5543 edidit.

963 4741 1103 4796 ‘Eundem
1138 4743 1203 4798 diem
1237 4748 1334 4803 Eusebi
1376 4752 1534 4807 emortualem
1578 4754 1653 4808 babet
1684 4767 1730 4808 ne·
1822 4769 1826 4775 ·
