3826 6098
165 238 217 296 sss
608 231 779 290 amemur
806 225 1007 286 nnnunvsrs
1033 224 1307 302 sacnmrrscorr.
1426 297 1432 304 ,
1756 229 1809 285 ιιι

165 375 217 418 nsc
232 359 344 433 quilibet
367 366 465 416 natura
486 357 565 415 liberi
577 373 628 430 per
641 355 880 412 manumissionem
893 353 961 408 suunt
967 352 1001 414 Ἀ
1012 367 1147 408 consensu
1174 359 1254 425 atque
1279 349 1381 420 judicio
1394 349 1578 408 invenerimus
1597 350 1671 407 salva
1683 364 1763 422 pace,
1780 357 1809 408 et

165 448 240 506 cives
263 448 387 515 Romani,
412 447 460 504 sed
475 446 548 503 servi
562 445 606 503 vel
620 443 805 511 ecclesiastici,
825 443 870 500 vel
882 441 960 514 regii,
1012 439 1142 496 charitate
1155 439 1218 494 lude
1232 439 1382 496 secundum
1405 454 1509 495 sacram
1523 439 1710 495 auctoritatem
1725 453 1808 494 exse·

166 535 211 593 vel
225 535 408 608 quorumlibet
429 534 578 591 liberorum
598 532 748 589 hominum.
764 531 800 587 Et
818 530 879 586 ideo
894 545 961 585 san·
1012 527 1058 601 qui
1072 527 1288 600 procurabimus.
1299 527 1340 582 De
1351 528 1465 599 eoquod
1475 527 1553 598 dicis,
1564 542 1626 584 cum
1636 543 1688 598 per
1697 525 1808 600 singula

165 630 224 679 ctus
238 624 293 680 Leo
306 623 334 679 in
349 623 466 695 capitulo
488 622 530 678 sui
552 621 655 678 decreti
675 638 708 677 ex
730 618 877 676 canonibus
896 634 961 690 pro·
1011 617 1045 672 de
1060 616 1167 673 caeteris
1189 616 1334 682 omnibus;
1349 624 1414 671 tunc
1427 616 1462 671 de
1477 615 1633 687 receptione
1648 614 1806 671 Gallicano·

164 711 286 784 mulgato
308 711 454 780 constituit,
467 719 496 767 ut
505 709 585 767 alicui
596 708 743 766 conditioni
753 707 890 781 obligatus
905 721 960 763 non
1010 721 1071 760 rum
1089 719 1225 760 canonum
1247 704 1364 774 pleniter
1385 702 1572 774 respondebis,
1598 702 1648 758 tibi
1670 702 1805 772 rescribo,

162 800 311 867 ordinetur,
327 800 380 857 nisi
393 799 462 856 lorte
478 814 571 856 eorum
591 797 685 870 petitio
700 804 746 852 aut
769 796 895 851 voluutas
910 808 959 852 ao·
1010 792 1072 864 quie
1088 791 1221 847 Dominus
1236 792 1283 863 qui
1296 792 1325 847 in
1335 807 1364 847 se
1378 791 1551 848 credentibus
1560 791 1686 863 promisit
1702 791 1807 863 :Aperi

163 887 284 955 cesserit,
300 888 347 960 qui
360 888 461 960 aliquid
484 887 536 942 sibi
549 887 577 942 in
592 901 639 942 eos
655 885 792 941 vindicant
807 881 958 955 potestatis.
1009 897 1038 937 os
1054 885 1145 946 inum,
1158 880 1408 953 eiepo‘edimpicbo
1425 878 1804 951 aciemqueaciemque

120 1006 131 1030 ι
161 975 287 1046 Quandiu
301 975 374 1032 enim
388 975 465 1032 suero
476 976 643 1032 Rhemorum
657 973 812 1045 episcopus,
828 971 856 1026 iu
872 969 959 1027 servis
1008 969 1190 1041 sapientium,
1203 969 1250 1024 cui
1259 984 1317 1026 aon
1328 971 1463 1041 poterunt
1481 967 1804 1024 resisterceicontrodi·

159 1064 240 1133 hujus
254 1063 377 1121 ecclesiae
399 1063 465 1118 mihi
486 1069 649 1135 potestatem
669 1059 789 1116 debitam
803 1058 957 1126 vindicabo,
1008 1057 1342 1113 cerecmncsndversorii
1358 1056 1453 1124 vestri,
1464 1063 1490 1110 et
1505 1054 1586 1111 etiam
1604 1055 1700 1111 brutos
1719 1053 1805 1111 asinae

159 1158 186 1207 et
201 1150 260 1208 sine
275 1152 400 1209 libertate
416 1149 602 1208 ecclesiastice
616 1165 667 1220 per
681 1163 725 1204 me
741 1146 792 1202 sibi
807 1147 867 1201 data
880 1147 957 1219 quis·
1007 1143 1590 1215 ruditusinhumanasformavitloquelas,et
1599 1141 1701 1200 siccam
1707 1157 1804 1214 rupem

158 1255 240 1313 quam
255 1255 350 1297 eorum
365 1238 488 1296 ordinari
502 1253 557 1294 non
571 1237 661 1292 debet.
678 1235 755 1292 Unde
779 1234 895 1292 breviter
908 1234 956 1293 tibi
1006 1232 1119 1288 sundere
1126 1232 1208 1302 jussit
1218 1246 1303 1304 aquas
1315 1250 1322 1288 ι
1334 1241 1360 1289 et
1371 1231 1437 1286 mihi
1447 1231 1512 1287 dare
1521 1231 1620 1303 poterit
1632 1230 1804 1304 quaetibirc·

158 1326 220 1384 dico
235 1326 309 1399 quod
334 1325 466 1382 Dominus
481 1325 514 1380 ad
528 1324 637 1380 Judaeos
663 1323 730 1378 dixit
747 1341 753 1378 :
770 1324 830 1379 Noc
845 1339 891 1395 cqc
906 1339 956 1378 oc·
1006 1319 1164 1392 spondeam.
1181 1319 1305 1375 Plurimis
1319 1335 1383 1377 vero
1396 1335 1413 1375 a
1426 1328 1453 1375 te
1466 1318 1625 1391 praemissis,
1642 1326 1670 1375 et
1684 1333 1701 1374 a
1713 1335 1759 1375 me
1773 1325 1802 1374 ut

156 1431 222 1472 cuso
232 1430 288 1483 cos,
299 1413 348 1470 scd
357 1414 468 1484 Moyses,
478 1415 510 1469 ie
519 1429 601 1486 quem
609 1411 740 1485 speretis,
751 1412 810 1483 ipse
820 1426 865 1466 vos
876 1426 956 1468 occu¹
1003 1408 1143 1464 inutilibus
1156 1407 1355 1480 praetermissis,
1370 1407 1511 1480 inquibus
1526 1406 1748 1480 quandoquidem
1761 1413 1803 1463 est

155 1501 303 1572 snt(.loun.
319 1501 358 1572 v),
390 1499 493 1557 scilicet
521 1499 565 1555 lex
592 1507 687 1556 contra
716 1513 797 1570 quam
814 1497 904 1570 agitis.
921 1498 956 1554 Et
1003 1496 1123 1570 negatio,
1134 1497 1354 1568 quandoquidem
1362 1495 1434 1568 quod
1444 1494 1800 1569 negaverasdemonstratto

154 1587 220 1645 item
229 1586 360 1644 Dominus
370 1588 451 1644 dicit:
463 1590 516 1661 Epo
527 1604 584 1644 non
598 1588 706 1661 jndicio
723 1602 899 1660 quemquem,
912 1590 954 1642 cst
1004 1584 1165 1652 continetur,
1177 1585 1212 1641 ad
1227 1586 1278 1640 hoc
1291 1584 1438 1656 pervenisti
1452 1590 1482 1639 ut
1496 1583 1602 1641 diceres
1616 1599 1662 1640 me
1677 1583 1800 1656 obligare

154 1677 202 1750 qui
216 1680 324 1750 quaerut
338 1681 366 1732 et
375 1677 490 1749 judicet
504 1677 596 1744 (loun.
612 1677 683 1745 viu).
704 1674 837 1730 Videlicet
852 1672 913 1745 quia
928 1672 951 1728 si
964 1706 991 1767 B
1003 1672 1097 1730 volens
1112 1672 1146 1729 de
1157 1672 1297 1729 sententiis
1311 1671 1550 1745 apostolicaesedis
1565 1670 1689 1728 tibiame
1705 1671 1800 1728 litteris

64 1779 69 1788 ·
154 1764 286 1821 ordinasti
300 1772 395 1821 contra
409 1764 519 1820 decreta
534 1764 632 1819 Leonis
646 1763 734 1835 ipsum
745 1762 885 1829 clericum,
896 1776 950 1817 uon
1001 1761 1219 1833 precedentibus
1235 1760 1351 1833 scriptis.
1368 1763 1437 1818 Ecce
1450 1763 1481 1816 in
1496 1761 1575 1816 muln
1589 1760 1722 1817 suasione
1732 1761 1798 1817 deli

151 1868 203 1924 ego
218 1860 344 1924 peccator
357 1852 386 1908 in
400 1860 484 1921 terra,
501 1852 549 1908 sed
577 1851 623 1906 ille
647 1858 756 1907 sanctus
786 1849 820 1906 de
840 1849 909 1906 coelo
923 1857 950 1906 te
1000 1853 1087 1916 ctum,
1098 1850 1596 1923 stinmaiacenseusionepeccutum
1605 1849 1798 1922 depressissem

59 1944 70 1965 ⁸
150 1939 215 1997 inde
227 1957 278 2013 per
296 1956 375 1996 suurn
397 1940 537 1997 decretum
555 1939 679 2010 judicat;
694 1947 721 1994 et
735 1938 758 1994 si
772 1936 893 1994 confiteri
908 1938 950 1993 vis
999 1939 1110 1994 etsicut
1121 1954 1166 1994 uos
1176 1938 1329 1993 sententiis
1338 1937 1408 2010 quod
1414 1937 1488 1994 mihi
1497 1938 1572 1993 mnis
1581 1953 1700 1994 sensum
1708 1940 1760 2006 est,
1769 1941 1798 1993 ct

149 2036 208 2086 ate
227 2028 301 2084 illum
330 2028 518 2101 irregulariter
546 2027 710 2095 ordinatum,
740 2027 809 2083 sicut
837 2043 888 2083 nec
915 2025 949 2081 de
999 2043 1070 2082 esne
1080 2028 1155 2082 mule
1165 2030 1331 2083 salsensem
1346 2026 1456 2098 puriter
1466 2041 1511 2082 ves
1525 2026 1688 2083 consentire
1697 2027 1796 2098 dipsas

148 2115 218 2187 aliis,
234 2116 272 2173 ita
285 2131 337 2174 nec
352 2117 387 2173 de
401 2117 453 2172 isto
468 2123 541 2171 tunm
557 2132 659 2187 quaero,
676 2115 720 2173 vel
733 2115 861 2171 desidero
876 2112 949 2169 dam·
998 2115 1080 2180 mini,
1093 2115 1217 2171 dicentes
1226 2131 1287 2188 qeoe
1292 2117 1351 2186 jam
1360 2115 1497 2189 premet,
1509 2119 1542 2170 ιιι
1551 2116 1675 2170 cambam
1684 2115 1758 2172 vobis
1772 2117 1797 2172 si

148 2204 296 2272 nationem,
321 2204 365 2261 vel
388 2219 577 2276 quemcunque
607 2211 669 2259 aute
694 2201 787 2258 oculos
814 2203 948 2257 humanos
998 2203 1433 2261 camordinnrcuolosccundcm
1441 2204 1797 2270 morematcosilliiiber·

149 2292 287 2348 ruborem.
303 2291 333 2348 Si
346 2298 436 2347 autem
463 2307 549 2362 negas
577 2290 652 2346 illum
680 2298 706 2346 te
722 2289 863 2345 ordinasse
879 2290 948 2345 sicut
998 2292 1316 2348 intemccciesinsticnm
1326 2291 1446 2359 dabatis,
1458 2291 1795 2364 quamtolitcrudprndus

144 2380 203 2450 jam
217 2378 346 2450 praemisi,
360 2380 465 2435 habeas
475 2379 551 2434 illurn
560 2377 735 2435 conscientie
749 2393 781 2435 ac
794 2377 947 2449 negationis
996 2380 1201 2436 ecclesiasticos
1209 2381 1370 2453 peruenisse
1389 2381 1552 2452 dissipatis.
1572 2379 1651 2436 Unde
1664 2379 1793 2452 tibiquod

144 2475 196 2524 tuae
206 2467 337 2537 judicem,
354 2484 433 2541 quem
444 2467 558 2523 habebis
573 2474 600 2524 et
611 2474 717 2522 testem.
730 2466 864 2522 Caetemm
876 2465 947 2522 sacri
997 2466 1124 2523 Salomon
1132 2468 1197 2523 dicit
1206 2468 1296 2523 scribo
1308 2484 1314 2523 :
1328 2470 1379 2537 Qui
1390 2469 1485 2525 crudit
1497 2469 1660 2538 derisorem,
1672 2470 1731 2541 ipss
1742 2468 1793 2525 stoi

146 2570 267 2612 canones
280 2555 374 2613 dicunt
384 2563 416 2612 ut
431 2555 576 2628 episcopus
591 2554 774 2611 sineconoilio
785 2553 945 2610 elericorum
995 2557 1216 2628 fuciiinjurinm
1236 2557 1327 2626 (Prcv.
1337 2555 1388 2628 rx).
1406 2556 1469 2611 Non
1487 2556 1557 2612 bene
1571 2555 1712 2628 intelligis,
1730 2556 1793 2628 quia

146 2659 258 2700 suorum
286 2643 399 2701 clericos
427 2658 481 2699 non
505 2643 622 2711 ordinet,
639 2643 676 2698 ita
690 2649 719 2697 ut
734 2641 833 2698 civium
848 2640 945 2698 conhi-
995 2658 1049 2699 non
1063 2643 1133 2699 bene
1143 2643 1184 2700 vis
1195 2644 1269 2716 quod
1279 2645 1328 2699 tibi
1336 2643 1406 2700 bene
1414 2651 1441 2700 et
1449 2652 1523 2700 reete
1534 2643 1640 2717 scripsi,
1651 2645 1756 2701 scilicet
1765 2651 1795 2699 ut

145 2732 275 2802 beatiam,
288 2739 314 2787 et
324 2731 505 2788 testimonium
521 2738 624 2803 quaerat
637 2749 644 2786 ι
657 2738 683 2786 et
691 2731 840 2788 secundum
850 2745 945 2786 sacros
994 2731 1018 2786 si
1024 2734 1206 2804 cuiuscunque
1215 2733 1350 2800 suasione,
1360 2731 1403 2789 vel
1411 2748 1571 2804 quacunque
1579 2732 1756 2805 subreptione
1765 2733 1793 2789 in

146 2834 264 2875 canones
280 2826 306 2875 et
319 2819 430 2874 decreta
454 2817 527 2873 sedis
550 2821 680 2874 Romanas
701 2818 859 2890 pontificum
883 2833 945 2873 men
993 2821 1046 2875 hoc
1061 2820 1210 2886 excessisti,
1228 2827 1255 2876 et
1270 2820 1337 2876 alias
1352 2821 1441 2892 ipsum
1455 2820 1582 2877 clericum
1598 2820 1694 2876 utilem
1705 2821 1736 2876 in
1748 2837 1793 2878 ec-

146 2906 269 2971 interest,
285 2913 314 2960 ut
329 2905 353 2961 si
367 2906 436 2960 ratio
456 2906 632 2976 postulaverit
655 2922 698 2961 me
713 2906 894 2977 compellente
909 2905 945 2961 ad
993 2907 1146 2964 clesiastico
1160 2908 1311 2965 ministerio
1331 2909 1561 2981 comprobaveris,
1577 2909 1652 2984 quod
1667 2909 1754 2966 defuit
1767 2917 1793 2966 et

144 2992 313 3050 delectorum
328 2993 362 3048 de
377 2993 546 3049 ordinatione
562 2993 647 3065 ipsius
657 2993 750 3050 clerici
764 3010 845 3065 quam
859 2994 943 3049 dene·
993 2995 1048 3065 tihi,
1067 3003 1093 3051 et
1106 2996 1146 3051 illi
1160 2997 1188 3051 in
1202 2997 1370 3053 ordinatione
1396 3013 1455 3066 sua,
1473 3005 1499 3053 et
1513 2997 1548 3053 ad
1561 3012 1606 3053 me
1625 2999 1791 3069 pertinebat,

143 3097 204 3155 gas,
220 3082 336 3138 accedas
348 3080 490 3151 judicium,
508 3089 533 3137 et
548 3081 678 3153 quidquid
692 3080 805 3138 veritate
819 3082 938 3154 cognita,
958 3052 1045 3158 Cego
1060 3084 1227 3156 supplerem.
1243 3085 1316 3157 Lege
1330 3087 1438 3143 decreta
1452 3086 1525 3142 sodis
1540 3087 1670 3143 Romanae
1684 3087 1794 3160 pontifi·

142 3169 325 3226 mediantibus
335 3168 685 3241 sacrosanctisEvangeliis
695 3186 745 3242 per
760 3185 808 3226 eos
820 3177 874 3225 tam
885 3170 943 3226 cle·
990 3188 1052 3228 cum
1068 3190 1082 3227 a
1096 3173 1176 3229 bento
1201 3173 1308 3241 Siricio,
1325 3182 1352 3230 et
1374 3175 1513 3246 deinceps,
1538 3182 1564 3232 et
1582 3175 1708 3233 invenies
1722 3191 1792 3250 quo·

142 3258 216 3314 nicos
235 3274 314 3329 quam
337 3257 420 3325 cives,
443 3273 559 3329 quorum
582 3268 717 3314 consensu
741 3265 768 3313 et
782 3257 810 3313 iu
825 3273 940 3330 quorum
989 3261 1070 3317 modo
1094 3262 1188 3332 plures
1210 3262 1397 3336 irregulariter
1418 3264 1535 3319 ordinati
1558 3280 1608 3336 per
1626 3265 1793 3321 medicinam

139 3346 287 3419 praesentia
302 3345 487 3402 ordinationes
498 3346 605 3415 juberis
619 3345 718 3416 iacere,
729 3345 869 3402 inventum
883 3345 942 3403 iue-
990 3349 1203 3406 ecclesiasticam
1219 3350 1295 3407 luere
1320 3351 1416 3421 sanati,
1432 3352 1575 3423 supplente
1590 3353 1751 3409 auctoritate
1765 3354 1793 3408 in

140 3435 185 3506 rit,
199 3436 251 3491 hoc
263 3442 405 3490 statuatur.
418 3434 473 3490 Sed
488 3434 511 3488 si
519 3434 705 3506 aequissimum
712 3434 833 3504 judicem
840 3434 938 3503 Deum,
988 3453 1120 3508 processu
1145 3439 1219 3512 quod
1241 3439 1364 3494 defuerat
1383 3440 1411 3495 iu
1432 3440 1607 3496 ordinationis
1631 3441 1719 3497 initio.
1737 3443 1790 3498 Co-

63 3545 65 3551 ·
141 3522 185 3580 cui
200 3523 235 3578 de
249 3521 375 3580 omnibus
399 3521 477 3578 iactis
491 3529 517 3577 et
528 3522 639 3592 judiciis
655 3523 755 3578 uostris
770 3540 863 3578 sumus
874 3523 939 3579 red·
988 3534 1064 3598 gunt,
1080 3526 1167 3598 inquit
1180 3527 1275 3582 beatus
1291 3527 1468 3600 Augustinus,
1484 3527 1583 3584 multas
1597 3528 1723 3587 invenire
1736 3545 1791 3587 me·

140 3609 223 3667 dituri
238 3611 370 3666 rationem
384 3609 507 3666 timueris
522 3611 574 3666 hoc
591 3625 683 3682 agere,
693 3611 768 3666 nulla
779 3611 830 3666 erit
844 3626 940 3667 neces-
988 3613 1092 3669 dicinas
1113 3615 1260 3671 multorum
1284 3616 1469 3687 experimenta
1487 3616 1655 3673 morborum.
1672 3618 1787 3688 Deinde,

138 3699 214 3755 sitas.
231 3700 326 3771 Neque
341 3714 394 3771 ego
413 3699 493 3764 hanc,
510 3697 554 3754 vel
567 3696 646 3753 aliam
667 3714 857 3770 quamcunque
872 3714 939 3754 cau·
988 3701 1083 3757 volens
1102 3703 1245 3759 ostendere
1267 3705 1340 3774 quod
1355 3704 1393 3759 tui
1407 3704 1479 3771 odio,
1496 3713 1522 3761 et
1537 3705 1674 3777 Sigeberti
1688 3708 1787 3778 gratim

139 3802 199 3843 sam
212 3786 274 3843 volo
290 3800 469 3857 exaggerare,
481 3785 543 3856 quia
557 3785 591 3840 de
607 3787 811 3857 quibuscunque
826 3787 941 3842 scando·
988 3787 1047 3843 haec
1062 3787 1096 3842 de
1107 3787 1219 3858 praiaco
1231 3789 1330 3845 clerico
1346 3789 1513 3860 scripserim,
1525 3805 1612 3863 nugas
1621 3791 1672 3846 tibi
1681 3793 1786 3860 noxias,

140 3875 198 3929 lum
212 3873 271 3929 sine
284 3880 399 3943 peccato
413 3872 531 3943 propriae
547 3873 721 3929 conscientiae
735 3873 821 3930 vitare
831 3881 937 3946 potero,
988 3878 1014 3926 et
1029 3871 1130 3927 naenias
1154 3872 1378 3930 benevolentius
1394 3873 1489 3929 scienti
1507 3890 1562 3930 non
1582 3875 1722 3943 ridendas,
1738 3876 1786 3932 sed

139 3960 241 4017 nemini
257 3959 415 4016 scandalum
430 3959 532 4015 inferre
546 3960 619 4016 volo.
636 3961 665 4017 Si
679 3969 768 4017 autem
784 3962 843 4034 ipse
857 3963 939 4018 cleri·
988 3959 1121 4014 dolendas
1135 3961 1285 4032 componis.
1296 3962 1362 4017 Cum
1377 3962 1529 4035 sigeberto,
1542 3971 1674 4034 quantum
1683 3981 1716 4020 ex
1727 3965 1786 4036 ipso

140 4063 200 4115 cus,
216 4047 289 4120 quod
303 4062 358 4102 non
371 4054 435 4119 opto
448 4062 500 4104 nec
514 4064 617 4120 quaero,
630 4065 659 4105 se
673 4048 701 4103 iu
715 4050 938 4120 comprovinciali
988 4054 1014 4102 ct
1028 4063 1078 4118 pro
1093 4048 1152 4119 ipso
1167 4057 1217 4117 ost,
1235 4065 1300 4106 cura
1313 4065 1367 4105 non
1383 4057 1425 4106 est
1439 4059 1467 4106 ut
1482 4067 1620 4124 nunquam
1634 4051 1665 4106 in
1679 4053 1725 4107 illa
1738 4069 1785 4110 ec-

140 4135 246 4208 synodo
261 4134 460 4203 reclamaverit,
475 4144 521 4191 aut
536 4136 570 4191 de
585 4137 786 4193 ordinationes
800 4139 937 4194 teineum
988 4135 1071 4191 clesia
1086 4135 1120 4191 sit
1134 4137 1278 4209 presbyter
1291 4138 1447 4207 ordinatus;
1463 4140 1527 4210 quia
1543 4139 1645 4194 axillam
1660 4140 1724 4197 inde
1738 4158 1785 4200 ne·

124 4224 269 4295 ¹exhibita,
285 4230 332 4281 aut
346 4224 381 4280 de
396 4239 557 4297 quocunque
585 4226 752 4297 praejudicto,
783 4227 846 4299 quia
866 4228 937 4284 sacri
987 4223 1140 4279 cessitatem
1156 4225 1235 4280 habet
1248 4244 1255 4280 ε
1268 4233 1294 4281 et
1306 4226 1330 4280 si
1339 4226 1418 4283 suerit
1431 4227 1469 4283 ibi
1476 4229 1617 4300 presbyter
1631 4229 1783 4298 ordinatus,

139 4327 259 4370 canones
282 4313 385 4378 dicunt,
410 4313 552 4385 praemissa
573 4315 707 4371 sententia
721 4315 755 4370 de
769 4317 936 4387 presbyteris
986 4310 1088 4366 nullum
1104 4313 1210 4368 lucrum
1224 4313 1287 4369 inde
1302 4322 1439 4371 terrenum
1459 4315 1578 4372 habehit.
1595 4317 1669 4372 Etsi
1685 4318 1713 4373 iu
1726 4320 1784 4390 ipsa
1831 4361 1836 4366 .

138 4408 164 4456 et
178 4388 346 4467 diaconibus,
358 4409 387 4456 ut
398 4402 563 4474 reliquorum
574 4402 735 4459 clericorum
746 4418 841 4458 causas
856 4404 936 4459 etiam
950 4399 976 4460 D
988 4399 1103 4455 ecclesia
1125 4403 1268 4474 presbyter
1282 4419 1337 4458 non
1351 4404 1432 4459 fuerit
1447 4405 1596 4472 ordinatus,
1612 4404 1718 4461 nullum
1732 4407 1783 4462 de·
1831 4433 1836 4440 ·

137 4487 212 4545 solus
227 4489 371 4561 episcopus
384 4489 439 4548 loci
452 4496 582 4564 agnoscat
597 4497 623 4544 et
637 4489 722 4546 finiat.
738 4492 773 4546 Et
788 4492 811 4546 si
824 4493 937 4564 presby·
986 4486 1143 4544 tulmentum
1156 4490 1200 4546 vel
1214 4491 1415 4548 incommodum
1430 4492 1568 4564 spirituale
1575 4501 1620 4548 aut
1629 4496 1783 4566 temporale
1821 4515 1836 4541 ε

49 4596 52 4601 ·
138 4578 199 4645 teri,
216 4577 333 4644 diaconi,
357 4576 401 4658 vel
415 4578 509 4633 caeteri
533 4576 669 4634 inferioris
682 4579 786 4652 gradus
801 4579 893 4635 clerici
908 4579 936 4635 in
985 4575 1048 4632 inde
1068 4577 1187 4632 habebit.
1215 4579 1268 4634 Sed
1291 4580 1396 4635 etmihi
1420 4581 1492 4636 nulla
1508 4581 1561 4637 alia
1573 4581 1637 4638 inde
1652 4592 1693 4639 est
1708 4600 1779 4652 cura,

140 4665 230 4721 causis
245 4681 312 4738 quas
327 4663 479 4732 habuerint,
494 4665 527 4720 de
539 4664 647 4735 judiciis
662 4667 853 4738 episcoporum
869 4683 934 4723 suo·
983 4663 1036 4718 nisi
1050 4672 1078 4719 ut
1091 4666 1168 4738 leges
1193 4667 1383 4724 ecclesiasticae
1408 4685 1458 4741 pro
1486 4678 1531 4725 tua
1560 4669 1705 4727 insolentia
1720 4673 1782 4729 inde
1814 4684 1836 4719 ε

137 4768 200 4808 rum
214 4753 303 4824 questi
325 4752 434 4822 iueriut,
461 4752 542 4809 vicini
563 4752 684 4824 episcopi
707 4770 766 4820 eos,
791 4770 853 4811 cum
866 4771 934 4812 con·
984 4767 1063 4806 suum
1077 4753 1198 4826 vigorem
1213 4770 1266 4809 non
1280 4757 1411 4826 perdant,
1427 4765 1454 4813 et
1468 4757 1592 4814 homines
1600 4759 1699 4817 exinde
1710 4776 1781 4818 coru·
1813 4781 1836 4796 ⁶

137 4855 222 4895 sensu
245 4841 286 4896 sui
315 4841 435 4912 episcopi
463 4841 581 4908 audiant,
596 4850 622 4897 et
636 4841 707 4897 inter
735 4857 782 4898 eos
804 4843 935 4901 diffiniant
983 4840 1149 4908 moditatem,
1174 4859 1255 4914 quam
1277 4844 1330 4915 ipsi
1353 4855 1379 4900 et
1400 4846 1442 4901 sui
1463 4850 1780 4922 antecessorasalonqo
1825 4862 1836 4888 ⁴

136 4927 250 4983 adhibiti
264 4927 298 4983 ab
315 4929 355 4983 cis
370 4929 500 5000 episcopi.
518 4929 597 4999 Quod
609 4930 660 4986 etsi
675 4931 709 4986 ab
725 4930 765 4986 eis
778 4946 932 5002 provoceu-
982 4934 1103 4998 tempore
1130 4931 1292 5002 hahuerunt,
1317 4932 1450 5002 amittant,
1480 4942 1507 4990 et
1534 4942 1563 4990 tu
1578 4935 1605 4990 in
1620 4937 1674 4994 hoc
1691 4938 1780 4995 Deum
1823 4952 1836 4983 n

135 5016 200 5073 dum
216 5017 370 5089 putaverint
384 5018 419 5072 ad
432 5018 562 5090 primates
588 5035 697 5074 suarum
720 5019 930 5091 provinciarum,
982 5013 1117 5072 offendas.
1132 5018 1237 5075 Deinde
1252 5020 1340 5076 minas
1354 5021 1466 5092 praeiato
1480 5021 1596 5079 intentas
1611 5023 1725 5093 clerico,
1737 5026 1783 5083 cui
1813 5015 1836 5075 l

133 5105 204 5162 sicut
218 5113 245 5162 et
259 5105 293 5162 de
315 5104 451 5177 episcopis
471 5121 545 5178 sape
569 5108 742 5164 constitutum
764 5116 806 5163 est
829 5123 932 5180 provo·
981 5103 1004 5158 si
1018 5104 1197 5174 prejudicium
1211 5107 1345 5176 intuleris,
1360 5117 1402 5164 est
1412 5111 1500 5180 iustus
1511 5112 1594 5180 judex
1608 5112 1656 5184 qui
1671 5114 1741 5171 inter
1754 5122 1779 5171 te
1832 5129 1836 5141 ⁴

133 5201 195 5249 cent
206 5210 214 5249 ι
226 5201 253 5249 et
267 5194 420 5265 omnesqui
435 5209 464 5250 se
478 5194 558 5250 laesos
572 5195 725 5252 existimant
740 5195 830 5251 adsint
840 5196 932 5253 conci·
980 5198 1007 5246 et
1019 5190 1096 5247 illum
1107 5194 1240 5263 judicabit
1257 5213 1263 5250 :
1280 5204 1306 5252 et
1321 5197 1344 5251 si
1358 5198 1392 5253 ad
1408 5199 1540 5271 synodum
1563 5201 1681 5270 venerit,
1706 5202 1780 5276 quod

132 5278 187 5347 liis,
203 5289 229 5337 et
243 5280 340 5353 synodi
363 5279 538 5353 experiantur
562 5297 692 5351 examen,
717 5290 744 5339 et
769 5285 847 5355 plura
871 5301 930 5357 quae
979 5286 1102 5335 nostrum
1124 5281 1182 5352 erit,
1211 5290 1239 5338 ut
1265 5284 1390 5354 praedixi,
1415 5288 1528 5360 exsequi
1554 5290 1777 5360 procurabimus.

136 5365 199 5423 hinc
214 5382 334 5425 canones
356 5369 458 5440 dicunt,
481 5369 587 5426 etmihi
609 5371 721 5442 longum
740 5381 781 5427 est
796 5373 928 5430 scribere,
979 5365 1057 5435 Quod
1072 5377 1162 5425 autem
1176 5371 1210 5427 de
1223 5371 1316 5428 missis
1339 5374 1408 5430 meis
1423 5375 1458 5430 ad
1473 5376 1608 5448 synodum
1622 5384 1699 5434 ittam
1713 5380 1779 5436 mii-

133 5453 270 5529 Quidquid
285 5456 450 5514 confratrum
473 5465 500 5515 et
524 5458 749 5532 coepiscoporum
771 5469 928 5517 nostrorum
977 5465 1067 5522 tendis
1082 5467 1234 5543 subjungis,
1246 5485 1300 5528 non
1309 5471 1455 5530 missorum
1465 5487 1587 5531 meorum
1595 5475 1631 5532 sd
1642 5477 1780 5550 synodum
