3826 6098
83 363 85 373 ν
123 290 173 341 ets

716 284 893 340 EPlSTOLAE
909 285 953 338 Er
981 284 1152 340 bachatur.

1717 297 1767 347 81⁵1

125 394 208 464 stiam
224 426 289 481 arga
302 427 351 465 nos
367 411 469 465 unitate
485 411 577 482 rigere
588 418 740 472 cernentes,
757 410 812 463 imo
823 408 921 479 gaude·
935 407 962 465 Α
974 417 1001 461 ut
1016 418 1109 463 nostra
1123 408 1270 479 apostolica
1285 409 1444 463 auctoritate
1463 410 1524 465 illos
1549 412 1770 467 excommunice-

127 514 196 561 mus,
223 506 249 553 et
271 507 300 553 ut
324 499 496 568 omnipotens
519 498 714 553 intercessione
735 497 922 567 apostolorum
975 497 1017 559 tis,
1034 513 1087 567 quo
1104 496 1204 552 relictis
1225 497 1324 550 talibus
1349 496 1596 566 depredationibus
1615 498 1649 553 ad
1666 509 1771 569 patrem

125 585 277 656 principum
307 602 356 641 vos
382 587 460 641 Patre
484 587 637 641 desiderato
661 593 814 656 recuperet,
831 592 921 639 vestro
974 593 1000 639 et
1024 585 1159 639 seniorem
1185 585 1299 639 redeant
1323 592 1349 638 et
1376 583 1487 654 pacifice
1515 586 1616 640 vivant.
1644 587 1714 641 Data
1738 592 1771 642 ot

126 689 175 744 pro
191 674 260 729 velle
275 675 486 730 decertabimus.
510 675 643 729 Caeterum
668 680 809 728 monentes
829 673 923 726 horta·
974 689 1068 742 supro.

127 777 194 823 mur,
211 770 238 817 et
253 778 383 832 expresse
394 763 530 829 jubemus,
547 768 576 816 ut
590 762 642 830 jam
655 778 734 832 quem
749 759 922 824 unanimiter,

127 851 266 921 quomodo
280 850 436 921 scripsistis,
452 850 583 920 elegistis,
600 848 762 904 unanimiter
784 864 845 902 eum
866 847 924 902 ele-

126 946 200 993 ctum
216 938 342 1004 teneatis,
358 938 479 1008 diligatis
493 946 520 992 et
535 946 625 993 restro
640 937 674 992 de
685 953 760 992 more
770 937 923 991 honoretis:

126 1033 153 1080 et
167 1040 320 1097 usquequo,
337 1026 395 1080 Deo
407 1035 551 1088 annuente,
571 1024 714 1095 prasentia
728 1022 859 1094 pontificii
874 1039 924 1078 no·

126 1113 173 1168 stri
189 1113 326 1169 desiderio
342 1122 433 1168 vestro
447 1113 575 1180 illuxerit,
585 1114 767 1169 Ravennatem
782 1111 925 1166 ecclesiam

124 1201 160 1255 ab
175 1202 304 1256 omnibus
319 1202 441 1256 hostibus
456 1201 601 1264 defendite,
614 1200 862 1270 depraedationibus
876 1214 925 1268 pro

125 1305 209 1359 posse
224 1289 322 1355 levate,
339 1290 445 1359 reipsa
460 1290 578 1345 ecclesia
598 1289 716 1359 aliquam
741 1288 924 1358 depredatio-

126 1392 190 1432 nem
206 1377 347 1443 sustineat,
361 1379 486 1449 quoniam
510 1393 560 1431 nos
575 1378 626 1431 hoc
649 1377 762 1430 inultum
786 1390 926 1445 nunquam

125 1465 304 1534 dimittemus,
319 1474 346 1520 et
361 1467 529 1536 praedatores
544 1465 778 1535 praedatorumque
798 1471 925 1533 recepto-

124 1570 172 1608 res
187 1553 270 1624 legali
295 1555 391 1624 rigore
416 1553 506 1608 modis
522 1553 660 1608 omnibus
681 1552 816 1607 feriemus.
842 1552 926 1606 Porro

123 1642 301 1713 praecipimus
315 1651 345 1696 ut
359 1658 404 1697 res
418 1642 533 1696 mobiles
541 1650 565 1696 et
577 1641 729 1695 immobiles
739 1656 854 1710 seseque
869 1655 928 1695 mo-

125 1737 226 1785 rantes
246 1728 396 1784 Deusdedit
424 1738 450 1784 at

126 1825 285 1872 nostrorum
298 1817 526 1882 consiliariorum,
543 1817 659 1882 salvare,
676 1826 701 1871 et
721 1817 748 1871 in
772 1817 842 1883 illas,
859 1833 927 1887 quas

1307 769 1440 823 CLXXX.

1198 872 1233 910 xo
1253 871 1389 912 annonast
1408 871 1541 911 costrrrrr.

1285 947 1374 1012 (Anno
1389 945 1464 1014 879.)

1077 1034 1166 1088 thanet
1183 1034 1356 1105 utquosdom
1371 1034 1543 1103 facinorosos
1556 1036 1668 1105 puniet.

1012 1147 1123 1201 Hucorrr
1137 1146 1258 1219 glorioso
1271 1146 1371 1201 comiti.

1011 1232 1156 1289 Referente
1171 1235 1295 1289 videlicet
1310 1236 1361 1289 hoc
1377 1235 1435 1289 viro
1450 1236 1558 1289 nomine
1579 1277 1585 1288 .
1608 1277 1614 1290 .
1636 1277 1642 1289 .
1666 1277 1672 1289 .
1694 1237 1773 1292 audi-

977 1321 1064 1375 vimus
1078 1322 1151 1392 quod
1167 1322 1251 1377 vestri
1267 1323 1401 1385 homines,
1417 1322 1533 1376 maxime
1549 1322 1690 1378 Conterius
1710 1340 1774 1381 suos

977 1424 1062 1479 equos
1076 1409 1203 1464 tollentes
1219 1426 1280 1463 suas
1296 1411 1453 1465 mansiones
1468 1411 1644 1480 praedassent.
1655 1410 1776 1482 Quapro-

976 1504 1037 1567 pter
1051 1497 1190 1552 hortantes
1206 1514 1347 1554 monemus
1362 1506 1391 1552 ut
1401 1515 1451 1569 pro
1460 1498 1642 1568 apostolorum
1653 1515 1775 1555 reveren·

978 1584 1012 1638 tia
1026 1593 1053 1639 et
1066 1592 1160 1640 nostro
1175 1602 1278 1650 amore,
1296 1602 1375 1656 quam
1390 1586 1466 1656 petiit
1478 1586 1619 1655 justitiam,
1635 1586 1674 1641 illi
1685 1587 1776 1642 facere

566 1729 570 1739 ,
687 1729 691 1739 ,
980 1674 1117 1745 satagatis.
1136 1675 1172 1727 lta
1187 1683 1250 1745 agat
1260 1674 1287 1728 in
1302 1674 1352 1728 hoc
1367 1682 1458 1729 restra
1473 1674 1598 1728 nobilitas
1613 1683 1642 1728 ut
1656 1683 1775 1730 acturam

476 1730 597 1794 sommis,
623 1729 805 1801 8¹⁰s¹⁰⁵⁰¹⁸⁰¹¹¹
826 1728 924 1783 d⁰⁰¹¹¹¹¹
939 1751 1123 1827 Bcredimus,
1141 1770 1206 1815 utet
1221 1761 1271 1831 ipsi
1296 1761 1488 1817 malefactores
1509 1762 1593 1816 nostri
1616 1777 1776 1819 excommu-

976 1849 1111 1916 nicentur,
1143 1849 1205 1919 quia
1233 1865 1287 1903 non
1311 1849 1364 1903 tale
1392 1848 1476 1918 nefas,
1500 1857 1598 1906 utnon
1620 1849 1773 1920 ulciscatur,

124 1905 261 1959 hactenus
276 1905 386 1959 invasas
401 1905 562 1969 habuerunt,
588 1903 687 1958 nullam
702 1903 870 1958 invasionem
884 1902 928 1957 fa·
977 1936 1118 1991 dominere
1136 1937 1288 2008 nequimus·
1306 1937 1373 1991 Dm
1388 1940 1421 1992 ut
1431 1953 1527 2010 supra.

124 1992 243 2056 cientes,
260 1991 368 2047 illorum
385 1993 540 2048 hominibus
553 1991 690 2046 defendite
707 1993 783 2060 :iarn
798 1991 861 2062 quia
877 2006 928 2045 no·

125 2088 187 2134 stro
203 2087 316 2134 utuntur
330 2080 451 2145 servitio,
469 2089 561 2135 nostra
575 2080 665 2135 modis
688 2080 813 2134 omnibus
829 2079 930 2133 debent

1304 2068 1451 2124 CLXXXl.

125 2166 236 2238 perfrui
261 2166 430 2234 gerensque,
462 2168 593 2223 sempor,
618 2169 696 2236 hujus
715 2168 817 2236 jussus,
843 2167 931 2239 gratia
976 2165 1012 2206 xo
1031 2167 1167 2208 uunorrsx
1185 2167 1384 2207 rrrsonsrucmr
1401 2167 1436 2206 rr
1456 2166 1625 2208 snxnxnnux
1644 2167 1771 2209 coxrrxs.

123 2256 301 2326 corruptoris
334 2272 383 2326 pro
418 2257 497 2324 iussu
535 2257 583 2311 erit
625 2255 799 2311 nihilominus
832 2270 930 2324 compo

122 2343 244 2399 sitori⁸.

446 2451 615 2507 CLXXVlll.

258 2553 294 2594 tn
313 2555 424 2594 inntens
443 2555 478 2593 sr
497 2555 585 2594 nuens
605 2554 800 2594 nxrsxsxrns.

445 2631 535 2697 thano
551 2627 626 2698 878.)

145 2717 231 2772 lubet
243 2720 274 2771 at
294 2718 439 2770 ciuitatem
453 2721 553 2772 corr-tro
569 2717 748 2770 lambertum
763 2717 886 2770 viriliter

486 2803 652 2873 defendunt.

166 2909 305 2965 Omnibus
314 2907 452 2977 judicibus
467 2918 492 2963 et
508 2909 623 2963 ducibus
639 2925 688 2963 seu
703 2907 810 2979 populis
824 2908 933 2962 havert-

126 3009 174 3049 nae
190 2991 424 3048 commorantibus
437 2990 564 3046 fidelibus
579 2991 689 3046 nostris,

166 3079 332 3135 Industriam
348 3095 395 3133 seu
410 3079 530 3133 onmium
541 3078 698 3135 fidelitatem
706 3094 788 3133 nosse
798 3078 932 3144 volumus,
950 3101 974 3163 C

129 3172 266 3240 quoniam
279 3167 365 3222 relatu
386 3168 562 3238 quorumdam
583 3166 746 3231 audirimus,
763 3176 792 3220 ut
814 3166 934 3221 loannes

129 3256 266 3312 diaconus
291 3254 471 3311 chartularius
495 3249 593 3324 deviet,
617 3264 644 3308 et
668 3254 776 3310 francos
799 3253 936 3308 lamberti

131 3354 228 3400 contra
252 3342 412 3398 electionem
434 3351 552 3398 nostram
577 3343 711 3398 conducat
732 3342 827 3397 :unda
850 3340 934 3395 mitti-

132 3448 194 3487 mus
219 3430 424 3502 apostolicaque
448 3431 608 3486 auctoritate
634 3431 761 3504 jubemus
785 3437 813 3484 ut
841 3445 936 3484 omnes

133 3520 278 3575 unanimes
296 3535 401 3590 rataque
416 3517 572 3574 fidelitatem
588 3528 659 3573 stare
670 3518 790 3574 debeatis
805 3526 831 3572 et
845 3516 936 3572 defen·

135 3609 199 3664 dere
223 3608 313 3678 ipsam
336 3607 482 3671 civitatem,
508 3608 543 3660 ita
567 3615 595 3661 ut
616 3606 706 3661 nullus
730 3606 775 3678 qui
795 3605 937 3660 vobiscum

135 3711 189 3752 non
206 3703 270 3762 stat,
288 3695 397 3751 francos
420 3696 457 3750 ibi
481 3695 596 3750 conduci
619 3694 755 3750 Lamberti
777 3693 809 3766 [s.
827 3693 937 3749 francos

136 3783 170 3839 ibi
194 3798 257 3839 cunr
279 3783 349 3838 duce
370 3783 524 3848 Lamberto,
548 3781 612 3855 etc]
636 3782 707 3837 intus
730 3782 868 3852 permittat
892 3781 936 3836 in-

136 3871 225 3944 gredi,
240 3886 293 3926 nec
308 3870 366 3941 ipse
384 3869 543 3925 lambertus
557 3870 593 3924 ibi
605 3871 799 3942 quoquomodo
809 3886 937 3926 accessus

135 3959 245 4024 habeat,
263 3974 315 4014 nec
330 3975 395 4014 suus
409 3959 491 4014 homo
507 3957 543 4012 ibi
562 3958 664 4013 intrare
679 3958 766 4029 possit
782 3976 788 4012 :
806 3958 842 4012 ita
857 3956 937 4011 iubis

137 4049 219 4122 agite,
236 4047 306 4102 sicut
319 4046 369 4102 Dei
386 4056 412 4101 et
426 4057 547 4101 nostram
562 4046 679 4118 gratiam
703 4045 805 4101 habere
828 4044 935 4115 cupitis,

138 4137 266 4209 quoniam
282 4136 327 4208 qui
343 4135 421 4190 aliter
437 4134 541 4200 fecerit,
559 4143 584 4188 et
598 4142 718 4189 nostram
734 4134 800 4188 iram
816 4133 935 4199 habebit,

139 4233 162 4281 et
174 4224 251 4281 mille
266 4224 415 4296 byzanteos
428 4223 529 4294 palatio
544 4230 639 4277 nostro
654 4229 808 4293 componet.
821 4222 891 4276 Data
905 4224 938 4276 ct
1008 4228 1012 4236 '

139 4330 233 4387 supra.

466 4417 612 4473 CLXXIX.

245 4523 282 4562 nn
300 4521 499 4562 rnroooxrcust
517 4521 552 4560 nr
572 4518 650 4559 istac
669 4517 827 4558 srrsnoros.

448 4595 539 4664 <Anno
555 4593 629 4663 879.)

144 4687 272 4757 Proecipit
286 4688 320 4739 ot
330 4683 578 4739 excommunicent
590 4697 635 4736 eos
645 4683 693 4752 qut
711 4681 829 4753 ll'r'perto
840 4679 938 4734 comiti

174 4757 268 4825 filium
282 4756 456 4826 eripuerant,
472 4756 500 4807 et
511 4753 651 4824 regionem
667 4752 748 4806 illam
761 4749 938 4822 populatae·

175 4831 232 4881 tar.

174 4936 419 4995 Reverendissimis
435 4945 460 4991 et
471 4934 650 4991 sanctissimis
659 4936 839 4989 Theonoruco
851 4932 939 4989 archi-

143 5027 281 5097 episcopo,
297 5033 324 5080 et
339 5027 419 5079 lsxxc
434 5024 573 5094 episcopo.

175 5113 288 5169 Noverit
302 5121 392 5167 restra
414 5111 579 5182 religiositas
602 5111 667 5181 quia
690 5111 831 5180 Wipertns
846 5125 939 5164 comes

141 5201 295 5257 reclamans
309 5197 448 5271 pontificio
463 5208 556 5254 nostro
572 5198 672 5262 retulit,
690 5198 762 5270 quod
777 5197 885 5268 quidam
897 5196 938 5252 sui

141 5290 267 5346 homines
289 5287 480 5345 malefactores
508 5303 587 5342 suum
617 5285 701 5341 filiurn
729 5286 885 5341 sustulerint
913 5292 939 5340 et

140 5396 202 5435 eum
217 5394 251 5433 eo
265 5387 365 5432 terram
380 5376 569 5447 praedarerint.
594 5373 766 5446 Quapropter
784 5373 937 5444 dirigimus,

177 5531 189 5557 ⁸
207 5530 287 5580 Locus
299 5531 436 5590 corruptus.
459 5604 463 5610 =

1299 2244 1378 2294 Anno
1398 2243 1459 2294 879.

982 2331 1015 2386 tlt
1029 2329 1166 2384 amicitie
1181 2252 1388 2399 ctioritritisque
1400 2243 1490 2399 setteis
1500 2346 1565 2384 cem
1575 2332 1678 2386 Boreae
1688 2331 1779 2387 tetam

1319 2420 1441 2471 servent.

1018 2524 1138 2583 Hucosr,
1155 2523 1335 2576 Tnsonsncro
1351 2529 1377 2576 et
1387 2523 1531 2588 Bsnxxno,
1543 2523 1731 2578 illustrissimis
1743 2540 1784 2580 ra·

982 2611 1029 2682 gni
1045 2611 1221 2664 Francorum.

1018 2698 1115 2752 Fretus
1131 2707 1221 2752 restra
1231 2697 1431 2769 ingenuissima
1446 2698 1596 2764 nobilitate,
1622 2707 1703 2770 atque
1718 2700 1784 2755 obe·

984 2786 1094 2850 dianna,
1112 2802 1191 2858 quam
1207 2793 1317 2855 propter
1333 2787 1420 2840 Deum
1431 2786 1510 2840 nobis
1520 2786 1656 2859 condigne
1667 2787 1784 2856 debetis,

984 2874 1192 2929 dilectissimum
1221 2872 1306 2927 filium
1344 2882 1466 2928 nostrum
1492 2875 1645 2944 Rusonem,
1666 2884 1788 2931 restrum

984 2963 1141 3017 unanimem
1170 2962 1282 3016 fratrem
1311 2970 1337 3016 et
1364 2962 1570 3030 amicissimum,
1590 2971 1620 3017 ut
1643 2963 1789 3020 insolubile

987 3050 1124 3105 vinculum
1140 3050 1291 3113 charitatis,
1309 3049 1452 3121 foedusque
1462 3051 1597 3117 amicitie,
1607 3052 1680 3123 quod
1695 3067 1787 3107 coram

987 3138 1044 3193 Deo
1059 3139 1179 3193 vicissim
1203 3138 1365 3209 colligastis,
1385 3153 1494 3202 moneo,
1519 3141 1620 3205 hortor,
1646 3139 1721 3193 nulla
1736 3140 1788 3194 ho-

986 3226 1089 3279 miuum
1119 3225 1188 3280 male
1213 3225 1380 3295 loquentium
1406 3225 1514 3297 lingua,
1540 3225 1614 3280 nullo
1645 3226 1790 3294 cujuslibet

987 3312 1089 3367 fraudis
1105 3313 1226 3385 ingenio,
1243 3313 1285 3367 rol
1308 3313 1462 3368 inmodico
1487 3314 1679 3383 quoquomodo
1703 3313 1790 3385 possit

987 3401 1066 3455 avelli
1084 3419 1090 3454 :
1107 3401 1156 3455 sed
1172 3401 1288 3456 Domino
1303 3400 1459 3463 auxiliante,
1476 3400 1568 3456 dilecti
1581 3401 1628 3455 tilii
1643 3402 1730 3456 nostri
1740 3403 1789 3456 Lu·

987 3489 1076 3544 dorici
1092 3489 1166 3560 regis
1181 3489 1300 3545 animum
1317 3504 1463 3560 argaeum
1480 3488 1646 3544 immobilem
1663 3498 1689 3545 et
1711 3497 1786 3544 tran-

988 3577 1100 3647 quillum
1115 3593 1224 3648 semper
1238 3577 1364 3641 servetis,
1381 3584 1408 3630 et
1432 3576 1521 3630 omnia
1543 3591 1593 3631 sua
1608 3577 1682 3631 salva
1706 3586 1787 3649 atqua

987 3663 1102 3734 pacifica
1116 3673 1292 3729 conservate3
1313 3665 1442 3734 quoniam
1466 3681 1515 3734 pro
1538 3665 1580 3719 his
1599 3666 1634 3719 ab
1658 3665 1786 3736 omnipo-

987 3761 1060 3808 tente
1076 3754 1133 3808 Deo
1149 3760 1175 3807 et
1189 3752 1269 3808 beato
1285 3753 1365 3808 Petro
1388 3752 1512 3823 apostolo
1527 3752 1622 3808 futurae
1636 3753 1697 3809 vitae
1712 3770 1786 3809 mer·

987 3841 1092 3910 cedem,
1106 3850 1133 3896 et
1148 3857 1164 3895 a
1178 3841 1257 3896 nobis
1272 3849 1299 3894 et
1313 3841 1348 3895 ab
1362 3840 1408 3895 illo
1423 3839 1595 3895 fidelissimas
1606 3841 1787 3898 amicitiarum

989 3929 1123 4001 recipietis
1139 3930 1197 3984 sine
1211 3929 1294 3984 dubio
1310 3928 1511 3984 retributiones.
1529 3930 1598 3984 Data
1612 3933 1750 4002 utsupra.

1296 4075 1458 4131 CLXXXll.

1184 4177 1219 4215 xo
1240 4176 1401 4216 nutaturus
1419 4176 1584 4216 nosscuuxr.

1296 4249 1386 4319 (huno
1408 4248 1482 4319 879.)

991 4338 1023 4393 Ut
1040 4336 1156 4408 Wiperto
1167 4336 1291 4407 episcopo
1308 4334 1425 4399 obediat,
1443 4338 1492 4406 qai
1506 4351 1571 4390 eum
1589 4351 1640 4406 per
1656 4334 1788 4393 dimisso·

1263 4422 1511 4494 riom'ocquisivit.

1024 4511 1166 4564 Vutcxnro
1185 4511 1329 4565 monacho.

1024 4599 1148 4669 Denique
1171 4598 1263 4653 Trecis
1288 4597 1369 4669 positi
1391 4613 1441 4669 per
1462 4598 1644 4668 nosmetipsos
1658 4599 1788 4670 cognovi-

989 4703 1050 4741 mus
1075 4687 1190 4758 qualiter
1213 4687 1356 4757 Wipertus
1383 4687 1543 4757 episcopus,
1574 4686 1688 4742 devotus
1717 4685 1787 4743 filius

988 4784 1090 4842 noster,
1106 4784 1162 4830 tea
1178 4776 1289 4846 proprio
1304 4775 1433 4845 episcopo
1454 4782 1535 4845 atque
1558 4774 1656 4829 abbate
1676 4791 1726 4846 per
1741 4776 1786 4832 di-

989 4865 1143 4920 missoriam
1166 4863 1319 4935 acquisivit,
1336 4871 1379 4917 tua
1402 4863 1492 4933 potius
1516 4863 1711 4919 interveniente
1734 4881 1786 4936 pe·
1827 4894 1831 4902 ·

988 4953 1093 5008 titione.
1114 4951 1286 5022 Quapropter
1299 4950 1426 5006 convenit
1441 4950 1488 5004 tibi
1502 4966 1534 5005 ex
1548 4949 1592 5005 die
1607 4950 1664 5015 illo,
1677 4959 1704 5007 et
1713 4951 1787 5006 dein-

988 5057 1063 5112 ceps,
1084 5048 1210 5111 tanquam
1234 5038 1344 5109 proprio
1371 5039 1498 5103 obedire,
1529 5054 1644 5110 eumque
1666 5047 1694 5093 ut
1718 5053 1786 5108 pro·

988 5129 1078 5200 prium
1093 5137 1228 5198 pastorem
1245 5126 1322 5197 sequi
1337 5142 1392 5180 non
1407 5127 1606 5196 praetermittas,
1624 5126 1695 5197 quia,
1712 5127 1786 5198 quod

988 5233 1043 5272 non
1057 5224 1190 5285 optamus,
1208 5215 1230 5270 si
1253 5214 1330 5269 aliter
1351 5203 1458 5280 seceris,
1475 5213 1610 5269 vinculum
1626 5229 1785 5270 excommu-

989 5302 1130 5361 nicationis
1146 5319 1227 5373 super
1250 5311 1274 5357 te
1298 5302 1491 5358 rationabiliter
1513 5302 1699 5357 extendemus.
1716 5304 1787 5359 Data

989 5397 1020 5448 ut
1035 5408 1129 5463 supro.
