3794 6104
178 208 230 262 tot
693 203 865 261 thcttxttt
883 201 1085 260 ananensis
1105 202 1381 260 sucatnrtscctl.
1784 212 1840 262 lbi

177 337 221 386 tus
241 328 344 401 judicio
366 329 545 386 examinatur.
574 329 608 385 Et
630 328 693 384 item
709 327 737 382 in
761 342 840 385 sacra
866 320 979 383 historia
993 327 1125 394 ACredis
1149 335 1176 383 et
1202 328 1229 382 in
1260 327 1390 399 Spiritum
1420 329 1569 384 sanctum?
1599 328 1698 383 Dixisti
1715 347 1723 383 :
1740 330 1840 396 Credo,

178 419 298 492 legimus
314 419 377 492 quia
391 418 465 475 venit
477 418 552 474 Elias
566 417 600 474 ad
616 417 757 489 jordanem
767 433 829 472 curn
848 415 982 488 discipulo
1033 416 1111 471 tertio
1136 416 1263 483 mersisti,
1293 425 1322 472 ut
1348 416 1525 487 multiplicem
1553 417 1660 488 lapsum
1691 419 1840 489 superioris

178 507 282 575 Elissa,
299 516 326 565 et
340 506 461 565 involuto
477 506 557 579 pallio
578 522 639 563 sno·
650 492 784 577 percussit
807 520 904 576 aquas,
920 521 982 578 qnae
1032 505 1117 560 artatis
1131 505 1284 560 absolveret
1298 505 1370 561 trina
1384 505 1531 561 consessio.
1549 506 1684 578 Denique,
1716 514 1745 561 ut
1760 508 1839 562 vobis

181 596 276 653 divisae
299 605 371 664 suut,
395 603 422 653 et
448 595 611 652 transierunt
638 594 729 650 ambo.
761 595 859 649 Postea
881 593 982 649 levavit
1032 592 1178 648 afferamus
1209 595 1375 665 exemplum,
1408 603 1519 650 sanctus
1554 595 1698 666 apostolus
1725 597 1837 664 Petrus,

180 683 290 742 Eliseus
304 684 414 757 pallium
429 684 497 740 Eliae
511 683 583 756 quod
606 682 741 740 ceciderat
764 683 799 750 ei,
828 690 855 737 et
868 682 982 739 veniens
1032 690 1210 754 posteaquam
1224 682 1251 737 in
1267 684 1393 754 passione
1408 683 1517 738 Domini
1533 684 1628 754 lapsus
1644 683 1755 739 videtur
1768 684 1839 739 intir-

179 775 211 829 ad
224 775 367 844 iordanem
381 773 517 844 percussit
539 776 641 844 aquas,
658 781 750 843 atque,
782 772 908 827 invocato
925 773 983 826 Deo
1032 771 1125 826 mitate
1145 771 1308 827 conditionis
1330 772 1462 838 humanae,
1493 772 1540 843 qui
1567 780 1649 828 antea
1677 782 1837 846 negaverat,

180 861 258 928 nna,
274 861 365 919 divisit
381 878 412 918 ac
427 860 534 916 transiit
548 862 574 933 (l
579 863 598 918 V
611 863 674 933 Rep.
686 860 728 931 11).
741 859 825 915 Recte
842 859 922 914 enim
932 874 983 930 per
1032 867 1138 930 postea,
1153 869 1182 914 ut
1197 860 1271 914 illum
1288 860 1393 931 lapsum
1408 860 1533 916 aboleret
1548 869 1575 915 ct
1595 861 1728 927 solveret,
1760 863 1840 919 tertio

180 950 325 1007 Jordanem
353 949 441 1005 tluxus
463 957 564 1005 nostrae
593 948 764 1004 mortalitatis
801 947 982 1019 exprimitur,
1033 948 1219 1021 interrogatus
1234 949 1371 1004 aChristc
1386 949 1409 1003 si
1424 948 1561 1003 Christum
1578 958 1695 1016 amaret,
1714 958 1771 1004 turn
1795 951 1839 1007 ille

178 1039 239 1112 quia
254 1047 281 1094 et
298 1038 424 1094 Jordanis
454 1038 549 1093 Latine
577 1037 677 1093 dicitur
704 1038 854 1094 descensus
875 1052 981 1102 aarum,
1033 1036 1106 1101 dicit,
1126 1039 1164 1091 Tu
1179 1038 1264 1106 orosii,
1277 1039 1552 1109 Donriae,qaiuomo
1563 1038 1693 1110 tellccn.
1711 1055 1772 1106 xm,
1785 1042 1836 1110 tc).

180 1126 284 1185 scilicet
299 1127 525 1183 Christianorum.
542 1125 623 1195 Quia,
640 1126 727 1200 inquit
742 1125 895 1197 Gregorius
905 1126 981 1195 (lior.
1034 1124 1126 1179 Tertio
1142 1124 1217 1191 dixit,
1234 1134 1263 1180 ιιι
1277 1126 1356 1181 tertio
1364 1126 1564 1182 absolveretur.
1584 1148 1595 1176 ι
1613 1126 1659 1183 Sic
1675 1134 1703 1181 et
1714 1126 1839 1183 iuventus

176 1214 224 1271 lib.
234 1230 368 1286 nuntiae.
379 1216 418 1287 6),
429 1213 985 1285 intordauellumineipseauctorredem-
1034 1213 1062 1267 iu
1075 1213 1178 1280 judicio
1193 1213 1299 1283 noxius,
1318 1214 1339 1268 si
1356 1212 1436 1269 luerit
1451 1214 1519 1269 sorte
1534 1231 1616 1285 super
1631 1215 1710 1285 plura
1740 1230 1838 1285 suspe-

178 1304 280 1377 ptiouis
294 1312 396 1361 nostrae
410 1303 543 1375 baptizari
554 1303 681 1376 dignatus
695 1311 745 1368 est,
762 1310 837 1358 recte
858 1302 984 1357 iordanis
1034 1309 1103 1369 ctus,
1136 1302 1233 1358 iterato
1261 1310 1301 1357 est
1327 1302 1430 1371 judicio
1461 1303 1670 1372 examinandus,
1695 1319 1838 1375 quousque

178 1393 291 1450 nomine
304 1407 400 1448 eorum
423 1390 567 1448 multitudo
591 1390 761 1462 exprimitur,
787 1390 833 1462 qui
855 1390 926 1445 inter
940 1406 985 1444 sa·
1033 1390 1187 1446 inveniatur
1201 1391 1399 1446 emendationis
1410 1391 1582 1447 consessione
1597 1392 1743 1462 probatus.
1756 1392 1792 1447 Et
1804 1391 1837 1446 ad

179 1489 347 1538 aramentum
362 1478 530 1552 baptismatis
546 1488 679 1537 tenentur.
696 1479 774 1536 Unde
790 1479 924 1551 scriptum
944 1488 986 1534 est
1034 1481 1087 1535 hoo
1110 1495 1281 1534 assumamus
1310 1480 1395 1536 sancti
1418 1479 1554 1535 Ambrosii
1582 1480 1665 1536 verba
1689 1480 1836 1537 dicentis:

175 1569 203 1627 in
217 1570 270 1626 lob
284 1569 319 1626 de
334 1569 445 1641 antiquo
465 1569 543 1625 hoste
568 1568 680 1624 humani
702 1566 836 1641 generis:
854 1567 985 1624 Eilrabet
1038 1590 1048 1617 ι
1068 1568 1192 1640 Denique
1207 1576 1236 1622 ut
1258 1568 1336 1624 vobis
1366 1567 1513 1624 afferamus
1536 1569 1702 1640 exemplum,
1729 1576 1837 1625 sanctus

177 1655 1175 1756 fiduciamqaodinsiuallordanisinosejusllobxu,18);Bapostolus
1194 1657 1290 1712 l‘etrns
1314 1665 1492 1729 posteaquam
1518 1657 1546 1712 in
1570 1659 1701 1730 passione
1731 1658 1838 1713 Domini

178 1746 241 1820 quia
264 1754 408 1821 postquam
430 1744 557 1802 infideles
580 1761 703 1819 quosque
718 1760 735 1801 a
753 1743 848 1800 mundi
874 1743 983 1817 origine
1034 1745 1128 1816 lapsus
1149 1745 1257 1801 videtur
1278 1745 1432 1802 infirmitate
1455 1746 1617 1803 conditionis
1639 1749 1778 1813 humanae,
1795 1747 1838 1818 qui

177 1845 275 1917 rapuit,
292 1844 380 1901 adhuc
390 1859 420 1899 se
434 1859 517 1915 posse
532 1843 671 1915 suscipere
694 1842 776 1899 etiam
799 1841 896 1898 fideles
912 1858 980 1912 prae
1034 1843 1096 1890 ante
1110 1845 1268 1907 negaverat,
1284 1843 1381 1906 postea
1397 1845 1425 1890 ut
1440 1836 1516 1890 illum
1534 1836 1641 1906 lapsum
1670 1836 1797 1891 aboleret
1811 1845 1840 1891 et

179 1934 272 1989 sumit.
288 1933 359 1990 Nam
373 1948 422 1990 ore
435 1932 572 2006 pestilera
585 1932 769 2005 persuationis
784 1946 831 1986 eos
861 1931 982 2003 quotidie

178 2022 290 2079 devorat
308 2021 337 2077 in
356 2021 455 2095 quibus
474 2039 490 2077 a
513 2021 689 2079 confessione
713 2021 776 2076 fidei
794 2019 914 2092 reproba
929 2019 983 2075 vita

177 2110 323 2168 discordat.
346 2111 424 2169 Unde
446 2127 478 2168 ac
502 2112 526 2167 si
554 2110 637 2184 pallio
664 2109 733 2166 Elisa
761 2109 882 2166 involuto
910 2123 982 2180 aqua

175 2200 365 2272 percutituret
380 2199 491 2269 divitur,
509 2208 536 2255 et
557 2215 608 2271 per
637 2214 698 2256 eam
721 2198 851 2253 transitus
877 2212 983 2268 praepa-

1035 1923 1161 1993 solveret,
1187 1923 1265 1979 tertio
1294 1924 1505 1997 interrogatura
1533 1924 1640 1981 Christo
1656 1924 1680 1979 si
1701 1925 1838 1980 Christum

1034 2020 1148 2081 amaret,
1167 2019 1222 2066 turn
1237 2012 1281 2067 ille
1297 2012 1362 2068 dicit
1377 2031 1384 2066 ε
1405 2015 1442 2068 Tc
1453 2015 1538 2078 nosti,
1551 2015 1678 2079 Domine,
1692 2015 1761 2086 quio
1776 2029 1837 2070 cmo

1035 2105 1071 2156 lc.
1084 2101 1175 2155 Tertio
1185 2100 1260 2167 dixit,
1277 2108 1306 2154 ut
1320 2101 1399 2156 tertio
1408 2101 1603 2157 absolveretur.
1623 2122 1635 2151 a
1649 2103 1684 2156 Et
1696 2101 1833 2173 quoniam,

1034 2189 1103 2244 sicut
1118 2205 1202 2261 supra
1217 2190 1386 2244 ostendimus
1398 2190 1489 2244 divina
1497 2191 1656 2246 auctoritate
1672 2185 1837 2261 baptismum

176 2296 260 2357 ratur,
275 2289 385 2360 quando
400 2289 478 2358 tales,
494 2294 525 2343 ut
538 2287 735 2358 praemissimus
750 2302 783 2342 ex
795 2285 885 2342 verbis
896 2290 982 2343 saneti
1033 2293 1095 2333 esse
1107 2278 1248 2347 judicium,
1266 2279 1339 2333 unde
1354 2286 1379 2333 ει
1395 2279 1522 2334 Jordanis
1536 2279 1672 2351 baptisma
1687 2280 1837 2353 designans

178 2376 314 2450 Gregorii,
339 2376 504 2448 colligantur
526 2384 554 2431 et
574 2375 602 2430 in
624 2391 724 2448 aquam
747 2374 916 2430 dimittuntur
932 2389 939 2428 :
956 2380 983 2428 et
1033 2374 1222 2445 interpretatur
1241 2376 1319 2431 riuus
1344 2376 1457 2447 judicii,
1489 2391 1542 2448 quo
1566 2376 1697 2448 princeps
1730 2377 1834 2445 mundi,

179 2465 256 2538 quasi
270 2479 343 2538 aqua
357 2463 496 2534 dividitur,
512 2479 575 2520 cum
589 2472 634 2519 aut
662 2463 796 2537 quosdam
824 2478 895 2535 aqua
910 2463 982 2518 reci·
1032 2464 1158 2527 mendax,
1175 2472 1201 2518 et
1215 2472 1294 2534 pater
1315 2465 1374 2534 ejus
1397 2463 1471 2519 loras
1499 2464 1615 2535 ejicitur,
1631 2473 1658 2521 et
1669 2466 1835 2538 baptismum

177 2555 225 2625 pit,
249 2562 275 2609 et
298 2553 425 2609 innoxios
449 2552 577 2620 ostendit,
608 2560 654 2608 aut
682 2551 816 2624 quosdam
840 2550 939 2620 rejicit,
955 2559 983 2605 ει
1033 2552 1176 2607 consilium
1195 2553 1245 2607 Dei
1260 2560 1312 2619 est,
1336 2553 1482 2623 consilium
1510 2553 1594 2608 divini
1606 2554 1659 2608 viri
1688 2556 1724 2609 ad
1743 2555 1836 2628 ignota

178 2642 276 2699 noxios
299 2658 362 2699 esse
388 2641 576 2708 demonstrat3
602 2649 629 2697 et
651 2640 780 2697 transitus
804 2646 980 2712 preparatur,
1032 2640 1221 2713 investiganda
1237 2643 1398 2697 invenerunt
1418 2642 1550 2711 judicium
1565 2658 1643 2713 aquae
1666 2641 1788 2715 frigidm.
1807 2646 1835 2698 ιιι

179 2747 242 2789 cum
256 2739 301 2788 aut
311 2731 422 2804 quidam
437 2747 454 2787 s
474 2731 604 2803 reputatis
625 2729 785 2786 criminibus
808 2730 843 2784 ad
856 2727 982 2784 innoxios
1032 2746 1086 2801 quo
1101 2746 1178 2801 aqum
1191 2729 1297 2801 trigidae
1308 2731 1421 2800 judicio,
1438 2732 1472 2786 ad
1486 2731 1687 2787 invocationem
1703 2733 1834 2801 veritatis,

176 2819 356 2876 transterendi
368 2819 523 2890 judicantur
548 2827 593 2874 aut
608 2834 625 2875 a
639 2819 784 2890 negatione
798 2834 847 2873 sua
857 2817 898 2873 rei
911 2817 982 2872 inter
1032 2836 1093 2890 quae
1108 2820 1182 2873 Deus
1202 2827 1253 2888 est,
1270 2819 1315 2890 qui
1343 2820 1485 2875 veritatem
1514 2836 1562 2875 suo
1590 2820 1735 2877 mendacio
1765 2822 1838 2892 cupit

176 2907 323 2964 criminum
337 2909 433 2964 noxios
444 2907 581 2964 declarato
591 2907 694 2978 judicio
709 2906 887 2978 deputantur.
901 2905 982 2962 Nam.
1031 2907 1172 2978 obtegere,
1189 2906 1217 2961 in
1233 2907 1321 2979 aquiS,
1340 2925 1423 2978 super
1439 2924 1512 2979 quas
1529 2924 1581 2964 vox
1594 2908 1835 2980 Dominimajesta·

177 3004 203 3052 et
213 2996 321 3069 quando
334 2995 380 3068 qui
390 3003 500 3066 putatur
522 3004 548 3050 et
571 2996 617 3068 qui
642 3003 684 3051 est
711 2995 819 3061 noxius,
839 2994 981 3066 inaquam
1033 2995 1201 3062 tisintonuit‚
1217 3012 1272 3051 nou
1280 3004 1370 3066 potest
1384 2996 1483 3068 mergi,
1495 2988 1559 3068 quia
1568 3013 1638 3067 pura
1652 3006 1751 3053 natura
1761 3015 1838 3070 aqum

177 3084 376 3142 examinandus
399 3084 549 3152 dimittitur,
565 3099 581 3138 a
599 3082 804 3148 dimittentibus,
829 3083 977 3139 secuudum
993 3057 1154 3138 Cnaturam
1168 3086 1323 3154 humanam,
1340 3102 1390 3154 per
1404 3102 1503 3156 aquarn
1517 3086 1688 3156 baptismatis
1703 3087 1737 3141 ab
1761 3087 1835 3142 omni

175 3174 320 3245 quemdam
335 3172 447 3229 modurn
470 3171 566 3230 lormae
590 3172 769 3244 baptismatis.
786 3171 918 3227 Dominus
932 3170 977 3225 iu-

175 3269 297 3331 vocatur,
314 3269 449 3335 quatenus
467 3262 569 3318 veritas
591 3261 663 3318 unde
691 3260 838 3332 requiritur
864 3259 977 3315 demon·

175 3358 284 3419 stratur,
324 3358 351 3406 et
375 3350 504 3407 tenebras
524 3350 684 3423 ignorantia
703 3355 804 3406 nostrae
824 3348 978 3404 illuminare

175 3438 312 3514 dignetur,
328 3455 363 3497 ιιε
382 3449 428 3496 aut
441 3439 574 3496 innocens
584 3438 684 3509 injuste
698 3454 714 3495 a
728 3437 807 3495 nobis
823 3438 975 3504 damnetur,

176 3537 222 3584 aut
235 3545 340 3586 nocens
349 3546 398 3585 sua
409 3529 566 3603 negatione,
587 3536 634 3584 aut
658 3526 794 3585 diabolica
817 3525 915 3583 fraude
929 3525 978 3582 ali·

176 3632 230 3691 quo
245 3618 327 3675 modo
341 3616 490 3689 impunitus
504 3617 610 3674 evadat.
628 3616 682 3675 Sed
693 3624 719 3673 et
729 3616 789 3687 ipse
804 3615 850 3688 qui
874 3613 978 3671 exami-

176 3705 323 3763 nandusiu
335 3721 435 3778 aquam
454 3705 605 3772 dimittitur,
628 3705 828 3761 invocationem
849 3702 978 3760 invocan-

176 3794 245 3850 tium
259 3810 311 3851 sua
324 3793 504 3866 responsione
517 3802 544 3850 et
552 3792 725 3850 denotatione
740 3789 892 3861 confirmat,
903 3792 978 3860 juxta

175 3881 290 3938 sormam
305 3882 507 3953 quodammodo
521 3889 585 3938 ante
600 3880 857 3953 baptisma,quando
873 3887 919 3935 aut
930 3894 978 3936 ore

175 3969 293 4042 patroni,
310 3970 464 4043 quialieno,
480 3970 560 4026 idest
574 3968 700 4043 originali
714 3975 829 4040 peccato
843 3967 976 4040 perditus,

176 4056 266 4114 aliena
281 4056 335 4114 lide
350 4058 466 4114 salvatur
483 4075 490 4115 ε
507 4066 554 4114 aut
573 4056 681 4114 adultus
704 4064 816 4129 peccata
840 4055 897 4112 sive
913 4072 978 4113 con-

175 4153 271 4214 tracta,
287 4146 345 4202 sive
361 4145 480 4202 admissa
490 4145 641 4209 cantitetur,
654 4145 849 4202 abrenuntians
859 4145 977 4216 diabolo,

176 4242 203 4292 et
216 4234 343 4290 omnibus
358 4234 488 4306 operibus
502 4251 534 4292 ac
548 4234 657 4307 pompis
673 4235 741 4305 ejus,
757 4242 784 4290 et
801 4235 836 4291 ad
861 4234 978 4290 interro-

175 4325 314 4399 gationem
325 4323 485 4394 sacerdotis,
502 4332 531 4379 ut
545 4324 573 4379 in
588 4340 643 4397 quo
654 4325 709 4395 iam
724 4340 779 4381 non
794 4331 835 4381 est
857 4323 978 4380 immun·

1026 3173 1162 3228 mendacii
1177 3173 1307 3245 figmento
1323 3182 1475 3246 purgatam,
1498 3174 1594 3229 iterum
1623 3175 1770 3231 mendacio
1786 3177 1832 3230 in-

1027 3260 1126 3317 lectam
1150 3277 1206 3316 non
1229 3263 1386 3333 recognocit
1410 3279 1517 3333 puram,
1543 3271 1568 3317 et
1593 3263 1655 3319 ideo
1689 3280 1751 3320 eam
1775 3281 1831 3321 non

1027 3350 1133 3421 recipit,
1149 3350 1198 3405 sed
1213 3351 1297 3419 rejicit
1316 3359 1344 3404 ut
1366 3351 1492 3405 alienam.
1518 3352 1552 3405 ιιι
1574 3359 1602 3405 ιιι
1626 3352 1653 3405 in
1670 3348 1832 3423 baptismate

1026 3439 1060 3494 ab
1088 3439 1197 3493 homine
1225 3439 1336 3509 spiritus
1376 3439 1544 3507 ιιιιιιιιιιιιιιιε,
1575 3440 1601 3493 id
1630 3448 1671 3495 est
1696 3441 1828 3513 princeps

1027 3528 1107 3596 hujus
1122 3527 1215 3581 mundi
1230 3527 1344 3597 ejicitur,
1362 3527 1398 3581 ita
1412 3536 1439 3582 ει
1453 3527 1499 3598 qui
1518 3543 1535 3583 a
1555 3527 1675 3594 diabolo,
1701 3529 1826 3602 principe

1027 3616 1153 3672 videlicet
1179 3617 1273 3670 mundi
1300 3616 1388 3685 hujus,
1417 3632 1468 3687 per
1500 3623 1641 3688 peccatum
1679 3633 1834 3689 reoccupa-

1027 3720 1088 3781 tus,
1120 3713 1188 3769 sicut
1217 3713 1347 3784 scripturn
1375 3722 1415 3768 est
1442 3714 1551 3785 (Mollis.
1583 3729 1642 3778 ιιιι,
1673 3716 1738 3786 ts),
1766 3716 1831 3788 quis

1027 3816 1088 3856 cum
1118 3802 1213 3856 exierit
1237 3803 1271 3856 ab
1302 3802 1411 3858 bomine
1439 3803 1584 3859 revertitur
1608 3803 1642 3857 ad
1667 3819 1729 3859 ειιιιι
1743 3819 1759 3858 a
1775 3805 1827 3860 bo-

1026 3889 1069 3943 nis
1094 3890 1220 3960 operibus
1256 3900 1407 3958 vacantem,
1440 3892 1496 3947 imo
1524 3908 1650 3958 vacuum,
1677 3908 1740 3949 curu
1769 3893 1830 3948 aliis

1028 3987 1133 4049 septem
1149 3979 1289 4050 spiritibus
1312 3981 1487 4052 nequioribus
1511 3997 1540 4036 se
1567 3982 1603 4036 ab
1626 3997 1696 4054 aqua
1719 3981 1833 4039 invoca-

1028 4067 1100 4123 tione
1114 4068 1198 4123 divini
1218 4069 1335 4124 nominis
1354 4076 1459 4125 sacrata
1483 4070 1613 4139 rejicitur.
1639 4069 1726 4139 Quem
1743 4071 1833 4127 bomi-

1028 4173 1091 4212 nem
1106 4172 1160 4212 non
1175 4159 1333 4224 naturalem,
1350 4158 1418 4212 sieut
1433 4175 1466 4213 ex
1489 4174 1558 4230 aqua
1582 4167 1608 4214 et
1632 4159 1734 4230 Spiritu
1749 4175 1832 4216 rena-

1029 4255 1073 4300 tus
1088 4254 1138 4312 est,
1156 4255 1311 4319 purgatum,
1328 4263 1383 4302 ιιοιι
1398 4247 1490 4303 carnis
1504 4247 1674 4318 depositione
1690 4249 1828 4315 sordium,

1028 4336 1076 4390 scd
1087 4336 1299 4407 interrogatione
1314 4344 1339 4390 et
1355 4335 1527 4392 confessione
1555 4336 1730 4393 conscientia
1750 4337 1831 4395 bonae

175 4414 242 4471 ditia
257 4412 753 4486 eluspeinessafillssefflabswndim,
776 4413 824 4469 sed
848 4420 1056 4485 percon-Di„
1072 4427 1168 4494 Deum,
1189 4441 1283 4480 verum
1298 4425 1387 4496 potius
1403 4425 1483 4480 talem
1508 4424 1543 4480 de
1572 4442 1624 4497 quo
1653 4425 1680 4478 in
1708 4425 1831 4483 Levitico

176 4503 327 4561 s⁸⁸⁵i⁰⁰0m
341 4502 488 4576 pumicata,
506 4501 583 4558 illum
598 4502 712 4573 sessilllal
725 4510 817 4575 alqui,
843 4510 870 4558 θῑ
887 4518 982 4560 ⁰0⁰8?ae
1031 4514 1211 4585 scriptumest
1226 4514 1306 4570 sentit
1323 4532 1329 4567 :
1348 4515 1453 4583 Ouinia,
1466 4514 1560 4585 inquit,
1574 4515 1662 4581 bomo,
1680 4515 1729 4587 qai
1739 4531 1834 4573 acces-

174 4593 292 4664 Delisstur
307 4591 426 4662 Chl'ssmi
442 4600 469 4648 θῑ
484 4592 678 4663 deffleslistssllll
691 4599 804 4662 900⁰&ss
814 4592 882 4661 elus,
902 4592 980 4662 jum
1030 4613 1102 4667 serii
1119 4611 1152 4667 de
1165 4612 1254 4685 stirpe
1271 4615 1363 4666 ocsira
1373 4611 1447 4665 odeo
1458 4626 1519 4682 quta
1529 4613 1695 4666 consecrato
1710 4615 1792 4678 sant,
1804 4614 1834 4666 el

175 4680 342 4754 scriptumst
356 4681 385 4755 ip
399 4679 563 4753 Pf⁰fl¹¹¹dl¹ffl
578 4679 671 4749 marisr
688 4680 722 4734 ad
735 4679 824 4735 instar
837 4680 980 4752 AEdlpfiffi
1030 4701 1259 4772 qacobtaleront
1266 4700 1546 4769 filiilsroolDoorino,
1557 4701 1588 4753 ia
1598 4716 1650 4772 qao
1661 4701 1834 4755 csiimmurt·

173 4767 205 4823 in
218 4785 293 4825 mare
307 4769 438 4839 llubmm,
451 4771 485 4827 de
494 4769 558 4826 lidei
569 4785 626 4826 suar
636 4767 809 4824 consessione
819 4768 977 4839 respondet,
1029 4788 1110 4853 qma,
1125 4789 1228 4860 pmgqg
1243 4805 1337 4844 comm
1352 4789 1470 4845 pomino
1494 4788 1593 4860 (ng
1622 4801 1694 4853 m,
1712 4792 1727 4842 3
1726 4788 1752 4857 ).
1770 4786 1833 4844 Non

176 4857 246 4914 sicut
260 4864 370 4913 sanctus
383 4859 544 4917 Ambrosius
559 4857 587 4915 in
601 4858 671 4914 libro
681 4857 715 4913 de
726 4856 905 4913 sacramentis
914 4856 979 4913 dicit
1029 4875 1094 4932 (ιιοιι
1111 4893 1117 4929 :
1136 4876 1164 4929 [ῃ
1180 4891 1233 4946 quo
1258 4875 1307 4930 sup
1330 4876 1507 4931 immunditia·
1534 4877 1707 4931 qmmundjqa
1729 4876 1833 4948 quippe

176 4945 236 5018 (hb-
252 4960 282 5011 ¹¹»
299 4961 324 5002 ⁶·
336 4945 364 5016 7)
381 4963 388 5001 ²
407 4966 418 4999 ι
440 4950 627 5023 meminus
644 4963 697 5004 ⁰⁸²
719 4945 815 5002 credis
839 4944 865 5000 5¹¹
890 4946 979 5001 Deum
1029 4963 1087 5032 ejus
1101 4963 1128 5017 in
1144 4963 1204 5034 ipso
1220 4971 1270 5031 esl,
1287 4965 1333 5036 qui
1352 4965 1494 5020 mendacio
1516 4965 1636 5038 contegit
1666 4965 1831 5033 veritatem

176 5031 532 5103 Palf0m0m¹¹il³⁰⁸ss¹¹lemi
547 5036 645 5094 Diti-ili
660 5053 667 5091 :
685 5035 784 5103 Credo,
801 5041 828 5090 θῑ
848 5033 976 5102 memmii
1029 5060 1055 5107 et
1070 5052 1171 5107 idcirco
1186 5053 1220 5108 de
1235 5053 1318 5124 stirpe
1335 5054 1497 5110 sacerdotali
1516 5072 1522 5107 :
1545 5054 1601 5120 Vos,
1618 5053 1714 5125 inquit,
1739 5071 1832 5127 pertas

175 5122 229 5180 ¹¹⁰0
256 5129 298 5178 ⁰⁸²
320 5122 497 5193 ⁰⁰¹¹S⁸P¹¹st¹¹⁵
525 5141 565 5183 es·
591 5128 693 5182 lterum
722 5125 904 5197 immistus
922 5137 975 5179 θεῖ
1028 5143 1160 5206 electoris,
1176 5143 1269 5214 reqals
1285 5144 1473 5199 sacerdotium
1489 5143 1514 5215 (l
1537 5143 1727 5215 Peir.1r,9),·
1751 5151 1779 5199 ει
1803 5142 1832 5199 iu

177 5210 275 5268 credis
288 5210 317 5267 in
329 5207 477 5266 D⁰¹¹¹i¹¹¹¹¹¹¹
497 5222 622 5269 ¹¹⁰⁵ffl¹ffl
641 5216 735 5271 lesum
759 5212 896 5269 Christum
909 5218 936 5266 ⁰¹
950 5210 978 5265 Ψ
1027 5230 1193 5301 Apocalypsi
1210 5249 1216 5284 :
1233 5233 1335 5287 Fecisti
1350 5250 1400 5288 nos
1414 5249 1534 5304 requam
1550 5232 1603 5289 Deo
1618 5236 1648 5287 et
1670 5233 1833 5289 sacerdotes

177 5313 286 5356 crucem
311 5300 390 5370 ejus?
404 5299 500 5354 Dixisti
516 5317 524 5354 ι
541 5300 639 5371 Credo,
665 5313 693 5359 ει
714 5302 842 5360 mersisti.
863 5301 927 5358 Ideo
951 5306 978 5356 et
1028 5319 1122 5391 (Apo,
1139 5337 1165 5385 γ’
1183 5321 1237 5392 lb),
1255 5321 1289 5375 ad
1304 5337 1337 5375 0,
1353 5338 1413 5392 ω
1437 5329 1598 5377 consecrata
1624 5328 1685 5375 sum
1711 5320 1832 5378 Domino

176 5396 283 5455 Christo
293 5413 324 5454 es
337 5397 523 5469 consepultus.
540 5395 593 5465 Qui
608 5399 682 5453 enirn
707 5401 814 5457 Christo
844 5415 977 5473 consepe·
1027 5408 1172 5475 accedens,
1193 5410 1312 5482 quandiu
1328 5410 1496 5465 immunditia
1510 5411 1568 5479 ejus
1583 5409 1610 5464 in
1626 5409 1685 5480 ipso
1706 5417 1758 5477 est,
1775 5427 1832 5467 non

174 5491 250 5566 litur,
266 5507 328 5551 cnm
342 5494 450 5551 Christo
463 5493 590 5566 resurgit.
606 5493 698 5550 Tertio
718 5494 899 5568 interrogatus
920 5513 952 5554 es
967 5512 975 5550 ι
1026 5496 1127 5570 poterit
1141 5499 1219 5572 aquis
1233 5499 1405 5556 invocatione
1423 5500 1474 5557 Dei
1488 5499 1635 5557 sanctitatis
1645 5497 1783 5573 immergi,
1802 5508 1833 5557 ut
