3826 6098
167 247 219 301 335
314 315 321 322 ⁸
668 238 839 295 HINCMARI
854 236 1055 294 uhshfflttsts
1069 237 1346 296 Auctttutuscort.
1765 243 1819 328 336

167 367 272 425 cialiter
286 367 358 423 inter
372 374 487 423 caeteras
501 365 582 421 sedes
596 362 778 435 provinciales
800 363 1003 423 RhemorumA
1018 361 1090 434 legia
1103 364 1189 419 tertirn
1202 364 1276 419 sedis
1291 378 1452 436 agnoscere,
1464 363 1562 435 quaein
1571 363 1646 421 nullo
1656 365 1821 438 cujusquam

164 456 315 529 provinciae
328 469 383 512 uua
399 462 440 510 est
454 453 545 520 sedes,
557 452 726 524 quiabeatus
741 451 881 522 Remigius
894 466 969 506 earn-
1018 450 1164 507 ambitione
1179 451 1310 507 minuitur
1327 471 1333 506 :
1350 452 1414 524 quia
1429 459 1501 507 taum
1516 453 1589 524 apud
1604 469 1649 509 me
1669 450 1712 509 est
1725 454 1820 512 Nicae-

165 546 229 601 dem
253 543 347 614 sedem
370 543 579 599 laudunensem
602 539 630 596 in
653 539 784 596 subsellio
806 539 968 596 Rhemensis
1017 555 1114 595 uorum
1131 555 1265 597 canonum
1280 541 1526 608 reverentia,utea
1541 558 1601 613 quae
1616 545 1820 601 suntasanctis

165 633 324 706 metropolis
344 631 495 689 consedere
518 629 592 698 fecit,
619 645 700 701 quarn
720 644 737 683 a
756 645 804 683 sua
826 627 964 701 parochia,
1016 628 1142 683 Patribus
1166 629 1326 697 constituta,
1356 646 1407 686 nec
1434 630 1623 702 permiserim,
1651 647 1704 687 nec
1731 631 1820 702 patiar

164 739 219 779 non
243 730 360 778 autema
374 719 501 776 dioecesis
524 717 674 790 provincia,
701 716 790 773 scidit.
813 715 882 784 Quia
900 732 966 774 vero
1015 715 1105 788 aliquo
1119 718 1239 773 novitate
1253 716 1360 775 violari.
1377 718 1411 774 Et
1425 719 1448 774 si
1462 719 1535 774 enim
1559 719 1666 776 diversa
1687 735 1818 776 nonnun-

162 809 345 867 Alexandrina
359 816 387 866 et
400 808 571 864 Antiocheno
595 807 685 873 sedes,
710 805 779 862 siout
793 812 820 860 et
834 807 964 889 humans,
1015 819 1098 875 quam
1114 815 1175 860 aunt
1189 805 1287 862 merita
1301 807 1457 877 praesulum,
1474 815 1563 863 tamen
1576 807 1639 876 iura
1656 815 1820 880 permanent

161 898 233 955 beati
247 897 320 955 Petri
342 897 395 953 sint
415 897 506 966 sedes,
529 897 584 952 Leo
606 893 641 951 ad
662 893 822 950 Dioscorum
846 893 965 949 Alexan·
1014 893 1130 960 sedium,
1147 895 1245 965 quibus
1268 903 1382 966 possunt
1404 893 1494 952 aernuli
1518 895 1750 967 perturbationem
1763 896 1817 954 ali·

160 987 270 1043 deinum
280 986 440 1058 episcopum
450 991 593 1050 monstrat,
603 982 697 1038 dicens
707 983 801 1054 (epist.
811 981 839 1053 7)
852 998 859 1036 :
872 1002 883 1031 r
896 980 963 1037 Cum
1014 997 1095 1053 quam
1110 982 1234 1039 fortassis
1256 983 1365 1051 inferre,
1382 993 1541 1042 nontamen
1561 993 1676 1058 possunt
1690 985 1816 1044 minuere

161 1076 234 1132 enirn
266 1073 439 1131 beatissimus
470 1073 566 1128 Petrus
597 1070 777 1142 apostolicum
801 1085 818 1125 a
845 1069 963 1127 Domino
1014 1070 1216 1142 dignitatem.»

160 1163 298 1235 acceperit
317 1161 506 1235 principatum,
530 1168 556 1215 ct
579 1161 701 1215 Romana
722 1157 848 1215 Ecclesia
863 1157 891 1212 in
905 1159 963 1227 ejus
1047 1159 1081 1215 Et
1105 1168 1215 1217 sanctus
1237 1161 1390 1235 Gregorius
1414 1163 1448 1218 ad
1471 1163 1642 1220 Anastasium
1664 1164 1816 1222 Antioche-

158 1259 317 1322 permaueat
338 1248 474 1318 institutis,
491 1247 568 1303 nefas
582 1255 624 1303 est
639 1247 751 1304 credere
767 1245 840 1319 quod
855 1255 962 1303 sanctus
1011 1264 1077 1303 num
1092 1249 1250 1322 episcopum
1264 1251 1324 1323 (lid.
1341 1265 1390 1316 vu,
1406 1252 1487 1323 epist.
1504 1251 1532 1324 3)
1544 1271 1551 1306 z
1564 1274 1576 1302 ι
1588 1253 1661 1310 Ecce
1674 1252 1704 1308 in
1717 1260 1815 1312 swcta

159 1338 307 1411 discipulus
331 1338 390 1408 ejus
411 1339 528 1404 biarcus,
551 1335 597 1408 qui
617 1336 828 1392 Alexandrinam
857 1335 962 1407 primus
1011 1344 1150 1394 senectute
1166 1339 1302 1395 beatitudo
1317 1348 1408 1397 vestra
1422 1339 1513 1396 multis
1527 1341 1749 1398 tribulationibus
1769 1342 1814 1399 la·

158 1427 312 1485 Ecclesiam
328 1426 498 1500 gubernavit,
515 1424 577 1481 aliis
590 1424 694 1497 regulis
708 1423 883 1480 traditionum
898 1440 962 1481 sua·
1011 1425 1099 1495 borat,
1116 1427 1165 1483 sed
1178 1428 1338 1499 perpendat,
1353 1430 1431 1499 cujus
1450 1428 1544 1485 sedem
1566 1438 1664 1496 teneat,
1690 1430 1814 1503 nunquid

158 1533 219 1572 rum
233 1516 343 1572 decreta
365 1514 529 1582 fonnarerit,
554 1530 616 1570 curn
637 1513 695 1569 sine
717 1513 800 1569 dubio
813 1513 849 1569 de
863 1514 960 1570 eodem
1009 1529 1064 1569 non
1078 1514 1159 1583 illius,
1172 1515 1215 1573 cui
1230 1532 1298 1573 voce
1312 1517 1432 1573 veritatis
1445 1518 1617 1574 dictumest:
1631 1520 1700 1576 Cum
1714 1535 1814 1577 senae

157 1604 233 1663 fonte
246 1603 342 1678 gratiae
364 1621 434 1659 unus
458 1603 567 1675 spiritus
583 1610 610 1658 et
625 1601 751 1674 discipuli
766 1602 845 1658 fuerit
859 1608 890 1657 et
899 1618 959 1658 ma·
1008 1604 1058 1672 ris,
1069 1605 1144 1660 clius
1153 1607 1292 1677 leciopet,
1303 1611 1331 1661 at
1340 1607 1482 1679 ducetque
1491 1607 1707 1678 connumerare.
1717 1608 1810 1681 anah

158 1693 247 1767 gistri,
272 1709 324 1749 nec
347 1692 420 1748 aliud
447 1691 587 1747 ordinatus
611 1690 716 1746 tradere
738 1690 854 1762 potuerit
879 1706 994 1781 quamB
1008 1691 1042 1746 Et
1052 1691 1125 1746 idem
1134 1694 1169 1748 ad
1179 1693 1306 1749 eumdem
1316 1695 1376 1766 (lib.
1388 1710 1425 1760 tv,
1437 1697 1520 1768 epist.
1532 1698 1578 1767 37)
1592 1713 1599 1750 :
1614 1717 1625 1747 ι
1638 1697 1737 1766 Amen,
1749 1712 1812 1770 gra·

157 1781 232 1855 quod
245 1781 279 1837 ab
294 1781 448 1838 ordinatore
472 1779 601 1851 suscepit.
623 1781 684 1836 Non
708 1795 774 1850 ergo
799 1779 916 1850 patimur
930 1786 959 1834 ut
1009 1778 1055 1834 tia.
1067 1779 1134 1849 Quae
1149 1781 1277 1837 videlicet
1289 1782 1383 1852 rerba,
1398 1783 1555 1855 descriptis
1570 1784 1670 1840 reatris
1684 1793 1809 1856 accepta,

157 1887 218 1928 curn
232 1871 311 1926 unius
333 1885 384 1927 nos
407 1869 528 1940 corporis
543 1875 569 1923 et
583 1865 647 1924 fidei
670 1866 810 1934 fateamur,
826 1867 855 1923 in
868 1867 959 1940 alique
1007 1867 1111 1925 idcirco
1126 1868 1154 1925 in
1168 1870 1237 1926 meis
1252 1870 1375 1942 epistolis
1395 1888 1479 1944 pono,
1493 1880 1523 1927 ut
1538 1874 1572 1929 de
1589 1880 1683 1930 sancto
1704 1872 1811 1947 Ignatio

156 1960 352 2032 discrepemus,
371 1966 398 2015 et
421 1958 474 2013 alia
488 1957 616 2024 doctoris,
632 1957 684 2011 alia
698 1956 823 2028 discipuli
837 1956 958 2013 instituta
1007 1965 1096 2012 vestra
1118 1958 1255 2015 beatitudo
1278 1968 1426 2033 cognoscat
1449 1960 1512 2033 qnia
1534 1976 1589 2016 non
1614 1962 1703 2017 solum
1718 1969 1812 2020 vester

154 2049 305 2106 videantur.
333 2069 344 2098 a
370 2049 405 2102 Et
433 2055 543 2103 sauctus
570 2045 721 2117 Gregorius
748 2046 782 2101 ad
809 2044 957 2119 Eulogium
1007 2047 1057 2106 eat,
1073 2041 1219 2097 sedetiam
1238 2051 1341 2099 noster.
1368 2044 1443 2100 Sicut
1466 2045 1540 2101 enim
1563 2045 1727 2118 magistrum
1751 2047 1810 2116 eiua

153 2137 369 2194 Alexandrinum
384 2136 542 2207 episcopum
557 2134 616 2205 (lib.
631 2149 692 2205 vnr,
704 2137 786 2206 epist.
804 2134 868 2205 ta):
883 2154 894 2183 ι
908 2133 957 2190 Ve·
1006 2129 1192 2200 apostolorum
1219 2132 1370 2202 principem
1397 2132 1530 2188 babemus
1559 2149 1743 2202 communem,
1772 2135 1809 2191 ita

153 2226 248 2295 rixaris,
264 2225 360 2298 inquit,
375 2223 510 2289 minister,
532 2223 605 2278 Petri
628 2237 730 2294 sequax
746 2230 772 2277 et
787 2230 887 2278 sancta»
898 2221 955 2278 Ee·
1005 2233 1112 2289 quoque
1123 2219 1245 2288 ejusdam
1254 2220 1384 2291 principis
1399 2220 1562 2293 discipulum
1580 2222 1672 2278 nullus
1681 2231 1806 2279 nostrum

153 2313 245 2371 clasiae
257 2312 432 2384 predicator,
449 2311 501 2368 scit
514 2311 577 2383 quia
599 2309 645 2366 illa
667 2310 741 2382 loqui
756 2310 876 2380 potuisti,
894 2327 955 2383 quae
1003 2306 1085 2362 babet
1100 2307 1245 2378 privatum.
1265 2330 1276 2359 r
1294 2310 1373 2366 Hunc
1396 2310 1468 2364 enim
1491 2310 1624 2383 lgnatium
1639 2312 1738 2367 beatus
1753 2312 1807 2368 Pe·

152 2401 187 2457 da
202 2401 268 2458 sede
284 2400 356 2456 Petri
371 2399 487 2473 apostoli
500 2415 551 2472 per
564 2414 596 2455 os
610 2398 731 2455 doctoris
742 2414 841 2455 sonare
855 2398 954 2455 dabue·
1003 2401 1080 2463 trus,
1097 2398 1206 2468 quando
1229 2398 1342 2453 Romam
1367 2399 1459 2470 petiit,
1484 2399 1633 2456 Antiochiae
1647 2415 1698 2472 pro
1713 2416 1745 2457 se
1759 2416 1807 2458 or·

150 2497 223 2546 runa,
241 2514 251 2538 η
268 2490 303 2545 Er
317 2489 381 2544 item
401 2488 473 2544 idem
488 2488 522 2543 ad
537 2487 663 2544 eumdem
675 2503 681 2542 :
693 2486 733 2542 sit
747 2503 815 2560 orgo
829 2487 868 2544 illi
881 2488 951 2555 laus,
1002 2483 1103 2539 dinavit
1125 2485 1291 2557 episcopum.
1308 2487 1344 2542 Et
1357 2486 1422 2543 licet
1444 2487 1539 2543 beatus
1561 2487 1660 2544 Petrus
1682 2496 1763 2545 antea
1776 2488 1805 2545 iu

150 2578 184 2634 sit
198 2577 227 2633 in
241 2577 357 2634 excelsis
371 2576 466 2651 gloria,
479 2576 556 2646 cujus
567 2575 639 2632 dono
653 2575 742 2631 adhuc
757 2575 785 2630 iu
800 2576 866 2631 sede
879 2575 952 2632 Petri
1001 2573 1144 2628 Antiochia
1159 2575 1268 2641 sederit,
1285 2592 1367 2647 quam
1379 2577 1495 2632 hornam
1511 2576 1624 2644 venerit,
1641 2577 1714 2634 uude
1728 2578 1806 2635 llar-

148 2664 245 2722 clamat
260 2682 312 2722 vox
331 2665 423 2722 biarci.
443 2686 454 2716 r
470 2666 512 2722 lie
534 2664 704 2720 Antiochena
724 2671 815 2719 autem
829 2663 951 2720 Ecclesia
1000 2676 1060 2715 cum
1076 2661 1268 2718 Alexandriam
1282 2664 1357 2719 misit
1373 2681 1380 2721 ε
1395 2681 1451 2720 non
1466 2672 1556 2721 tamen
1578 2665 1640 2722 ideo
1661 2666 1807 2723 Antiochia

149 2762 259 2810 sauctus
287 2753 459 2810 innocentius
480 2753 514 2808 ad
537 2752 722 2809 Alexandrum
750 2752 950 2808 Antiocheuum
999 2750 1128 2817 secunda,
1151 2751 1200 2806 sed
1223 2752 1302 2807 tertia
1321 2753 1412 2822 sedes,
1428 2762 1455 2809 et
1469 2753 1654 2810 Alexandrina
1678 2754 1806 2812 Ecclesia

147 2843 305 2915 episcopum
329 2842 394 2899 dicit
417 2843 511 2914 (epist.
528 2844 598 2910 20lz
626 2839 833 2898 ‹1Rerolvcutos
857 2842 949 2914 itaque
999 2839 1120 2895 secunda
1141 2839 1222 2895 sedes
1237 2840 1346 2907 dicitur,
1371 2848 1484 2913 propter
1506 2842 1680 2915 privilegium
1706 2843 1805 2900 Evan-

146 2931 334 2987 auctoritatem
357 2931 477 2986 Nicaeum
500 2929 606 3002 synodi,
623 2946 682 3000 quae
698 2945 750 2983 una
765 2930 886 2985 omnium
900 2945 949 3001 per
997 2925 1072 2995 gelli,
1089 2928 1162 2998 quod
1177 2937 1289 2984 sauctus
1303 2931 1413 2985 hlarcus
1426 2929 1593 3003 evangelista
1604 2946 1651 2987 ore
1666 2931 1742 2987 Petri
1756 2947 1805 2988 ex-

148 3019 245 3076 orbem
259 3027 395 3074 terrarum
409 3026 528 3073 mentem
550 3016 668 3089 explicat
689 3018 870 3084 sacerdotum,
887 3035 948 3090 quae
997 3015 1067 3085 cepit
1083 3023 1163 3088 atque
1178 3017 1352 3088 conscripsit,
1369 3019 1441 3090 quod
1455 3027 1481 3075 et
1495 3019 1524 3074 iu
1538 3018 1704 3074 Alexandria
1725 3036 1805 3091 prae-

147 3106 253 3163 censuit
265 3106 301 3163 de
314 3106 482 3162 Antiocheno
496 3105 622 3162 Ecclesia
636 3105 739 3161 cunctis
761 3104 897 3173 fidelibus,
912 3122 947 3162 ne
996 3102 1112 3170 dicavit,
1129 3111 1155 3159 et
1173 3105 1387 3162 Alexandrinum
1411 3107 1560 3179 populum,
1585 3123 1648 3164 cum
1670 3108 1804 3177 subjectis

145 3194 260 3250 dixerim
284 3194 491 3265 sacerdotibus,
512 3210 574 3250 esse
595 3194 777 3249 necessarium
794 3193 945 3265 custodire,
996 3190 1085 3245 eidem
1113 3207 1222 3265 maguae
1245 3194 1347 3251 civitati
1372 3194 1496 3263 urbibus,
1521 3212 1592 3251 verae
1616 3194 1679 3252 ndei
1697 3195 1802 3252 funda·

144 3298 198 3355 qua
221 3299 303 3356 super
323 3282 465 3339 dioecesim
490 3298 567 3338 suam
591 3282 747 3353 praedictam
774 3281 944 3351 Ecclesiam,
994 3288 1086 3335 mento
1101 3279 1233 3350 fundavit,
1250 3282 1319 3339 sicut
1334 3291 1360 3339 et
1375 3293 1484 3339 sauctus
1500 3283 1646 3355 Gregorius
1660 3283 1695 3339 ad
1711 3283 1801 3342 Eulo-

143 3387 199 3428 non
231 3388 314 3444 super
345 3371 426 3427 alium
461 3370 579 3443 aliquam
611 3370 779 3441 provinciam
808 3387 944 3442 recogno·
993 3367 1069 3438 glum
1084 3368 1296 3427 Alexandrinum
1321 3372 1481 3444 episcopum
1505 3372 1576 3428 inter
1590 3380 1688 3428 cetera
1703 3372 1801 3430 scribit

142 3461 242 3516 ecimus
266 3461 447 3517 constitutam.
474 3460 551 3516 Unde
575 3459 742 3516 advertimus
757 3475 812 3515 non
825 3466 880 3515 tam
893 3475 944 3531 pro
993 3455 1088 3512 dicens
1103 3458 1162 3527 (lib.
1173 3474 1200 3524 v,
1213 3462 1295 3531 epist.
1306 3461 1371 3530 60):
1386 3482 1396 3511 ι
1410 3461 1459 3516 Est
1469 3460 1571 3533 aliquid
1584 3461 1657 3534 quod
1670 3477 1800 3535 neserga

140 3548 256 3606 civitatis
278 3548 484 3622 magnificentia
499 3550 551 3605 hoc
566 3548 655 3606 eidem
670 3548 836 3614 attributum,
862 3563 943 3620 quam
992 3544 1202 3601 Alexandrinam
1217 3548 1368 3604 Ecclesiam
1384 3550 1502 3621 quadam
1520 3549 1712 3620 peculiaritate
1726 3566 1797 3607 cou-

139 3638 212 3710 quod
239 3637 326 3709 prima
353 3637 434 3708 primi
464 3637 580 3708 apostoli
606 3637 686 3692 sedes
716 3652 777 3691 esso
807 3645 941 3693 monstre-
991 3634 1110 3707 stringit,
1128 3635 1196 3690 etin
1221 3637 1280 3706 ejus
1303 3651 1396 3694 amore
1421 3638 1563 3707 proniores
1587 3638 1705 3695 existere
1729 3655 1797 3711 spe·

139 3731 194 3793 tur,
210 3725 256 3781 ubi
271 3734 298 3781 et
312 3739 413 3781 nomen
427 3725 532 3796 accepit
547 3724 643 3797 religio
665 3725 825 3788 Christiana,
841 3731 867 3779 et
882 3739 942 3795 quae
990 3721 1052 3776 ciali
1077 3723 1278 3793 quodammodo
1303 3725 1365 3796 lege
1388 3725 1535 3797 compellit.
1560 3727 1630 3782 Nam
1652 3725 1723 3782 sicut
1736 3741 1799 3783 orn·

138 3821 301 3870 conventum
316 3813 503 3884 apostolorum
518 3812 591 3883 apud
607 3829 637 3867 se
651 3810 711 3867 fieri
733 3812 940 3869 celeberrimum
989 3809 1070 3864 uibus
1094 3810 1179 3883 liquet
1200 3813 1272 3883 quod
1297 3814 1391 3869 beatus
1417 3814 1585 3887 evangelista
1607 3816 1717 3871 Marcus
1731 3829 1749 3870 a
1763 3816 1795 3874 S.

137 3902 247 3968 meruit,
262 3917 376 3973 quaeque
390 3901 466 3956 urbis
482 3901 575 3957 Romae
600 3900 659 3955 sedi
681 3916 736 3955 non
750 3901 869 3970 cederet,
888 3901 939 3956 nisi
989 3897 1068 3953 Petro
1083 3900 1204 3970 apostolo
1219 3902 1351 3974 magistro
1373 3918 1423 3958 suo
1447 3902 1642 3959 Alexandriam
1654 3901 1688 3958 sit
1703 3911 1795 3959 trans·

137 3989 211 4063 quod
230 3988 275 4044 illa
296 3988 325 4045 in
348 3989 461 4046 transitu
483 3988 590 4057 meruit,
615 3989 668 4044 ista
690 3997 845 4060 susceptum
866 3990 939 4061 apud
988 3986 1098 4055 missus,
1122 3988 1161 4044 sic
1183 3990 1263 4059 hujus
1285 4006 1336 4046 nos
1360 3990 1485 4064 magistri
1501 3999 1528 4047 et
1543 3990 1668 4065 discipuli
1691 3992 1797 4050 unitate

137 4093 167 4134 se
182 4085 451 4150 consummatumque
467 4078 577 4150 gaudet.
593 4098 604 4128 r
622 4077 657 4131 Et
672 4078 726 4132 Leo
742 4078 776 4132 ad
793 4078 937 4134 Maximum
988 4076 1210 4149 constringimur,
1226 4086 1255 4133 ut
1269 4087 1295 4134 et
1310 4096 1363 4152 ego
1378 4080 1437 4135 sedi
1451 4079 1579 4151 discipuli
1592 4079 1745 4151 praesidere
1755 4079 1795 4137 vi·

136 4165 335 4223 Antiochenam
344 4166 502 4238 episcopum
512 4166 606 4238 (epist.
619 4166 663 4237 66)
674 4182 680 4220 :
691 4165 828 4238 «Oportet,
839 4165 936 4239 iuquit,
987 4164 1053 4220 dear
1066 4172 1179 4236 propter
1197 4166 1368 4240 megistrum,
1384 4175 1411 4223 et
1425 4183 1475 4225 vos
1490 4167 1548 4224 sedi
1573 4168 1698 4241 magistri
1721 4183 1793 4241 pro·

135 4253 308 4311 dilectionem
332 4264 406 4311 tuam
430 4263 485 4311 toto
509 4254 592 4311 corde
617 4255 775 4326 conspicere
790 4255 866 4324 cujus
881 4256 936 4311 Ec·
985 4259 1045 4323 pter
1057 4253 1232 4325 discipulum.
1249 4256 1291 4311 Ad
1314 4257 1383 4312 hanc
1408 4264 1498 4312 autem
1522 4256 1650 4312 unitatem
1663 4256 1792 4314 cordium

136 4344 228 4400 clesiae
242 4344 436 4418 gubernaculis
451 4353 478 4401 te
492 4344 624 4401 Dominus
639 4343 723 4399 voluit
735 4344 892 4415 presidere,
909 4351 936 4400 et
985 4341 1067 4397 etiam
1080 4349 1179 4398 vestrae
1194 4343 1341 4399 sanctitatis
1364 4344 1470 4400 meritis
1492 4344 1620 4418 ligamur,
1637 4360 1708 4418 quos
1723 4360 1794 4403 auc·

136 4432 194 4501 ejus
209 4432 365 4488 meminisse
380 4432 511 4489 doctrina
525 4448 605 4504 quam
618 4432 771 4503 praecipuus
793 4432 971 4503 apostolo-D
988 4429 1054 4484 turis
1078 4430 1263 4487 suisalubriter
1284 4432 1361 4504 sequi
1384 4432 1506 4489 instituta
1529 4433 1742 4505 cognoscimus,
1766 4443 1794 4490 et

135 4533 196 4577 rum
209 4521 331 4577 omniurn
345 4521 518 4577 beatissimus
532 4521 637 4586 Petrus,
652 4536 702 4592 per
718 4527 803 4575 totum
824 4521 934 4592 quidem
985 4534 1093 4589 semper
1106 4519 1142 4574 ad
1157 4519 1283 4593 magistri
1297 4520 1340 4575 sui
1353 4520 1496 4593 gremium,
1512 4522 1584 4577 uude
1606 4520 1661 4577 illic
1686 4519 1793 4592 praedi·

134 4610 267 4666 muudum
288 4609 416 4666 uniformi
438 4608 639 4680 praedicatione,
655 4607 703 4664 sed
719 4607 831 4680 speciali
843 4610 934 4682 magi·
984 4607 1054 4663 catio
1069 4608 1165 4664 salutis
1189 4617 1285 4665 exorta
1305 4617 1357 4675 est,
1378 4618 1434 4665 tota
1449 4626 1479 4666 se
1494 4608 1619 4666 conferre
1644 4608 1793 4668 devotione

134 4698 219 4754 aterio
239 4698 266 4753 in
288 4699 455 4754 Antiochena
479 4703 505 4752 et
525 4697 649 4754 llomaua
671 4696 738 4752 urbe
758 4695 889 4766 fundavit,
906 4706 934 4753 ut
984 4695 1125 4751 sentimus.
1145 4697 1204 4751 »Et
1218 4697 1293 4764 item,
1311 4698 1384 4769 quod
1408 4705 1463 4754 tres
1487 4697 1541 4754 illae
1565 4699 1656 4766 sedes,
1683 4698 1792 4756 scilicet

134 4784 251 4840 illumin
265 4801 322 4842 suae
336 4784 538 4859 glorificationis
557 4784 693 4841 domicilio
712 4785 932 4856 praeeminentem
983 4783 1115 4853 Romana,
1139 4786 1332 4857 Alexandrina,
1349 4794 1376 4843 et
1390 4788 1567 4859 Antiochena,
1589 4801 1643 4842 una
1667 4787 1693 4843 si
1714 4787 1791 4844 Petri

133 4887 167 4928 ea
181 4873 317 4945 intelligas
332 4890 476 4945 reposcere
498 4874 620 4930 instituta
642 4890 703 4946 quaa
727 4871 846 4939 tradidit,
862 4875 933 4932 siout
983 4873 1789 4949 sedes,adeumdemEulogiumAlexandrinumepiscopum

132 4961 168 5017 ab
183 4962 243 5034 ipsa
258 4978 338 5033 quam
353 4962 494 5019 confessus
509 4971 549 5019 est
563 4962 677 5020 veritate
691 4961 821 5033 suscepit.
836 4963 932 5034 Neque
982 4961 1075 5017 scribit
1098 4963 1157 5034 (lib.
1174 4979 1211 5031 vr,
1229 4966 1310 5037 epist.
1327 4965 1373 5037 37)
1390 4981 1397 5020 τ
1415 4988 1426 5013 «ι
1445 4963 1623 5032 suavissima,
1647 4963 1789 5037 iuquiens,

130 5051 282 5109 ullomodo
297 5051 369 5106 siuas
385 5052 412 5107 in
434 5051 617 5108 Orientalibus
638 5049 779 5118 Ecclesiis,
797 5050 931 5107 maxime-

128 5157 182 5216 que
196 5140 239 5197 his
254 5155 321 5214 quas
337 5141 511 5198 Antiocheuae
525 5139 584 5195 sedi
610 5137 854 5195 sacratissimorum
877 5154 930 5213 pa-

126 5236 198 5285 trum
212 5229 315 5285 Nicaeui
337 5244 455 5286 canones
476 5229 648 5299 deputarunt,
665 5228 699 5282 ab
714 5227 847 5299 improbis
871 5230 930 5286 hae·

125 5317 218 5373 reticis
245 5318 397 5391 Evangelio
416 5315 580 5374 resultari.»
609 5317 644 5372 Et
670 5323 733 5388 post
760 5316 897 5388 aliquanta
921 5346 928 5383 :

128 5425 139 5456 ι
156 5405 273 5476 Dignum
288 5413 329 5462 est
344 5407 417 5462 enim
430 5415 457 5460 te
471 5402 630 5477 apostolice
644 5405 703 5461 sedi
718 5405 746 5460 in
760 5406 811 5461 hac
824 5405 929 5462 sollici.

122 5499 215 5556 tudine
230 5517 291 5558 esse
306 5509 472 5574 consortem,
488 5499 565 5557 etad
579 5500 678 5571 agendi
698 5497 825 5558 fiduciam
840 5500 928 5572 privi-

981 5050 1046 5105 mihi
1075 5051 1206 5108 sauctitas
1234 5060 1326 5109 vestra
1354 5053 1436 5109 multa
1462 5054 1491 5108 in
1514 5052 1635 5125 epistolis
1664 5053 1723 5108 suis
1752 5053 1790 5110 de

981 5139 1067 5196 sancti
1082 5141 1267 5211 apostolomm
1289 5141 1421 5215 principis
1445 5141 1517 5198 Petri
1541 5141 1671 5198 cathedra
1695 5140 1789 5199 locuta

981 5237 1033 5295 est,
1048 5229 1142 5286 dicens
1158 5230 1231 5302 quod
1244 5231 1304 5302 lpse
1317 5231 1345 5287 in
1360 5247 1393 5287 ea
1407 5247 1479 5287 nunc
1493 5245 1580 5304 usque
1595 5230 1623 5285 in
1638 5229 1696 5286 auis
1718 5245 1787 5289 suc·

980 5319 1136 5374 sessoribus
1147 5318 1250 5375 sedeat.
1266 5318 1301 5374 Et
1316 5319 1427 5392 quidem
1437 5336 1490 5393 ego
1504 5318 1647 5393 indignum
1661 5335 1708 5376 me
1721 5334 1785 5377 esse

979 5421 1033 5463 non
1058 5407 1145 5462 solum
1167 5407 1197 5463 in
1219 5408 1323 5464 honore
1345 5407 1557 5480 presidentium,
1574 5407 1624 5464 sed
1647 5407 1731 5465 etiam
1754 5407 1784 5464 in

979 5521 1094 5565 numero
1117 5505 1245 5564 stantium
1267 5521 1403 5582 agnosco;
1428 5505 1598 5570 seda-,uncta
1621 5521 1682 5579 quae
1707 5505 1782 5564 dicta
