3794 6104
125 264 175 312 ⁸59
778 264 924 318 loannis

126 394 217 439 nostra
233 387 401 441 sanctissima
423 389 603 443 Romanorum
629 390 749 444 Ecclesia
778 389 918 442 unanimes

127 464 153 509 et
168 457 319 512 concordes
344 459 510 512 surreximus
536 460 571 513 ad
586 475 618 513 ea
633 460 722 514 omnia
737 476 796 530 quui
811 457 917 513 anobis

127 527 227 606 scripta¹
244 535 304 608 sunt
332 537 457 598 prompto
487 538 512 584 et
526 526 607 584 alacri
637 529 726 585 animo
751 527 915 599 peragenda.

127 595 279 678 Scripsistis
295 598 492 679 nobis3noster
506 601 601 656 dilecte
618 600 664 667 lili,
688 609 716 654 ut
744 607 835 655 nostra
849 615 917 669 apo·

126 667 220 722 stolica
237 683 343 722 viscera
358 670 570 725 misericorditer
584 672 763 740 aperiremus,
782 677 807 725 et
823 677 918 724 omnes

126 745 256 808 quotquot
271 738 368 792 fuerint
383 741 428 810 qui
443 740 470 794 iii
487 750 578 796 vestra
606 742 727 798 Ecclesia
743 742 785 795 vel
801 735 918 811 propriis

126 808 313 888 chirographis
328 810 371 864 vel
385 811 437 865 alio
448 812 544 883 qiiovis
559 822 638 894 pacto
653 811 821 883 prevaricati
845 821 916 872 sunt,

126 886 152 932 et
167 894 303 933 canonicis
319 881 441 935 censuris
457 884 566 937 obnoxii
590 892 651 937 sunt
674 881 773 945 eflecti,
787 881 919 950 recipere-

125 964 187 1028 nius
202 957 228 1002 et
243 951 318 1018 pacis
342 959 367 1004 et
392 953 499 1007 unionis
523 969 614 1007 euram
644 953 816 1007 haberemus.
847 952 918 1020 Quin

126 1029 205 1072 ctiam
217 1028 279 1073 ante
294 1021 384 1076 ouiuiu
412 1024 533 1078 Photinus
560 1022 793 1097 religiosissimum
810 1022 918 1091 episco-

126 1106 190 1160 pum
206 1099 307 1172 nostran
335 1095 531 1149 communionis
561 1096 697 1150 haeredem
714 1104 740 1148 et
750 1093 916 1164 participem,

59 1212 64 1219 ,
126 1169 152 1214 et
163 1163 379 1216 comministrum
395 1165 536 1231 facientes,
553 1167 587 1219 ad
603 1181 731 1237 magnum
748 1164 919 1235 episcopatus

125 1230 231 1285 culmen
243 1241 269 1285 et
283 1233 453 1302 dignitatern,
476 1236 680 1305 patriarchalem
696 1236 789 1289 iterum
814 1234 917 1289 cousti-

125 1310 272 1367 lueremus,
293 1321 327 1357 nc
343 1305 465 1359 Ecclesia
477 1307 525 1360 Dei
541 1307 625 1361 multo
641 1314 763 1372 tempore
783 1305 917 1359 schisma-

126 1380 180 1425 tum
196 1374 254 1427 Deo
268 1389 413 1428 exosorum
429 1384 454 1430 et
470 1378 603 1431 malorum
620 1376 808 1430 scandalorum
828 1375 918 1429 llucti-

127 1442 177 1496 bus
190 1445 289 1514 agitata
304 1455 469 1513 permaneat.

163 1536 173 1561 i
192 1515 324 1593 bfosveio
341 1525 438 1571 vestrae
466 1516 618 1572 serenitatis
644 1533 739 1587 preces
756 1516 919 1586 accipientes

127 1592 154 1663 ut
166 1583 310 1639 rationales
325 1592 350 1639 et
363 1587 450 1653 justas
477 1598 501 1642 et
531 1591 588 1643 [ico
612 1596 748 1658 acceptas,
774 1595 799 1640 et
813 1596 920 1656 tempus

124 1667 180 1720 Jani
195 1663 291 1722 praesto
306 1671 376 1720 esse,
395 1660 466 1728 quod
482 1667 559 1713 aulea
575 1658 764 1729 quaerebamus
799 1666 824 1710 et
841 1657 918 1711 iuve-

951 266 1046 319 Pill'AE
1078 264 1145 319 vlit.
1716 260 1764 311 86⁰

931 387 1136 447 Aconfirmnvit
1151 391 1224 443 etad
1253 389 1371 458 priorem
1401 386 1558 457 dignitatem
1594 381 1720 437 restituit.
1736 383 1762 437 Si

968 459 1097 529 igiturex
1114 460 1296 514 Donatistiset
1311 474 1343 511 en
1365 459 1471 512 Bonoso
1500 454 1700 509 ordinationem
1716 469 1762 508 ac·

968 540 1106 600 ceperunt,
1123 531 1199 585 atah
1227 527 1357 583 Ecclesiae
1386 526 1525 582 catholicae
1551 525 1685 579 limitibus
1705 523 1762 578 lue-

968 604 1030 654 runt
1045 601 1124 670 ejecti
1134 598 1260 669 aspnodo
1271 612 1427 657 numerosa,
1445 595 1541 652 iterum
1552 598 1586 651 ab
1598 596 1763 666 aliaspnodo

969 672 1143 741 recipiuntur,
1161 680 1186 725 et
1201 671 1228 723 in
1258 670 1429 725 sacerdotum
1457 683 1570 722 numero
1585 668 1762 722 collocantur.

969 749 995 795 iit
1012 743 1133 796 Ecclesia
1148 741 1197 795 Dei
1213 740 1346 794 indivulsa
1362 749 1388 794 et
1402 755 1418 793 a
1441 739 1633 793 schismatibus
1662 738 1766 808 integre

969 813 1095 867 etliliera
1114 816 1273 882 permaneat
1302 808 1380 879 (nihil
1404 810 1474 863 enirn
1491 810 1577 864 oculis
1604 808 1653 862 Dei
1678 809 1764 878 magis

968 884 1167 939 exsecrandum
1194 892 1220 936 ct
1252 880 1432 934 abominabile
1472 876 1641 960 conspicitur
1683 893 1763 958 quain

969 955 992 1009 is
1007 956 1051 1035 qui
1066 955 1239 1009 schismatum
1269 959 1364 1006 micton
1389 952 1414 1004 in
1440 951 1563 1005 ecclesiis
1576 950 1723 1013 exstilerit,
1739 956 1764 1003 et

969 1025 1033 1079 nihil
1046 1025 1190 1093 jucundius
1205 1024 1247 1078 rel
1262 1023 1370 1078 charius
1385 1021 1464 1076 etiam
1482 1021 1593 1075 bonitati
1611 1037 1694 1091 quani
1709 1021 1763 1074 Ec·

969 1096 1080 1153 olesiani
1103 1112 1177 1149 suam
1193 1094 1384 1163 iutegritatem,
1412 1092 1560 1161 perlectum
1589 1108 1655 1163 erga
1680 1092 1763 1145 Deuni

969 1183 1100 1232 amorem,
1116 1175 1143 1221 et
1157 1182 1222 1236 erga
1237 1165 1388 1233 proximum
1417 1164 1591 1217 dilectionem
1620 1176 1764 1217 conserva-¹

969 1241 1019 1298 rel.
1036 1238 1119 1292 multo
1137 1237 1225 1308 magis
1239 1250 1317 1290 veros
1341 1233 1489 1287 ottliodoxa
1514 1230 1567 1287 lide
1596 1233 1726 1296 illustres,
1739 1232 1762 1285 el

970 1310 1031 1362 vitm
1045 1309 1177 1378 gravitate
1194 1316 1218 1361 et
1234 1321 1325 1360 rerum
1341 1303 1435 1375 peritia
1450 1302 1584 1362 celebres.
1603 1319 1658 1358 non
1682 1318 1761 1372 opor-

969 1388 1006 1434 tet
1021 1379 1081 1433 illos
1096 1388 1238 1434 contemne
1251 1375 1275 1439 b,
1292 1376 1424 1430 obnoxios
1439 1373 1606 1444 paenitentiae
1619 1374 1687 1446 jugo
1706 1389 1761 1443 gra-

970 1449 1036 1512 vari,
1053 1450 1101 1503 sed
1112 1450 1145 1503 ad
1156 1448 1273 1519 priorem
1287 1446 1446 1518 dignitatem
1463 1445 1617 1499 restituere.

1005 1552 1015 1582 e
1033 1542 1045 1567 a
1063 1521 1129 1574 Cum
1141 1520 1211 1574 enirn
1227 1518 1309 1573 semel
1327 1516 1475 1588 apostolica
1500 1517 1558 1571 liaec
1574 1514 1758 1570 sedesclavus

969 1591 1120 1660 accepisset
1131 1590 1208 1662 regni
1224 1589 1382 1644 ccrloruma
1405 1587 1493 1658 primo
1507 1596 1533 1640 et
1553 1601 1657 1710 meppia
1680 1582 1757 1656 ponti·

971 1659 1099 1718 licelesu
1127 1660 1234 1714 Clirislo
1263 1666 1310 1729 per
1328 1658 1478 1728 principem
1507 1666 1606 1727 aposto
1618 1672 1697 1711 oruiu
1714 1656 1755 1711 Pe-

124 1738 183 1777 1¹¹se
199 1725 284 1778 Deum
300 1728 486 1808 precabamur,
504 1739 529 1782 vl
558 1729 653 1784 rationi
669 1729 748 1784 etiarn
765 1738 951 1798 congruumss
967 1743 1037 1787 trum
1050 1752 1056 1796 ;
1069 1749 1129 1787 cum
1145 1731 1182 1785 illi
1194 1730 1306 1784 dixisset
1322 1747 1328 1781 :
1350 1729 1406 1783 Tibi
1416 1728 1483 1782 dabo
1503 1729 1599 1783 clares
1614 1729 1694 1799 repul
1709 1744 1755 1783 cre·

79 1872 81 1874 q
124 1803 266 1874 censentes
289 1797 439 1852 Ecclesiam
467 1799 515 1853 Dei
537 1800 708 1880 tranquillam
731 1798 844 1853 reddere
870 1799 916 1853 nii·
967 1804 1067 1866 loruui,
1084 1800 1420 1884 elpirrecttupuesolcerts
1440 1804 1661 1868 superterram,
1682 1801 1755 1853 cruat

124 1880 208 1918 ⁵¹⁰¹*ss
236 1875 379 1937 ΡΓΟΡῘΟῙἪ1
403 1870 513 1950 ‚lssEliQS
536 1888 580 1942 ‘lul
609 1879 724 1925 t'lssllaffi
754 1869 916 1940 perficerent
965 1875 1057 1929 colaria
1075 1878 1102 1929 el
1125 1890 1155 1927 tn
1175 1874 1273 1936 cmlis;
1296 1874 1509 1942 clputeeuupue-
1530 1871 1665 1942 tipuieru
1682 1884 1755 1938 super

123 1935 288 1990 V⁰¹¹¹¹¹¹⁸¹effl
305 1975 326 2001 i·
344 1939 375 1992 El
392 1939 452 2020 hcet
469 1949 554 2020 piratas
571 1949 659 2022 vestra
689 1942 782 1994 Photio
799 1940 860 2019 ¹vitu
875 1940 915 1993 iu·
966 1947 1180 2004 ermamenarii
1194 1942 1358 2011 lipulnclc'u
1375 1940 1452 1994 celis
1466 1941 1577 2011 ellrrlth.
1590 1950 1649 2009 xvi)
1667 1959 1673 1999 ;
1688 1939 1755 1993 habet

123 2004 234 2060 ferendo
254 2023 304 2061 iios
327 2020 466 2078 praevenit.
484 2028 510 2064 iii
532 2012 578 2065 illo
594 2012 758 2066 restituendo
780 2011 913 2074 videlicet,
965 2015 1119 2069 laenitatem
1134 2029 1228 2068 opines
1244 2010 1346 2081 ligandi
1377 2018 1458 2079 atque
1485 2010 1621 2066 soli-endi,
1648 2019 1674 2063 ei
1691 2011 1755 2076 juxta

122 2082 265 2147 antequam
282 2080 366 2133 nostri
382 2080 463 2152 legati
477 2081 565 2137 isthuc
583 2082 728 2146 vertissent,
755 2083 812 2134 baec
827 2091 916 2135 tamen

122 2161 172 2226 nos
199 2148 353 2217 supplemus
378 2167 430 2204 uon
461 2152 618 2207 auctoritate
642 2161 743 2209 nostra.
775 2151 836 2205 licet
864 2152 915 2206 hoc

122 2223 203 2296 eliam
218 2217 461 2289 saeercpossiuius,
491 2223 538 2276 scd
569 2223 724 2292 apostolicis
742 2222 914 2276 constitutio-

122 2287 202 2367 nibus
217 2296 243 2341 et
257 2299 413 2345 sauctorum
429 2293 538 2346 Patruui
553 2293 672 2348 decretis
687 2294 784 2347 horum
800 2292 915 2346 demon-

123 2365 282 2439 strationem
297 2359 451 2428 afferentes,
469 2381 557 2434 neque
577 2364 707 2418 Ecclesiae
722 2362 830 2433 regulas
843 2363 915 2430 jani-

122 2428 169 2481 diu
185 2430 296 2484 traihtas
321 2431 468 2495 solventes,
499 2435 547 2488 sed
572 2450 617 2487 eas
646 2434 674 2486 in
697 2433 913 2513 quibuscunque,

121 2497 185 2552 duni
201 2501 297 2554 harum
312 2503 392 2557 nimis
408 2512 501 2559 exacta
517 2512 542 2557 et
557 2503 732 2558 immutabilis
742 2503 915 2557 observantia

121 2579 254 2649 serretur,
271 2572 374 2627 divellit
390 2583 416 2628 ct
430 2575 544 2629 destruit
566 2584 650 2630 totoni
679 2589 839 2644 compagem
854 2588 915 2628 cor·

119 2655 195 2719 poris
229 2644 366 2709 Ecclesiae,
399 2646 433 2699 ad
463 2647 534 2726 qiiotl
563 2645 687 2701 conducit
704 2646 851 2706 trahentes,
882 2644 916 2697 ab

120 2721 234 2779 ipsamet
250 2713 373 2769 Ecclesia
389 2717 487 2770 edocti.
514 2717 654 2771 Secundus
669 2715 741 2768 enim
765 2730 852 2769 canon
869 2714 916 2767 Ni-

121 2797 204 2836 caeuae
215 2784 310 2861 synodi
329 2786 386 2839 haec
402 2787 490 2840 hahet.
509 2786 643 2854 Quoniam
671 2785 828 2854 lrefpientei·
844 2784 885 2838 vel
901 2801 915 2837 a

121 2861 284 2932 necessitate
297 2855 338 2907 vel
353 2855 406 2908 alio
422 2858 518 2926 quovis
533 2866 612 2926 pacto
628 2864 762 2928 coguntur
792 2855 916 2909 homines

121 2921 321 2977 ecclesiasticos
336 2941 454 2980 canones
470 2927 631 2999 transgredi,
643 2937 666 2980 et
683 2943 743 2997 que
758 2933 913 2995 sequuntur.

121 2991 244 3071 Necnon
262 3009 337 3075 papa·
359 2997 485 3050 Gelasius
508 2998 542 3051 cle
557 2999 648 3066 seipso
671 2996 755 3066 inquit
784 2995 855 3066 quod
871 2994 916 3048 ubi

120 3077 161 3114 vis
172 3077 225 3116 non
239 3075 391 3134 apponitur,
409 3077 564 3122 sanctorum
580 3069 688 3121 Patruiii
704 3074 802 3120 statuta
818 3065 914 3121 incon-

119 3147 199 3214 cussa
215 3144 349 3191 maneant.
381 3137 509 3192 Similiter
529 3137 611 3193 etiam
634 3136 821 3192 sanctissimus
845 3151 913 3206 papa

119 3203 174 3257 Leo
189 3221 216 3257 iu
232 3207 328 3260 eodem
362 3209 459 3277 spiritu
486 3208 618 3277 praecipit.
649 3207 765 3262 dicens:
795 3206 844 3262 Ubi
872 3206 912 3259 vis

119 3288 173 3327 non
200 3277 336 3346 praecedit,
367 3279 515 3333 immobilia
556 3288 731 3349 permancant
758 3285 913 3331 sanctorum

119 3344 225 3426 Petrum
237 3356 359 3414 statula;
390 3350 434 3403 uhi
449 3367 513 3404 vero
533 3349 681 3405 necessitas
709 3356 736 3402 et
754 3348 793 3402 vis
809 3347 912 3415 reperi-

117 3421 167 3482 tur,
184 3417 220 3469 ibr
235 3419 269 3471 ad
284 3419 311 3472 id
326 3421 398 3490 quod
426 3421 552 3476 convenit
576 3419 706 3474 Ecclesiis
731 3418 790 3482 Dei,
807 3417 851 3471 ille
868 3418 912 3487 qui

116 3495 277 3567 potestatem
292 3490 383 3555 habet,
401 3491 550 3561 dispenset.
581 3492 620 3544 Eri
648 3490 809 3544 necessitate
831 3488 912 3552 enin,

115 3565 189 3637 Juxta
215 3558 334 3614 divinum
353 3562 515 3631 apostolum,
541 3563 623 3617 etiam
651 3560 720 3632 legis
742 3558 769 3613 sit
790 3558 912 3612 imitatio.

120 3626 193 3708 Felix
209 3637 342 3697 praeterea
356 3649 425 3702 papa
450 3649 570 3688 consona
587 3633 667 3687 etiarn
687 3631 775 3685 dicit:
801 3630 839 3683 De
862 3629 913 3683 hoc

118 3713 190 3777 enini
203 3709 306 3768 eportet
321 3703 539 3759 nniriiadvei·tei·c
556 3713 583 3756 ut
598 3703 643 3755 uhi
658 3700 807 3756 necessitas
831 3698 915 3754 conti-

117 3777 186 3839 gerit
215 3786 402 3836 sepenumero
445 3774 525 3826 etiam
567 3773 773 3828 coristitntiones
804 3771 913 3823 Patrnin

119 3840 275 3918 transgredi
291 3841 377 3895 liceat.
397 3844 495 3897 Sancta
509 3843 591 3896 etium
620 3842 741 3912 synodus
770 3838 913 3909 Cartbagi-

118 3917 263 3987 nensisait
280 3911 420 3981 trigesimo
449 3913 542 3982 quinto
571 3914 682 3982 capite:
712 3911 913 3963 llandaiuusut

119 3976 320 4056 Donatistarum
335 3980 427 4035 clerici
451 3983 545 4036 iterum
569 3984 602 4036 ad
624 3981 755 4035 ecclesias
780 3987 914 4032 revertan-

119 4056 171 4127 tur,
190 4048 252 4102 licei
265 4049 343 4103 etiam
360 4067 376 4105 a
391 4053 494 4120 synodo
521 4053 617 4106 luerint
643 4049 770 4105 damnati.
789 4049 914 4117 synodus

118 4125 199 4172 etiam
215 4121 505 4202 synodumabrogasse
523 4122 657 4192 reperitur
662 4129 773 4190 propter
786 4120 914 4172 unionem

55 4237 57 4241 ,
118 4187 249 4268 Ecclesiae
265 4199 290 4243 et
307 4193 490 4247 concordiam.
516 4193 549 4246 Et
574 4191 745 4246 lunoceutius
769 4205 838 4260 papa
853 4189 912 4242 uit:

118 4258 162 4311 lsti
178 4260 311 4315 aBoaoso
327 4263 445 4317 ordinati
462 4264 589 4319 haeretico
616 4262 789 4331 recipiantur,
821 4275 854 4312 ne
870 4259 915 4312 ite-

118 4346 177 4383 rum
189 4331 314 4385 scandala
329 4333 356 4386 iu
372 4334 495 4388 Ecclesia
512 4334 561 4388 Dei
576 4333 706 4387 oriantur.

147 4423 166 4481 Ιν
182 4401 275 4472 Neque
291 4403 379 4458 solum
393 4404 460 4466 istis,
485 4404 547 4458 licet
568 4403 635 4457 tales
651 4413 741 4457 essent
769 4408 797 4454 ut
813 4417 845 4452 ex
861 4398 913 4452 illis

117 4470 232 4525 luissent
248 4482 275 4527 ut
290 4474 410 4528 haeretiei
438 4474 567 4537 damnati,
597 4473 746 4542 apostolica
761 4480 853 4524 tamen
868 4485 912 4522 se-

119 4541 167 4596 des
183 4543 316 4598 Ecclesiae
331 4545 406 4614 pacis
421 4561 513 4599 curam
542 4559 642 4615 gerens
659 4558 757 4596 manus
772 4539 920 4607 adjutrices

118 4613 247 4682 porrexit,
273 4631 368 4669 verum
397 4614 477 4669 ctiam
497 4614 655 4669 orthodoxis
671 4611 806 4680 episcopis
822 4614 846 4663 e't
871 4624 919 4677 pa·

118 4683 241 4762 triarchis
257 4686 290 4737 ad
308 4686 394 4754 ipsam
411 4685 641 4755 roiiiugientibus.
672 4685 741 4735 sicut
765 4697 837 4734 nunc
851 4678 918 4733 reli-

120 4754 293 4824 giosissimus
325 4757 442 4812 l’hotins.
479 4765 505 4810 et
542 4754 671 4808 auxilium
713 4749 919 4820 implorantibus

120 4838 199 4893 opeui
220 4825 288 4878 tulit.
319 4827 412 4879 b'ostis
440 4826 550 4880 omuino
575 4839 704 4890 magnum
744 4818 919 4874 Athanasium

121 4899 281 4964 episcopum
294 4895 508 4950 Alexandrinum
522 4905 546 4949 et
570 4890 700 4964 Cprilluni
723 4900 749 4944 et
769 4890 919 4947 Polttcliio·

120 4967 192 5018 niuui
240 4967 498 5036 llierosolpiuoruui,
533 4967 675 5024 loannem,
706 4977 787 5041 quein
811 4948 920 5013 dilectio

119 5045 208 5089 vestra
240 5037 462 5106 chrysostomum
491 5035 620 5105 appellat,
651 5033 809 5086 Flavianum
839 5029 919 5083 etiarn

120 5107 468 5174 constantinopolitarium:
490 5109 539 5159 hos
555 5106 625 5159 enirn
643 5120 657 5157 a
674 5102 786 5172 spondis
805 5102 919 5152 damua-

122 5184 163 5228 tos
178 5186 200 5227 et
220 5178 394 5245 reprobatos,
428 5193 487 5230 cuni
503 5177 536 5241 ajl
566 5184 685 5227 sanatam
704 5175 851 5226 lloruanam
867 5171 920 5222 lic-

122 5245 440 5313 clesiauiconiecissent,
468 5247 618 5315 ripirstoliea
649 5244 728 5297 seiles
758 5244 920 5296 linconen-u

157 5368 275 5418 itddhlit
288 5370 332 5418 isti
348 5371 457 5426 l‘hutius,
470 5374 494 5417 et
507 5367 610 5417 riiutavit
624 5366 646 5414 in
660 5363 809 5413 contrarium
824 5372 921 5409 sensum

122 5444 176 5493 uuae
188 5434 218 5482 do
230 5435 308 5494 seipso
322 5435 486 5484 trahebantur.

156 5500 168 5534 l
183 5500 219 5549 Ex
229 5512 255 5549 sc
269 5502 321 5550 baec
334 5501 427 5551 addidit
440 5500 549 5550 trhonus.

155 5556 250 5614 ‘nutu
272 5565 312 5615 hic
333 5579 347 5615 a
369 5566 456 5616 Plotio
479 5564 644 5628 praetermissa
668 5565 810 5617 noscuntur.
835 5560 923 5622 auibus

123 5632 188 5684 sedis
201 5632 339 5693 apostolica
352 5631 485 5681 auctoritas
503 5630 699 5693 praetutiana
715 5625 812 5678 adriani
831 5626 923 5689 prade-

127 5697 233 5748 eessoris
246 5695 334 5756 locatio
348 5700 509 5746 memoratur.

928 4444 953 4502 D

966 2087 1124 2156 prophetam
1135 2082 1289 2148 ieremiani,
1307 2080 1439 2135 evellendi
1455 2088 1482 2134 et
1496 2080 1641 2149 plantandi
1658 2080 1754 2148 (land.

966 2157 1023 2210 llac
1038 2156 1071 2208 de
1086 2169 1168 2210 caiisa
1182 2169 1243 2216 nos,
1255 2151 1413 2206 auctoritate
1432 2150 1474 2203 usi
1497 2151 1631 2220 principis
1660 2161 1755 2220 aposto

965 2227 1051 2280 lorum
1077 2225 1156 2286 Petri,
1187 2240 1246 2278 cuni
1275 2222 1400 2275 universa
1429 2220 1551 2274 Ecclesia
1568 2219 1580 2256 ‘¹
1597 2221 1756 2275 allirmamus

965 2297 1053 2360 vobis,
1083 2304 1108 2350 el
1134 2310 1246 2376 parvos
1275 2292 1356 2347 ctiam
1380 2290 1560 2344 sanctissimis
1590 2291 1717 2345 fratribus
1737 2297 1756 2343 et

965 2368 1156 2422 comministris
1171 2363 1337 2435 patriarchis,
1369 2361 1564 2423 lleiandrino.
1595 2362 1756 2416 Antiocheno

966 2446 992 2493 et
1010 2437 1264 2506 hierosolymitano,
1296 2439 1322 2486 et
1347 2432 1458 2502 reliquis
1486 2432 1627 2501 episcopis
1643 2440 1757 2486 otsacer-

965 2509 1084 2572 datibus,
1101 2515 1126 2561 et
1143 2506 1277 2560 universa
1293 2500 1563 2570 Consiinopotitanae,
1597 2519 1649 2557 iios
1672 2518 1757 2557 conte·

965 2579 1024 2633 nire
1035 2587 1060 2632 et
1071 2576 1226 2631 consentire
1242 2575 1327 2640 robis,
1345 2573 1386 2626 vel
1403 2573 1492 2641 potius
1509 2574 1568 2627 heo
1584 2573 1610 2626 iu
1641 2573 1756 2627 omnihus

965 2666 1025 2721 quac
1039 2665 1052 2702 a
1068 2648 1146 2702 nobis
1172 2662 1220 2700 vos
1243 2644 1358 2715 petistis.
1385 2645 1415 2696 Et
1439 2642 1559 2712 primum
1581 2644 1695 2714 quidem
1717 2659 1757 2696 nus

966 2720 1086 2789 recipere
1102 2717 1226 2772 Photium
1251 2713 1517 2768 admirabilissimum
1545 2722 1573 2767 et
1599 2712 1756 2783 religiosissi·

965 2806 1037 2844 mum
1048 2789 1280 2856 archiepiscopum
1310 2793 1336 2838 et
1365 2783 1544 2854 patriarcham
1574 2784 1687 2838 fratrem
1702 2799 1754 2837 nos-

965 2869 1044 2923 trum,
1061 2869 1087 2914 et
1101 2856 1299 2914 communionis
1328 2870 1389 2909 curii
1400 2860 1495 2907 sancta
1516 2855 1704 2909 homanorum
1717 2855 1757 2907 Ec·

963 2931 1046 2985 clesia
1062 2937 1217 2984 consortem
1243 2935 1269 2981 et
1293 2925 1462 2996 participem,
1486 2934 1512 2979 et
1542 2925 1696 2988 haeredem,
1712 2939 1755 2977 non

965 3001 1053 3056 solum
1072 3008 1181 3070 propior
1213 2997 1281 3051 alias
1303 2996 1414 3049 virtutes
1439 2993 1539 3066 quibus
1569 2995 1617 3049 ille
1643 3001 1754 3064 praestat

964 3071 1153 3127 verumetiam
1169 3075 1278 3138 propter
1307 3065 1463 3120 scandulae
1479 3066 1572 3121 medio
1596 3064 1723 3123 tollenda,
1735 3071 1755 3115 et

964 3158 1058 3213 pacem
1074 3140 1133 3197 hei.
1150 3148 1175 3194 et
1189 3139 1363 3193 dilectionem
1383 3136 1550 3192 adinvicem
1567 3135 1640 3189 inter
1659 3152 1708 3188 nos
1720 3132 1756 3186 fir-

963 3213 1101 3267 mandam.
1118 3209 1239 3278 Recipite
1255 3208 1335 3262 ctiam
1363 3207 1451 3277 ipsum
1477 3223 1525 3262 ios
1545 3214 1623 3261 certo
1649 3213 1674 3260 et
1691 3204 1756 3258 lirmo

963 3283 1063 3338 animo.
1080 3291 1105 3336 et
1121 3279 1253 3335 charitate
1263 3286 1288 3332 et
1305 3276 1366 3340 side,
1379 3293 1459 3331 omne
1482 3276 1636 3347 iniquitatis
1647 3284 1673 3329 et
1687 3274 1755 3329 mali-

963 3353 1207 3414 tiaevcucnum,et
1237 3347 1421 3417 duplicitatem
1451 3356 1477 3402 et
1506 3346 1714 3418 ambiguitatem
1728 3344 1755 3397 de

963 3422 1090 3479 cordibus
1105 3420 1204 3476 vestris
1219 3418 1378 3487 avellentes,
1396 3417 1465 3471 sicut
1478 3418 1569 3488 ipsum
1592 3417 1694 3487 recepit
1709 3416 1754 3469 ho·

963 3509 1043 3547 mana
1057 3490 1192 3548 Ecclesia.

999 3572 1010 3598 ⁰
1026 3588 1036 3610 ιι
1055 3562 1204 3617 Didicimus
1218 3559 1290 3613 enim
1312 3557 1367 3612 lere
1382 3559 1416 3612 ab
1440 3557 1569 3614 omuibus
1588 3558 1636 3627 uui
1651 3558 1700 3610 buc
1714 3571 1753 3606 ve-

963 3635 1040 3688 niunt
1055 3651 1089 3687 eii
1104 3632 1156 3685 illis
1171 3630 1218 3702 qui
1238 3629 1298 3684 istic
1312 3638 1467 3694 vorsantur,
1497 3629 1623 3682 Photium
1642 3626 1754 3681 omnibns

931 3703 1153 3776 ,praerogativis
1175 3706 1307 3770 praestare
1337 3713 1429 3753 coram
1460 3700 1517 3752 Deo
1533 3713 1590 3752 iioii
1616 3698 1701 3752 solum
1715 3711 1752 3748 sa-

963 3775 1063 3845 pientia
1073 3782 1099 3828 et
1113 3771 1255 3843 prudentia
1270 3769 1341 3823 circa
1354 3785 1397 3822 ros
1413 3769 1520 3822 divinas
1535 3777 1560 3821 et
1576 3768 1754 3828 humanusve·

965 3861 1022 3899 runi
1039 3844 1120 3898 etiam
1136 3843 1206 3897 circa
1222 3855 1317 3894 omncs
1338 3839 1448 3893 virtutes
1476 3837 1607 3897 morales.
1633 3845 1660 3891 et
1673 3849 1754 3890 curaui

964 3915 1118 3969 divinorum
1143 3919 1366 3982 praeceptorum,
1389 3918 1517 3978 tauquam
1534 3904 1755 3977 irreprebensibi-

963 3987 1018 4041 lem
1040 3984 1196 4054 operaiium
1216 3979 1358 4035 celebrari.
1389 3979 1484 4048 Ncqne
1505 3980 1613 4046 justum
1642 3977 1755 4031 duximus

965 4056 1044 4110 talem
1058 4055 1147 4107 virum
1159 4052 1274 4106 otiosum
1290 4057 1315 4103 et
1335 4047 1458 4102 inutilem
1482 4063 1658 4117 permanere,
1682 4045 1754 4100 sedin

964 4127 1047 4180 altum
1062 4125 1090 4178 in
1105 4131 1194 4179 vestra
1221 4119 1342 4174 Ecclesia
1365 4119 1461 4172 iterum
1475 4119 1577 4172 elatum
1590 4126 1617 4172 et
1632 4118 1754 4171 lucentem

965 4203 1094 4250 consueta
1109 4193 1159 4247 sihi
1181 4199 1207 4246 et
1227 4191 1293 4244 ‘Deo
1319 4189 1420 4243 dilecta
1443 4204 1528 4258 opera
1552 4204 1690 4244 exercere.
1710 4195 1755 4239 tum

965 4282 1033 4337 erga
1048 4265 1214 4325 sacerdotes,
1239 4260 1397 4314 tumeliam
1420 4275 1486 4330 erga
1509 4259 1668 4328 episcopos.
1697 4255 1756 4322 Qua·

965 4345 1078 4406 propter
1093 4334 1219 4388 eumdem
1235 4337 1405 4384 resumentes
1430 4344 1597 4390 sermonem,
1611 4328 1687 4382 vohis
1700 4325 1756 4379 dici·

950 4422 1042 4459 -must
1060 4404 1195 4483 Suscipite
1211 4400 1297 4455 virum
1308 4400 1387 4453 istuiu
1399 4399 1503 4469 absque
1519 4398 1576 4451 ulla
1591 4397 1755 4451 dubitatione.

1004 4498 1012 4533 r
1027 4499 1036 4522 u
1047 4476 1104 4529 Nec
1119 4473 1216 4542 aliquis
1226 4486 1277 4539 pro
1292 4470 1331 4522 sui
1342 4470 1518 4523 excusatione
1528 4468 1648 4523 adducat
1656 4467 1756 4540 injustas

970 4545 1090 4616 synodos
1105 4544 1238 4598 adversus
1265 4541 1354 4608 ipsum
1378 4538 1493 4604 liabitas,
1524 4554 1627 4608 neque,
1656 4533 1756 4590 utmulti

969 4617 1132 4685 stupidiores
1148 4613 1301 4681 opinantur.
1327 4609 1435 4663 decreta
1450 4609 1688 4678 praedecessorum
1714 4620 1755 4657 no·

970 4694 1090 4740 strorum
1113 4685 1254 4737 beatorum
1281 4678 1448 4749 pontificum,
1464 4678 1573 4732 Nicolai
1590 4678 1713 4733 videlicet
1737 4680 1755 4726 ct

970 4756 1082 4810 Adriani
1099 4756 1231 4808 adversus
1256 4750 1380 4804 Photiiim
1402 4749 1457 4802 latu
1474 4757 1607 4810 accuset;
1630 4745 1755 4801 nonenim

970 4835 1080 4895 recepta
1109 4824 1215 4878 fuerunt
1230 4822 1264 4875 ab
1281 4820 1346 4889 ipsis
1362 4835 1421 4889 qaae
1437 4828 1535 4873 contra
1564 4817 1753 4873 sanctissimum

971 4897 1094 4951 Photium
1111 4902 1188 4967 gesta
1200 4891 1319 4946 luerunt.
1339 4889 1435 4943 Nullus
1450 4905 1500 4958 per
1521 4889 1705 4959 chirographa
1718 4900 1755 4937 ve

971 4976 1025 5022 stra
1051 4965 1224 5020 occasionem
1239 4969 1326 5015 sumat
1341 4960 1374 5012 ail
1399 4959 1545 5012 schismata
1566 4959 1684 5013 fovenda
1707 4969 1754 5010 cun

970 5038 1016 5091 illo
1031 5044 1057 5089 et
1073 5034 1224 5089 adinvicem
1242 5050 1248 5085 :
1266 5031 1356 5084 omnia
1378 5029 1451 5082 enim
1475 5029 1534 5098 jain
1560 5031 1656 5083 sedata
1671 5033 1754 5081 sunta

970 5107 1111 5177 abrogata,
1129 5104 1219 5158 omnia
1235 5117 1295 5171 quui
1310 5108 1404 5154 contra
1421 5099 1544 5153 l'hotinm
1563 5108 1641 5153 ‘resta
1656 5095 1754 5156 sontii-

972 5177 1022 5230 rita
1038 5185 1063 5230 et
1080 5175 1152 5228 nulla
1168 5190 1218 5242 pei·
1243 5188 1292 5226 nos
1307 5171 1435 5225 minimos
1445 5171 1471 5222 in
1490 5142 1620 5223 manibus
1643 5164 1754 5237 principis

971 5247 1156 5316 apostolorum
1174 5243 1292 5312 reposita
1315 5250 1386 5299 suut,
1409 5249 1435 5292 et
1451 5256 1501 5308 per
1523 5256 1587 5292 euni
1604 5241 1631 5292 in
1646 5239 1754 5291 lirinens

999 5360 1010 5397 ¹¹
1023 5365 1078 5413 ihre
1091 5362 1173 5410 rininia
1186 5360 1267 5409 aihlitn
1280 5373 1292 5406 a
1304 5357 1390 5407 Pbolio
1403 5357 1546 5418 liuposlorc.

972 5528 979 5574 1
1005 5459 1015 5478 ⁹
1031 5455 1227 5507 adtlitamentum
1240 5451 1298 5502 item
1310 5447 1496 5512 estimpostoris
1513 5453 1593 5498 totum
1614 5447 1675 5509 qnod
1690 5442 1756 5506 send

982 5535 1021 5573 ur.

1003 5598 1511 5720 {spupistal’hotliadditanienta‘coutri
1543 5594 1758 5677 synodochiipsun
1785 5661 1790 5679 ,

976 5684 1026 5720 cae
1045 5683 1070 5720 ra
1083 5682 1120 5720 as.
1196 5688 1200 5693 ·
