3826 6098
122 214 175 276 527
625 211 796 272 Hlucuuut
808 209 1009 270 RHEMENSIS
1024 211 1298 270 nucfltnrtsccrt.
1692 251 1693 255 κ
1722 215 1775 270 52⁸

128 338 229 395 mortui
237 337 351 409 loquens
359 335 433 405 dicit,
446 335 574 410 quiaillos
584 354 634 393 nos
644 337 830 409 debemusper
837 337 963 409 pastoA
978 338 1206 393 suibimiuistrut
1216 353 1261 393 me
1274 340 1410 409 sequatur
1434 335 1525 405 (locu.
1540 333 1603 405 xii),
1615 333 1643 389 id
1661 340 1703 390 est
1730 350 1777 390 me

126 428 213 484 relem
226 426 411 483 auctoritatem
426 427 541 492 solvere,
554 444 622 499 quos
637 436 775 482 auctorem
799 435 923 482 nostrum
972 426 1111 494 imitetur;
1128 427 1163 481 de
1189 440 1243 497 quo
1265 425 1394 496 scripturn
1423 432 1487 480 est:
1511 425 1576 492 Quae
1596 424 1679 496 erepit
1692 424 1776 480 lesus

127 511 320 584 cognoscimus
330 527 380 582 per
387 511 563 567 suscitantem
571 509 844 585 gratiamvivificare.
855 509 923 578 Qua
974 517 1083 587 secere,
1107 519 1135 570 et
1150 513 1329 585 docereblct.
1340 515 1370 583 ι),
1387 511 1647 584 quilecitetdocuit,
1658 511 1778 584 quaetibi

127 601 254 655 nimirum
268 597 412 656 vivificatio
427 608 489 655 ante
503 601 687 672 operationem
704 598 872 655 rectitudinis
896 598 923 652 in
972 600 1001 658 in
1016 612 1123 659 tuarum
1146 602 1304 672 injuriarum
1330 601 1502 657 tribulatione
1525 601 1663 674 agendum
1682 609 1709 655 et
1727 601 1778 670 ju·

125 686 924 762 ipsajamcognosciturconfessionepeecati.Veniatitaque
974 693 1093 748 bendum
1107 691 1198 748 luerat
1214 708 1220 746 :
1236 708 1299 746 nam
1314 691 1471 746 imminente
1487 705 1543 746 suae
1557 689 1694 761 passionis
1709 687 1778 743 arti-

124 777 200 833 foras
210 785 343 848 mortuus,
355 777 381 832 id
390 785 432 832 est
441 777 547 849 culpam
555 775 715 833 confiteatur
725 783 863 848 peccator,
877 790 925 830 ve·
974 781 1034 837 culo
1049 797 1099 852 pro
1114 797 1145 836 se
1156 788 1182 835 et
1197 796 1246 851 pro
1262 780 1329 849 suis,
1345 779 1395 836 sed
1405 787 1432 834 et
1446 795 1496 851 pro
1510 778 1554 834 his
1570 778 1616 849 qui
1644 775 1778 834 credituri

126 864 653 937 nientemverolorassolrantdisoipuli,
663 862 925 935 utpastorcsEccle·
975 878 1051 925 erant
1065 886 1114 940 per
1129 870 1242 926 verbum
1259 868 1392 924 eorumin
1405 884 1479 934 enm,
1496 868 1603 923 Patrem
1618 867 1705 923 orauit
1729 882 1778 923 se·

126 952 677 1026 siaeeipoenamdebeantamoverequam
687 952 796 1018 meruit,
815 950 925 1023 quinon
975 959 1094 1014 cundum
1108 958 1302 1013 humanitatem
1319 957 1366 1029 qui
1390 956 1481 1012 omnia
1503 956 1636 1012 donorum
1660 971 1780 1012 munera

124 1043 231 1100 erubuit
249 1041 372 1100 confiteri
389 1043 462 1114 quod
481 1042 554 1098 lacit.
572 1043 605 1097 El
624 1042 659 1098 dc
678 1056 802 1112 corpore,
817 1055 849 1094 tc
864 1054 925 1093 san·
975 1046 1091 1120 largitur
1107 1063 1168 1102 cum
1185 1047 1261 1101 Patre
1273 1045 1421 1101 divinitatis
1429 1045 1592 1119 aequalitate.
1603 1046 1638 1100 Et
1645 1045 1691 1116 qui
1701 1061 1778 1115 prm·

126 1133 208 1206 guine
226 1147 286 1202 suo,
306 1131 335 1186 in
354 1132 452 1204 quibus
471 1131 546 1185 salus
564 1130 716 1186 animarum
735 1137 762 1183 et
781 1143 926 1199 corporum
976 1136 1047 1206 cepit
1063 1134 1204 1206 discipulis
1214 1135 1271 1189 suis
1287 1134 1382 1190 dicens
1398 1151 1406 1188 ε
1424 1134 1507 1190 Orate
1519 1151 1571 1207 pro
1583 1135 1779 1207 persequenti·

126 1238 282 1285 nostrorum
296 1229 430 1295 consistit,
445 1228 577 1283 Dominus
592 1227 657 1282 dicit
674 1243 681 1282 :
700 1228 752 1296 Qui
770 1226 928 1282 inanducat
976 1224 1026 1279 bus
1041 1228 1069 1280 et
1083 1224 1327 1280 calumniantibus
1336 1240 1392 1289 uas,
1403 1226 1437 1280 ut
1447 1224 1511 1278 sitis
1520 1223 1575 1291 filii
1582 1223 1678 1278 Patris
1688 1223 1779 1278 vestri

125 1315 927 1388 meumeumem,etbibitmeumsuuguiuembubetut'tom
977 1315 1025 1387 qui
1034 1315 1065 1369 ia
1078 1314 1155 1369 eatis
1171 1317 1214 1368 est
1228 1313 1340 1379 (llattb.
1360 1327 1398 1379 ις
1413 1313 1481 1368 lue.
1508 1312 1559 1381 vr),
1581 1311 1609 1366 in
1624 1326 1707 1368 cruce
1721 1325 1778 1366 non

126 1410 370 1477 (eternametego
384 1405 556 1461 resuscitabo
578 1421 644 1461 eum
665 1405 697 1458 iu
710 1404 861 1459 nousstmo
882 1402 927 1458 die
977 1401 1064 1457 solum
1077 1416 1129 1472 pro
1152 1401 1209 1456 suis
1231 1401 1463 1472 persecutoribus,
1489 1416 1582 1456 verum
1610 1407 1637 1455 et
1655 1415 1705 1471 pro
1720 1399 1778 1455 suis

125 1492 358 1566 (tornatura
372 1492 543 1548 resuscitatio
558 1492 675 1549 discreta
689 1492 739 1547 erit
768 1492 803 1546 ab
832 1506 927 1546 eorum
976 1490 1194 1545 interlectoribus
1207 1490 1339 1554 exoravit,
1358 1497 1383 1545 et
1398 1504 1471 1545 nunc
1480 1489 1580 1547 sedens
1590 1488 1626 1543 ad
1635 1489 1777 1544 dexteram

124 1580 330 1638 resuscitatione
344 1581 458 1653 quinon
473 1581 638 1637 manducant
652 1596 762 1637 earnem
777 1578 825 1634 filii
839 1578 929 1634 homi·
976 1578 1062 1634 Patris
1075 1579 1230 1650 interpellat
1243 1594 1294 1650 pro
1308 1578 1398 1634 nobis.
1414 1579 1428 1633 J
1432 1579 1498 1633 ussit
1521 1577 1604 1633 etiarn
1633 1576 1779 1648 discipulis

127 1671 180 1738 nis,
192 1678 219 1726 et
233 1685 288 1726 non
303 1670 399 1725 bibunt
419 1670 478 1740 eJus
499 1670 670 1743 sanguinem,
694 1686 726 1726 ac
740 1685 791 1740 per
804 1670 858 1724 hcc
872 1683 927 1723 non
941 1667 1033 1753 Bauis
1055 1675 1202 1739 antequam
1223 1674 1370 1738 pateretur,
1392 1683 1455 1722 cum
1477 1666 1588 1722 tederet
1602 1673 1628 1721 et
1660 1672 1778 1721 moestus

127 1759 265 1816 habebunt
279 1759 373 1815 ritem.
389 1758 498 1814 iussisti
512 1759 592 1815 etiem
606 1759 753 1814 maximam
771 1757 927 1813 inhumani·
977 1764 1051 1812 esset
1065 1771 1151 1828 usque
1167 1756 1201 1810 ad
1215 1764 1341 1821 mortem,
1367 1764 1396 1811 ut
1415 1763 1524 1811 orarent
1537 1771 1572 1810 ne
1595 1756 1623 1810 in
1647 1753 1777 1810 tentatio-

126 1856 208 1904 tatcm
222 1856 251 1904 ut
260 1863 341 1903 nemo
354 1857 489 1903 mortuum
504 1849 534 1903 in
556 1855 602 1903 tua
626 1848 758 1919 parocbia
786 1846 926 1918 sepeliret,
976 1861 1040 1900 nem
1055 1844 1196 1900 intrarent.
1211 1845 1246 1899 Et
1257 1844 1327 1900 sieut
1341 1843 1467 1915 legimus,
1482 1844 1577 1900 Oratio
1586 1843 1671 1913 ficum
1684 1844 1719 1899 ab
1729 1858 1777 1899 ee·

125 1952 188 1993 cum
199 1937 389 2009 Dominusper
403 1937 568 2009 prophetam
583 1952 686 2010 egenos
701 1944 727 1992 et
741 1951 826 2007 vagos
836 1950 928 2007 quem·
977 1934 1065 1990 etesia
1078 1933 1153 2004 (let.
1169 1934 1224 1999 sn)
1238 1948 1288 2004 pro
1302 1933 1383 1988 Petro
1392 1932 1498 1988 recluso
1514 1932 1664 1989 incarcere
1677 1940 1705 1987 et
1717 1932 1777 1988 rin·

127 2040 180 2098 que
198 2026 226 2081 in
240 2026 351 2081 domum
365 2042 444 2081 suam
457 2025 587 2082 inducere
599 2026 702 2095 jubeat,
719 2034 745 2080 et
760 2023 891 2082 Dominus
899 2023 928 2078 in
977 2030 1021 2078 cto
1035 2022 1139 2078 catenis
1154 2021 1278 2090 duabus;
1295 2022 1344 2076 sed
1359 2029 1385 2076 et
1401 2022 1495 2077 Petrus
1509 2020 1606 2088 orarit,
1622 2020 1691 2076 sicut
1707 2018 1778 2094 legi·

123 2111 927 2187 judiciodicet,llospessui,etsuseepistismelllattbsxv)
976 2126 1046 2179 mus,
1063 2127 1112 2182 pro
1135 2110 1268 2167 Ecclesia.
1294 2109 1398 2165 Paulus
1414 2125 1522 2182 quoqne
1537 2109 1565 2164 in
1575 2109 1777 2180 persecutioni-

131 2211 158 2258 et
173 2210 201 2258 tu
218 2203 366 2275 hospitium
390 2203 419 2258 in
432 2209 528 2259 ventre
551 2203 673 2258 omnium
700 2202 797 2256 matris
823 2200 927 2257 scilicet
977 2197 1037 2267 bus,
1054 2199 1259 2268 incarceribus,
1276 2199 1304 2254 in
1318 2198 1433 2255 vinculis
1448 2197 1645 2271 atquecatenis
1659 2196 1776 2269 positus,

125 2299 205 2347 terrae
220 2292 335 2347 mortuis
349 2291 482 2364 denegari
493 2291 609 2360 jussisti,
627 2290 662 2346 de
677 2290 776 2362 quibus
790 2296 927 2361 praecepta
974 2287 1045 2346 'sicut
1057 2287 1185 2360 legimus,
1203 2303 1276 2359 saepc
1285 2288 1320 2342 ab
1334 2286 1460 2344 Ecclesia
1474 2286 1546 2342 orari
1560 2285 1685 2358 poposcit
1701 2285 1777 2342 utli-

128 2378 288 2452 evangelica
310 2387 393 2451 atque
413 2378 572 2451 apostolica,
588 2387 615 2433 et
629 2384 786 2434 sanctorum
815 2378 927 2432 decreta
976 2374 1116 2432 beraretur
1131 2376 1166 2431 ab
1179 2375 1335 2432 infidelibus
1350 2384 1378 2432 et
1395 2375 1556 2448 importunis
1585 2374 1708 2431 ecmelis
1723 2374 1777 2432 bo·

125 2467 174 2546 tibi
183 2466 280 2534 direxi,
297 2483 357 2539 quae
371 2467 442 2523 sicut
454 2467 521 2522 mihi
536 2482 591 2523 non
604 2467 710 2523 incerta
724 2465 856 2522 relatione
879 2481 926 2519 re·
975 2464 1103 2530 minibus,
1121 2464 1170 2519 sed
1195 2472 1221 2519 et
1241 2465 1300 2536 ipse
1324 2465 1409 2521 oravit
1430 2480 1482 2536 pro
1502 2463 1636 2520 Ecclesia.
1657 2463 1777 2520 lacobus

125 2556 283 2612 nunciatum
295 2564 337 2611 est
352 2555 500 2627 suscepisti
513 2555 622 2627 quidem
637 2555 692 2621 illa,
710 2554 759 2611 sed
775 2554 869 2627 legere
877 2567 927 2609 no·
976 2552 1117 2623 apostolus
1131 2551 1315 2623 precipitatus
1333 2553 1369 2608 de
1396 2551 1542 2624 pinnaculo
1568 2550 1672 2623 templi,
1696 2551 1776 2609 llexis

125 2644 281 2712 luisti,cum
290 2643 520 2716 dicatdpostolus
536 2659 542 2699 :
563 2644 927 2717 Quaecunquesert'ptosuut
976 2641 1093 2712 genibus
1108 2641 1195 2698 oravit
1210 2656 1260 2713 pro
1276 2641 1334 2696 suis
1349 2641 1528 2697 occisoribus.
1544 2642 1579 2696 Et
1592 2640 1688 2697 beatus
1712 2640 1777 2697 ste-

126 2731 927 2806 uduostrumdoebiaumseriptosuut,utpercousolutio·
975 2730 1081 2801 phanus
1095 2729 1192 2802 positis
1206 2730 1321 2802 genibus
1336 2730 1421 2787 oravit
1430 2746 1481 2802 pro
1491 2746 1521 2786 se
1535 2729 1730 2801 lapidantibus.
1742 2729 1779 2786 Et

126 2838 194 2878 nem
211 2824 513 2894 seripturarumspem
533 2821 782 2891 babeamutfflom.
793 2821 844 2891 xv)
861 2818 926 2891 :qui
975 2817 1116 2889 apostolus
1126 2818 1160 2874 da
1170 2818 1325 2888 huiusmodi
1337 2819 1453 2891 loquens
1462 2817 1612 2874 dicitnobis
1628 2835 1635 2872 :
1651 2817 1778 2886 Quorum

128 2910 201 2965 enirn
215 2910 367 2966 doctrinam
382 2918 408 2964 et
417 2908 629 2965 consolationem
645 2909 850 2979 Scripturarum
874 2907 926 2962 ab·
975 2908 1124 2964 intuentes
1147 2909 1261 2963 ercitum
1275 2909 1506 2973 conversationis,
1518 2907 1675 2963 imitamini
1690 2907 1778 2976 fidem

24 3041 33 3051 .
127 2998 195 3066 nuit,
211 3013 289 3070 spem
310 2997 405 3054 salotis
434 3013 464 3053 se
487 3012 542 3053 non
568 2997 672 3053 babere
700 2997 820 3053 ostendit
836 3013 842 3050 :
859 3011 922 3051 nam
973 2995 1051 3064 (lleb.
1067 2997 1139 3066 xiii).
1155 2995 1190 3051 Et
1203 2995 1268 3051 item
1282 2996 1400 3053 Jacobus
1414 2995 1552 3068 apostolus
1568 2995 1650 3051 dicit:
1669 2996 1778 3052 Tristo-

127 3086 224 3143 beatus
236 3086 355 3141 loannes
376 3086 546 3158 apostoluse
568 3085 723 3142 Domitiano
744 3085 867 3158 principe
894 3048 959 3139 inC
979 3084 1548 3157 turulipuisuestrum,oretauimoraquo,
1564 3084 1777 3157 etprattauet:

132 3175 247 3233 Pathmo
260 3173 351 3230 insula
362 3174 510 3246 relegatus,
526 3182 552 3230 et
562 3175 680 3231 humana
688 3173 874 3231 consolatione
884 3174 933 3230 de·
980 3172 1122 3245 Orotepro
1133 3175 1458 3231 invicemutsotuemiui
1476 3175 1547 3244 (loc.
1564 3173 1592 3244 v)
1608 3190 1614 3227 :
1631 3188 1722 3248 genus
1736 3180 1780 3229 est

130 3264 247 3332 stitutus,
263 3262 478 3321 consolationem
500 3263 674 3320 revelationis
695 3278 778 3335 quam
800 3262 928 3320 divinitus
978 3259 1051 3315 enim
1065 3276 1120 3317 non
1135 3263 1364 3319 contemnendum
1393 3262 1576 3319 exauditionis
1594 3277 1657 3318 cum
1684 3262 1779 3319 cordis

128 3360 273 3426 acceperat
287 3352 315 3409 in
329 3353 427 3409 eodem
442 3352 538 3409 exsilio
552 3367 584 3408 ac
599 3352 766 3426 relegatione
773 3366 856 3407 mano
865 3367 929 3422 pro-
978 3350 1139 3409 contritione
1167 3351 1201 3406 ad
1225 3352 1372 3408 Dominum
1399 3352 1517 3408 clamare
1530 3351 1557 3407 in
1589 3350 1777 3420 tribulatione,

123 3442 184 3513 pria
196 3441 317 3513 scripsit,
332 3449 359 3497 et
373 3441 408 3497 ad
422 3440 562 3498 Ecclesiae
587 3442 686 3514 quibus
709 3441 810 3496 missus
838 3440 927 3496 luerat
977 3437 1189 3513 sioutscriptum
1202 3448 1243 3496 est
1265 3458 1271 3494 :
1299 3441 1341 3497 Aa
1355 3444 1507 3498 Dominum
1527 3457 1593 3497 cum
1621 3440 1779 3498 maiorer

127 3530 285 3601 predicare,
309 3529 417 3586 direxit.
441 3531 477 3585 Et
491 3539 601 3588 sanctus
612 3530 709 3586 Paulus
729 3529 868 3601 apostolus
891 3528 927 3585 ad
977 3528 1100 3584 clamavi
1109 3533 1138 3585 et
1148 3530 1298 3585 exaudivit
1311 3546 1356 3586 me
1370 3531 1457 3602 (Paul.
1475 3529 1564 3600 cxix).

127 3618 298 3676 Timotheum
314 3619 436 3676 scribens
449 3619 514 3676 dicit
530 3622 716 3677 :demoratio
733 3621 828 3676 lesum
844 3618 927 3674 Cleri·
1017 3616 1058 3672 'lu
1071 3624 1159 3673 autem
1175 3626 1267 3674 contra
1281 3619 1340 3675 haec
1358 3633 1445 3675 novus
1467 3619 1573 3685 doctor,
1603 3618 1658 3674 imo
1686 3633 1778 3677 notus

128 3709 717 3766 stumresurreaca'sseamortuiseusemiue
728 3708 927 3763 davidseeuu·
976 3714 1156 3778 praesumptor
1164 3706 1317 3776 injuriatus,
1334 3707 1456 3775 missam,
1478 3714 1508 3763 ut
1528 3705 1627 3774 audivi,
1653 3720 1711 3763 non
1735 3707 1778 3764 ris

129 3796 196 3853 dum
206 3796 392 3868 Euangeliou
400 3811 506 3862 meum,
518 3798 550 3851 ta
559 3812 611 3868 pua
621 3796 713 3853 laboro
723 3811 809 3868 usque
820 3795 856 3852 ed
865 3797 927 3851 uiu·
977 3802 1097 3863 cantare,
1113 3811 1164 3850 nec
1178 3795 1258 3851 etiam
1273 3796 1376 3866 audire,
1393 3804 1420 3852 et
1430 3796 1508 3869 qussi
1521 3796 1634 3852 aliomm
1648 3796 1777 3854 oratione

130 3884 196 3939 eutu
202 3885 284 3954 quasi
293 3883 371 3939 mulo
378 3899 507 3955 operum,
517 3884 565 3940 sed
574 3883 689 3940 uerbum
698 3885 749 3940 Dei
756 3900 813 3940 nou
828 3885 926 3941 estal—
977 3897 1032 3938 non
1047 3883 1175 3956 indigens
1188 3884 1296 3941 vetuisti
1303 3901 1354 3958 pro
1363 3892 1400 3955 te,
1410 3894 1437 3942 et
1445 3901 1496 3957 pro
1504 3901 1534 3942 se
1544 3899 1625 3941 orare
1635 3884 1684 3940 tibi
1699 3901 1777 3942 eom·

130 3972 250 4041 tt'gotum
265 3970 345 4027 :ideo
355 3972 585 4028 omuiosustiueo
592 3974 709 4044 propter
729 3973 846 4038 eleetos,
856 3976 889 4028 ut
898 3975 928 4029 et
976 3971 1088 4026 missam
1116 3972 1280 4043 Ecclesiam,
1305 3981 1333 4032 et
1355 3989 1439 4030 causa
1461 3983 1513 4031 tuae
1540 3973 1647 4044 injuriae
1667 3974 1777 4043 jussisti

68 4135 70 4138 y
129 4059 185 4130 ipsi
195 4059 318 4115 satutem
332 4063 541 4131 cousequantur
552 4076 613 4132 puae
633 4061 721 4115 estin
737 4060 847 4118 cbristo
861 4063 928 4118 lesu
978 4059 1084 4115 Christo
1099 4059 1127 4115 in
1140 4062 1271 4118 membris
1286 4062 1353 4129 suis,
1369 4063 1416 4135 qni
1444 4063 1543 4120 sedens
1569 4063 1605 4120 ad
1631 4064 1778 4120 dexteram

131 4162 197 4202 cum
211 4146 421 4218 gloriaeoetesti
429 4147 469 4217 (ll
482 4148 551 4204 Tim.
563 4148 606 4219 ιι).
977 4148 1065 4204 Patris
1080 4149 1148 4205 dixit
1161 4150 1245 4207 Paulo
1260 4168 1266 4205 ε
1287 4152 1408 4221 Quidue
1416 4155 1591 4226 persequeris
1601 4157 1612 4208 l
1622 4152 1696 4225 (tet.
1708 4157 1778 4210 rxet

166 4235 201 4291 Et
216 4243 254 4300 tu,
270 4234 353 4291 irater
365 4235 536 4303 charissime,
547 4252 603 4292 non
613 4236 700 4292 solum
711 4252 743 4292 ea
756 4236 851 4310 legere
865 4253 927 4309 qum
977 4236 1062 4310 xxvi)
1075 4237 1185 4308 injurias
1195 4239 1344 4311 importare
1359 4249 1386 4297 et
1400 4248 1515 4298 mortem
1536 4239 1646 4297 inferre.
1671 4241 1777 4299 Paulus

130 4322 178 4381 tibi
187 4323 258 4393 misi,
275 4332 301 4380 et
314 4324 381 4379 mibi
391 4325 558 4396 respondere
572 4342 633 4381 cum
650 4340 746 4397 posses
770 4326 904 4382 debueras
916 4343 924 4393 3
978 4341 1087 4397 quoque
1101 4335 1128 4383 et
1142 4327 1213 4383 Silas
1228 4343 1344 4399 quorum
1359 4328 1449 4386 locum
1464 4337 1556 4387 tenere
1570 4329 1666 4398 debes,
1680 4329 1711 4386 in
1725 4346 1777 4388 ec-

132 4428 227 4470 verum
242 4419 269 4467 et
281 4413 423 4470 ministros
436 4413 568 4470 Ecclesiae
583 4413 632 4469 tibi
649 4414 804 4471 commissae
829 4414 928 4486 quibus
941 4404 968 4465 D
979 4413 1062 4470 alesia
1077 4415 1141 4471 caesi
1155 4416 1250 4489 virgis,
1267 4424 1293 4473 ct
1307 4416 1384 4473 missi
1398 4418 1426 4473 in
1438 4418 1595 4475 interiorem
1620 4433 1776 4489 carcerem,

131 4501 220 4558 modis
226 4517 323 4573 posses
329 4501 464 4558 debueras
475 4518 529 4559 non
539 4503 819 4560 excommunicatione
827 4503 924 4576 ligare,
976 4502 1061 4573 pedes
1075 4502 1209 4560 habentes
1223 4505 1333 4561 strictos
1348 4505 1377 4561 in
1390 4504 1476 4578 ligno,
1490 4507 1582 4563 media
1603 4514 1684 4564 nocte
1703 4508 1778 4565 cdo·

132 4590 180 4646 sed
195 4591 333 4647 consolari
347 4599 373 4646 et
387 4591 524 4646 adhortari
548 4601 577 4646 ut
592 4592 621 4646 in
642 4592 735 4648 divino
762 4591 883 4659 seruitio,
900 4597 927 4647 et
976 4598 1067 4648 rantes
1081 4591 1228 4648 laudabant
1242 4594 1338 4662 Deum,
1360 4603 1386 4649 et
1400 4595 1545 4652 audiebant
1558 4596 1664 4668 eosqui
1678 4594 1710 4651 in
1728 4613 1775 4654 cu·

130 4676 241 4735 assidua
259 4679 390 4745 oratione,
406 4687 433 4734 et
447 4678 596 4736 salvatione
609 4679 703 4750 populi
721 4679 770 4734 tibi
787 4678 927 4735 commissi
976 4679 1064 4735 stodia
1078 4688 1164 4737 erant.
1181 4681 1275 4738 Subito
1285 4697 1350 4739 uero
1363 4691 1535 4740 terremotus
1549 4683 1637 4740 iaetus
1652 4692 1696 4741 est
1710 4701 1776 4741 ma·

129 4765 256 4821 laborare
271 4767 419 4824 studerent.
435 4768 470 4823 Et
479 4767 503 4822 si
515 4767 648 4840 medigne
658 4774 770 4839 propter
779 4766 926 4838 indignita·
976 4784 1056 4840 gnus,
1074 4768 1109 4825 ita
1122 4778 1152 4825 ut
1166 4779 1340 4827 moverentur
1353 4770 1528 4828 fundamenta
1538 4773 1669 4840 carceris,
1681 4782 1711 4830 et
1721 4782 1780 4831 sta·

129 4861 184 4908 tem
194 4868 285 4910 meam
299 4855 427 4927 despicis,
445 4862 535 4911 tamen
550 4855 739 4928 professionis,
756 4871 789 4912 ac
804 4855 929 4912 subscri·
975 4856 1023 4910 tim
1037 4866 1131 4929 aperta
1146 4867 1209 4914 sunt
1223 4860 1313 4916 omnia
1327 4861 1406 4932 ostia,
1422 4869 1449 4918 et
1463 4861 1651 4918 universorum
1665 4862 1780 4921 vincula

128 4939 229 5014 ptionis
243 4949 296 4997 tuae
308 4958 414 4999 memor
428 4959 483 5000 non
492 4944 626 5001 debueras
641 4944 670 5000 in
680 4944 863 5016 qualicunque
871 4960 926 5000 me·
976 4943 1065 5001 soluta
1081 4954 1154 5002 sunt.
1170 4947 1387 5022 Expergelactus
1402 4958 1493 5007 autem
1517 4958 1608 5008 eustos
1632 4951 1777 5009 stridens

127 5029 288 5102 tropoliteno
303 5039 348 5088 tuo
362 5032 481 5088 debitam
489 5033 673 5090 obedientiam
682 5033 830 5106 denegare,
843 5048 925 5105 quam
974 5042 1081 5110 apertas
1092 5036 1189 5105 januas
1202 5037 1331 5106 carceris,
1347 5039 1491 5112 evaginato
1505 5039 1598 5113 gladio
1619 5040 1732 5098 volebat
1745 5058 1780 5099 se

126 5134 141 5174 a
156 5120 209 5175 tuis
224 5119 340 5175 subditis
354 5120 471 5176 etiamin
481 5121 524 5177 his
536 5122 697 5193 perniciosis
712 5122 766 5178 tuis
790 5121 924 5191 jussioni·
973 5120 1136 5192 interlicere,
1151 5125 1287 5182 aestimans
1307 5125 1412 5200 lugisse
1435 5127 1542 5185 vinctos
1557 5145 1564 5183 :
1580 5128 1708 5186 clamavit
1725 5146 1780 5187 au·

126 5207 177 5264 bus
197 5207 295 5282 exigis.
321 5207 490 5282 Quapropter
517 5211 612 5266 iterata
636 5211 857 5278 commonitione,
873 5225 924 5281 pro
974 5217 1029 5266 tem
1044 5212 1141 5270 Paulus
1160 5230 1228 5272 uoce
1255 5230 1355 5287 magna
1390 5216 1495 5285 dicens,
1513 5218 1590 5274 ntuu
1605 5220 1711 5289 seceris
1724 5220 1781 5278 tut

126 5294 180 5351 loci
193 5296 247 5352 mei
260 5295 349 5353 officio
359 5305 385 5353 te
395 5296 542 5354 convenire
551 5313 703 5371 congruum
717 5298 791 5366 duxi,
803 5299 922 5355 suadens
973 5301 1046 5356 muli
1053 5304 1179 5360 uniuersi
1187 5305 1263 5361 euim
1271 5303 1317 5360 laic
1324 5320 1423 5361 sumus
1430 5306 1502 5375 (Act.
1512 5306 1583 5378 xvi).
1592 5306 1628 5362 Et
1635 5315 1664 5362 tu
1670 5314 1780 5366 mntem

126 5390 155 5436 ut
170 5384 243 5453 quod
257 5384 329 5440 male
347 5384 439 5458 ligasti
451 5385 604 5455 dissolvos3
620 5387 751 5445 Dominus
765 5395 793 5443 et
800 5387 922 5454 Creator,
973 5388 1167 5463 benignitatem
1181 5391 1314 5449 Ecclesia
1328 5400 1381 5450 tuae
1398 5392 1461 5450 liliis
1478 5394 1527 5450 tibi
1539 5395 1696 5451 commissis
1720 5412 1780 5455 non

126 5479 159 5520 ao
173 5464 347 5538 Redemptor,
360 5478 441 5543 atque
455 5469 582 5528 Salvator
595 5480 689 5528 noster
703 5471 768 5529 dicit
783 5489 790 5525 ε
807 5471 837 5528 st
860 5473 923 5544 quis
973 5492 1003 5535 es
1017 5493 1115 5549 passus
1130 5480 1299 5551 impendere,
1315 5489 1441 5554 quinum
1456 5483 1529 5541 idem
1543 5483 1645 5541 Paulus
1669 5500 1722 5543 suc
1739 5488 1778 5545 ed
