3826 6098
129 253 158 306 ιι
497 307 511 325 ‚
856 243 1043 302 nrrsrons.
1742 246 1777 302 ta

126 375 183 438 stis,
199 373 323 429 scribere
336 371 410 427 aliud
426 372 492 426 nihil
505 372 678 443 praesumpsi,
694 371 747 426 nisi
765 371 828 443 qnia
844 368 965 429 causaA
980 368 1042 424 inde
1066 370 1137 440 apud
1152 369 1282 424 domnum
1303 378 1424 424 nostrum
1448 385 1542 441 regem
1564 368 1730 439 adjuvarem,
1749 376 1777 423 ut

124 461 239 518 liothadi
254 476 270 516 a
285 461 376 517 causis
396 460 514 527 illorum,
526 461 560 514 de
580 460 678 532 quibus
701 459 862 530 scripsistis,
887 466 929 513 est
979 457 1108 527 quoniam
1121 457 1280 528 praedictum
1296 457 1434 512 bominem
1448 457 1476 511 in
1487 472 1536 512 sua
1552 457 1604 512 lide
1619 464 1775 528 acceperat,

124 567 194 622 pene
207 551 237 604 in
251 550 356 606 cunctis
369 549 520 604 dissimilis.
538 550 577 604 Dc
591 564 624 604 eo
640 549 713 621 quod
730 548 839 603 tandem
859 563 928 618 apo·
979 545 1083 600 nullum
1094 545 1196 600 malum
1223 544 1346 600 haberet.
1385 545 1433 600 Cui
1456 546 1594 616 respondi,
1621 553 1651 599 ut
1674 551 1779 601 teneret

126 639 221 694 stulica
244 647 335 694 vestra
357 637 511 710 benignitas
535 637 689 708 indignitati
710 653 779 692 meae
806 636 929 692 scribere
979 633 1069 704 ipsum
1091 634 1228 689 hominem
1252 649 1355 703 secum,
1379 651 1413 688 ne
1437 633 1546 689 interim
1568 633 1653 688 ullum
1676 632 1777 688 malum

126 735 165 783 est
175 727 302 798 dignata,
313 736 342 780 nt
355 728 414 782 haec
435 726 576 781 vobiscum
600 725 766 797 cogitem‚et
795 725 868 797 quod
896 725 929 779 de
979 730 1125 793 pateretur,
1141 723 1228 777 donec
1243 724 1278 777 ad
1301 731 1406 778 cortem
1431 723 1562 790 redirem,
1588 731 1615 777 et
1646 731 1778 794 quantum

127 816 253 871 llotlrado
268 815 414 871 decernitis
429 815 589 886 approbem,
607 823 631 869 et
647 829 701 868 non
723 814 759 868 ad
779 814 833 868 mei
858 813 929 882 inju—
979 825 1089 881 possein
1103 811 1166 866 inde
1177 810 1253 865 illurn
1269 811 1396 881 adjuvare
1419 828 1554 868 curarem.
1580 813 1673 883 lpsum
1689 819 1778 868 autern

127 904 194 958 nam
208 904 236 958 id
251 920 301 959 vos
330 903 422 976 egisse
450 902 646 974 aliquantulum
661 909 798 956 autumem
816 919 822 954 ι
839 916 929 973 apaan·
979 899 1117 954 hominem
1133 915 1184 955 nec
1200 906 1263 954 tunc
1279 916 1329 955 nec
1343 908 1438 971 postea
1451 900 1516 966 vidi,
1533 917 1584 957 nec
1603 900 1779 971 quoabsces-

129 1003 185 1048 tum
202 992 278 1049 valeo
294 992 357 1046 totis
376 991 502 1046 medullis
527 991 628 1057 cordis,
651 990 805 1047 cumomni
827 989 929 1060 suppli·
981 988 1047 1042 serit
1062 1004 1125 1043 cnm
1145 987 1282 1058 episcopis
1297 988 1402 1044 audivi.

129 1082 235 1137 catione
251 1089 277 1135 et
292 1080 385 1135 debita
400 1096 432 1135 ac
443 1080 579 1134 submissa
605 1079 764 1144 humilitate,
782 1079 930 1132 immensas
1017 1075 1083 1145 erae
1097 1076 1200 1131 idcirco
1216 1075 1351 1131 sanctitati
1365 1084 1462 1131 vestrae
1486 1076 1606 1133 scribere
1628 1077 1728 1144 studui,
1751 1086 1779 1132 ut

127 1169 278 1241 gratiarum
287 1169 410 1223 actiones
419 1176 513 1223 saneto
523 1167 684 1238 apostolatui
695 1175 787 1222 vestro
796 1167 928 1236 rependo,
981 1165 1004 1218 si
1027 1164 1124 1235 aliquis
1144 1164 1335 1219 malivolorum
1358 1173 1511 1219 nostrorum
1526 1182 1602 1221 more
1621 1182 1671 1221 suo
1698 1165 1777 1221 vobis

130 1257 285 1312 cumomni
307 1256 461 1312 sinceritate
483 1255 567 1310 animi
590 1254 756 1319 rescribens,
781 1254 845 1326 quia
862 1254 931 1308 sicut
981 1253 1112 1323 quiddam
1125 1253 1226 1307 sinistri
1248 1269 1281 1307 ex
1305 1254 1367 1320 hoc,
1392 1269 1542 1324 suggerere
1562 1253 1687 1318 voluerit,
1712 1253 1778 1326 qaid

129 1345 196 1399 milri
211 1345 333 1400 scribere
349 1344 452 1416 dignati
468 1344 543 1409 estis,
558 1343 594 1397 ita
608 1360 659 1413 per
677 1343 876 1398 omniacredo.
898 1343 931 1396 Et
981 1340 1153 1396 indeverum
1169 1342 1203 1396 sit
1226 1341 1408 1414 cognoscatis,
1439 1349 1465 1395 et
1493 1357 1558 1413 erga
1587 1357 1630 1396 mc
1658 1349 1780 1397 vestrum

127 1434 191 1505 qnia
213 1433 388 1503 privilegium
405 1433 489 1487 rostri
504 1430 603 1486 snmrni
618 1429 801 1501 pontificatus,
818 1439 846 1485 ιιι
861 1445 930 1486 con·
981 1428 1101 1484 animum
1130 1445 1183 1484 non
1213 1429 1355 1486 moveatis.
1381 1429 1524 1484 Rationem
1546 1429 1673 1501 denique,
1697 1445 1780 1501 quam

128 1522 208 1577 decet
228 1529 255 1576 et
277 1536 373 1575 ornnes
387 1520 586 1586 desideramus
607 1518 787 1575 evindicatum
812 1517 928 1584 habetis,
982 1517 1089 1572 reddidi
1105 1534 1199 1574 coram
1209 1518 1302 1574 clectis
1314 1517 1460 1587 judicibus,
1477 1518 1511 1572 de
1526 1518 1625 1590 quibus
1639 1534 1689 1589 per
1703 1517 1781 1573 libel·

130 1610 204 1681 qnod
228 1625 312 1664 nemo
339 1618 461 1664 nostram
483 1607 689 1673 contradixerat,
715 1607 742 1660 in
770 1606 932 1661 deductione
982 1607 1038 1661 lum
1052 1607 1254 1677 provocationis
1269 1608 1305 1661 ad
1320 1607 1469 1662 electorum
1489 1606 1622 1674 judicium
1643 1606 1783 1662 iuerama

131 1697 249 1754 llotlradi
259 1697 338 1753 sicuti
353 1696 522 1768 precepistis
538 1696 573 1750 ad
596 1703 713 1751 vestram
736 1695 907 1766 praesentiam
925 1725 968 1785 ,Β
982 1695 1106 1750 liothado
1120 1695 1267 1765 impetitus,
1284 1695 1336 1765 ipsi
1351 1694 1520 1751 venerabiles
1531 1695 1667 1767 episcopis
1685 1703 1783 1752 vestra

130 1795 160 1840 nt
174 1786 328 1856 perdonare
342 1785 447 1857 dignati
462 1785 538 1852 estis,
554 1783 800 1850 rideredesidcro,
817 1791 844 1838 et
858 1784 934 1839 visu·
985 1783 1136 1839 auctoritati
1150 1784 1343 1839 transmittunt.
1358 1785 1399 1839 De
1421 1783 1507 1856 gestis
1529 1799 1596 1839 vcro
1617 1800 1632 1838 a
1657 1784 1781 1840 Rothadu

131 1892 189 1929 rum
205 1872 459 1942 measseconlido,
476 1874 610 1946 quianon
632 1872 707 1927 aliud
730 1873 783 1927 nisi
802 1880 831 1926 ιιι
853 1887 936 1943 supra
985 1880 1046 1943 post
1073 1872 1377 1928 excommunicationem
1394 1889 1471 1927 suam
1487 1872 1515 1926 in
1536 1871 1699 1943 provinciali
1721 1888 1783 1943 syn·

131 1963 295 2030 monstravi,
312 1963 384 2034 quod
400 1963 503 2034 regulae
518 1978 605 2018 sacrae
620 1962 796 2033 praecipiunt,
827 1960 935 2016 etmihi
985 1961 1038 2016 odo
1053 1961 1212 2031 compilatis,
1242 1977 1303 2033 quae
1331 1976 1381 2031 per
1404 1961 1508 2016 vicinos
1536 1968 1643 2016 nostros
1670 1961 1705 2016 ad
1734 1976 1783 2017 ros

131 2053 293 2124 petendum,
306 2059 332 2107 et
348 2051 425 2107 robis
441 2050 648 2106 concedendum
663 2057 714 2104 est.
731 2049 841 2104 Postulo
856 2049 935 2105 ride·
986 2049 1013 2103 in
1041 2049 1247 2121 derogationem
1275 2036 1398 2114 nostram
1421 2049 1582 2120 pervenisse
1608 2048 1779 2115 audivimus,

131 2141 206 2207 licet,
222 2148 252 2195 ut
266 2140 307 2195 sic
320 2140 444 2195 liothado
458 2138 493 2193 ab
508 2138 667 2194 auctoritate
677 2146 769 2193 vestra
782 2138 936 2208 compassio
985 2137 1106 2208 episcopi
1121 2137 1441 2208 lihcmorumprovinciae
1450 2137 1781 2208 percommuneslegatos

132 2229 304 2294 exhibeatur,
335 2236 363 2282 ut
391 2228 471 2299 vigor
495 2226 695 2284 ecclesiasticus
718 2242 774 2282 non
797 2226 935 2280 dissolra-
985 2234 1095 2281 nostros
1111 2235 1206 2281 vestrae
1222 2225 1356 2281 sanctitati
1375 2242 1436 2298 qum
1451 2218 1539 2281 acirim
1555 2225 1680 2282 intimare
1700 2240 1781 2282 cura-

131 2325 177 2372 tur
193 2336 201 2370 z
219 2326 245 2372 et
261 2316 300 2371 sic
317 2315 407 2387 vigor,
418 2315 621 2372 ecclesiasticus
636 2324 823 2380 conservetur,
840 2324 868 2368 ιιι
884 2315 935 2368 de·
985 2323 1057 2369 runt.

134 2407 191 2461 bita
213 2405 404 2460 misericordia
419 2413 446 2459 ct
469 2404 622 2460 necessaria
642 2402 803 2459 sufficientia
827 2403 852 2457 ei
880 2419 935 2458 non
1020 2406 1091 2459 ltrm
1104 2408 1170 2476 post
1184 2404 1333 2475 aliquanta
1348 2404 1381 2459 de
1394 2405 1570 2476 promotione
1584 2404 1673 2476 ipsias
1688 2402 1786 2459 domm

133 2494 295 2563 denegetur.
309 2491 450 2560 Quatenus
464 2509 515 2548 nec
525 2493 610 2564 ipsius
619 2492 743 2562 exemplo
751 2492 786 2546 ad
798 2492 935 2546 exceden-
984 2493 1174 2548 llincmcriuct
1184 2494 1387 2565 episcopatum,
1399 2493 1528 2564 quaejam
1538 2492 1784 2565 superimpartim

134 2578 198 2631 dum
214 2577 262 2632 alii
274 2584 468 2647 provocentur,
482 2592 533 2632 nec
549 2576 646 2648 quibus
656 2576 684 2629 in
697 2575 756 2629 istis
765 2575 933 2647 regionibus
984 2585 1143 2652 praenotata
1158 2597 1215 2635 non
1243 2583 1405 2636 curavimus
1425 2580 1473 2635 tric
1493 2580 1634 2636 iteranda.
1659 2579 1784 2651 Denique

133 2666 245 2738 longius
255 2664 290 2719 ab
305 2664 456 2735 apostolica
477 2665 542 2719 sede
558 2664 678 2727 remotis,
699 2679 822 2719 censurae
844 2663 935 2718 eccle·
984 2668 1204 2739 praelatoEbone
1218 2667 1364 2736 defuncto,
1380 2667 1507 2723 Ecclesia
1530 2666 1579 2723 sed
1603 2674 1630 2722 et
1651 2666 1784 2738 parochia

133 2753 250 2810 siasticae
265 2752 417 2809 moderatio
432 2761 474 2808 cst
489 2753 645 2817 commissa,
662 2752 735 2819 hinc,
753 2752 825 2824 quod
854 2751 934 2817 absit,
986 2765 1091 2823 nostra,
1107 2756 1257 2811 secundum
1273 2755 1498 2812 consuetudinem
1513 2771 1595 2827 quam
1619 2771 1652 2810 ex
1671 2754 1782 2827 antiquo

81 2904 85 2911 ,
133 2842 317 2912 conspiciant,
332 2841 403 2897 unde
432 2849 477 2895 aut
500 2840 682 2914 negligentia,
699 2847 744 2893 aut
758 2839 935 2895 dissolutione
985 2844 1078 2900 habuit
1105 2845 1186 2899 etiam
1208 2845 1242 2899 de
1269 2845 1311 2899 his
1335 2844 1471 2915 episcopis
1499 2843 1596 2916 quiin
1624 2843 1783 2916 episcopatu

133 2938 300 3001 tepescant,
331 2929 375 2984 rel
404 2930 535 2984 terminos
563 2945 632 3001 quos
659 2936 808 2984 statuerunt
842 2937 935 2998 patres
981 2949 1067 3004 nsque
1082 2933 1116 2986 ad
1131 2932 1235 2987 obitum
1250 2933 1278 2986 in
1293 2932 1390 2988 eadem
1400 2931 1527 3000 Ecclesia
1550 2947 1605 2988 non
1619 2947 1780 3002 permanse-

133 3018 356 3089 transgrcdiendi
379 3017 520 3073 materiem
544 3034 573 3072 se
597 3032 705 3072 sumere
727 3032 809 3087 posse
832 3017 933 3085 dicant,
991 3029 1063 3090 runt,
1087 3020 1172 3090 ipsius
1195 3036 1295 3075 nomen
1318 3021 1389 3076 inter
1412 3028 1589 3076 sacrosancta
1609 3019 1738 3092 mysteria
1760 3018 1789 3074 in

135 3124 215 3179 qnos,
233 3107 303 3162 sicut
318 3106 509 3171 intelleximus,
527 3121 577 3160 nos
593 3106 722 3161 hactenus
743 3121 868 3159 servasse
883 3122 936 3175 pu·
953 3079 1184 3181 Cepiscoporum
1207 3109 1331 3182 catalogo
1351 3110 1466 3165 recitare
1490 3108 1597 3181 pictatis
1621 3109 1707 3180 gratia
1728 3124 1786 3165 cre-

134 3205 232 3250 tamus.
257 3196 313 3250 l'os
342 3194 469 3249 videbitis
492 3194 557 3266 quid
581 3194 645 3248 inde
667 3192 739 3249 lacto
764 3193 859 3248 arelius
874 3193 934 3263 erit,

133 3294 161 3339 et
176 3284 256 3339 nubis
271 3283 299 3338 in
312 3283 415 3353 judicio
426 3291 519 3338 restro
541 3283 688 3338 videndum
708 3289 749 3336 est
772 3282 838 3353 quid
863 3282 937 3338 Deus

133 3372 198 3427 velit
215 3370 363 3443 :quoniam
377 3371 477 3439 injusta
487 3387 548 3426 esse
567 3387 622 3426 non
638 3376 765 3441 poterunt
781 3370 872 3424 divina
891 3370 936 3439 jn-

135 3461 218 3528 dicia,
234 3477 296 3531 quae
311 3476 327 3515 a
342 3458 478 3515 soliditate
500 3459 680 3516 consessionis
706 3458 863 3529 apostolicae
886 3474 937 3529 pe-

135 3558 194 3615 trae,
211 3549 345 3604 adversus
359 3564 441 3620 quarn
455 3546 535 3603 inseri
549 3556 644 3619 porte,
667 3546 695 3601 id
719 3554 760 3602 est
780 3547 936 3619 suggestio-

138 3654 188 3692 nes
203 3637 247 3693 rel
266 3636 442 3708 operationes
458 3652 557 3707 pravae,
582 3652 637 3692 non
656 3634 855 3706 praevalebunt,
882 3635 940 3691 dic-

135 3733 209 3781 tante
216 3725 322 3796 justitia
336 3725 519 3795 proferentur.

175 3813 350 3886 Epistulam,
380 3829 459 3884 quam
487 3813 554 3867 milti
577 3812 725 3869 auctoritas
758 3820 849 3867 vestra
877 3826 939 3867 curn

137 3902 322 3958 obtestatione
344 3900 475 3973 pracepit
502 3902 625 3957 Rothado
654 3899 794 3971 dirigere,
822 3898 940 3955 domnus

138 3999 234 4047 noster
248 4007 307 4061 rex,
325 3988 397 4044 iilius
411 3997 511 4056 vester,
528 4006 592 4045 mox
605 3997 634 4043 ιιι
649 3989 684 4043 ad
698 4004 761 4044 eum
776 3987 864 4056 venit,
889 4005 940 4058 per

137 4080 265 4134 abbatem
286 4095 364 4133 suum
393 4078 517 4134 liotbado
538 4077 648 4133 direxit.
677 4075 808 4132 llodullus
832 4091 940 4148 quoque

138 4168 264 4236 ejusdcm
286 4165 334 4221 lilii
350 4166 433 4222 vestri
457 4166 550 4222 domni
573 4165 658 4222 nostri
686 4164 760 4238 regis
780 4164 938 4233 avunculus,

140 4257 218 4312 tertio
234 4255 299 4311 idus
313 4270 385 4311 nunc
399 4254 486 4326 elapsi
501 4254 604 4309 mensis
620 4253 778 4310 Decembris
805 4269 820 4306 a
849 4253 940 4307 Ludo-

138 4345 181 4399 vic
197 4342 355 4400 Germanice
364 4358 431 4415 rege
445 4350 595 4413 revertens,
611 4358 673 4397 cum
694 4340 772 4397 raldc
796 4341 904 4411 vesperi
925 4357 941 4394 a

988 3199 1035 3269 pit,
1052 3205 1078 3254 ct
1092 3199 1225 3253 hactenus
1240 3197 1314 3253 iacit.
1332 3196 1411 3266 Quod
1427 3213 1489 3271 ego,
1518 3214 1552 3253 ne
1570 3197 1786 3252 scandalizarem

987 3288 1112 3355 devotos,
1144 3286 1223 3358 quasi
1246 3286 1372 3342 invidens
1401 3286 1481 3341 saluti
1509 3285 1647 3352 iratcrnae,
1670 3285 1787 3340 maxime

988 3383 1079 3430 antem
1095 3373 1259 3446 quiescentis
1274 3375 1301 3428 in
1317 3374 1433 3429 Domino
1455 3374 1562 3440 animae,
1589 3374 1634 3445 qui
1658 3390 1712 3428 non
1734 3389 1786 3443 pro

988 3462 1185 3519 exorbitatione
1201 3461 1368 3518 acatholicae
1395 3460 1458 3515 fidei
1484 3461 1598 3516 sanitate
1622 3463 1784 3516 anathema-

988 3560 1041 3618 tus,
1058 3551 1107 3608 sed
1123 3566 1172 3605 sua
1187 3549 1352 3605 conscientia
1367 3549 1521 3604 stimulante
1538 3548 1655 3619 primum
1670 3549 1787 3620 ascipso

988 3648 1015 3695 et
1030 3647 1125 3711 postea
1140 3655 1154 3693 a
1169 3639 1284 3710 synodo,
1297 3639 1347 3693 sed
1367 3646 1394 3693 et
1411 3637 1562 3708 apostolica
1584 3637 1650 3693 sede
1671 3636 1786 3692 damna-

988 3737 1031 3784 tus
1060 3727 1170 3795 exstitit,
1196 3727 1247 3782 hoc
1276 3726 1423 3797 probibere
1452 3725 1510 3780 sinc
1533 3725 1690 3797 apostolica
1714 3724 1787 3781 sedis

989 3817 1149 3874 auctoritate
1174 3831 1345 3888 nequaquam
1368 3814 1541 3886 presumpsi,
1570 3814 1679 3870 dicente
1705 3813 1787 3869 beato

990 3905 1135 3962 Cralestino
1150 3920 1231 3976 papa,
1249 3903 1313 3976 quia
1337 3902 1414 3958 neias
1429 3911 1471 3958 cst
1485 3903 1543 3958 brec
1567 3903 1621 3973 pati
1644 3902 1790 3975 religiosas

990 3994 1105 4061 animas,
1123 4009 1237 4064 quarum
1247 3991 1400 4062 afflictione,
1413 3990 1459 4063 qui
1473 3991 1596 4047 membra
1611 3999 1705 4046 nostra
1715 3999 1787 4057 sunt,

990 4098 1040 4136 nos
1056 4098 1165 4153 quoquc
1181 4080 1308 4137 convenit
1318 4080 1463 4135 macerari.
1480 4080 1558 4135 Nunc
1572 4087 1664 4135 autern
1687 4079 1716 4133 in
1731 4079 1789 4151 epi·

990 4170 1066 4226 stolis
1081 4169 1230 4225 sanctitatis
1246 4178 1357 4238 restra,
1374 4183 1443 4240 quas
1457 4169 1643 4240 Engelurinus
1658 4168 1791 4224 diaconus

990 4259 1069 4314 nobis
1080 4258 1178 4325 attulit,
1195 4257 1347 4313 invenimus
1363 4264 1392 4311 ut
1409 4255 1598 4328 Teotgaudum
1612 4264 1639 4312 et
1663 4256 1790 4312 Guntha-

991 4348 1062 4403 rium
1077 4347 1103 4401 in
1118 4346 1244 4418 catalogo
1273 4345 1465 4417 cpiscoporum
1489 4361 1544 4400 non
1566 4345 1740 4416 recipiamus.
1756 4346 1792 4400 Et

141 4442 218 4488 corte
233 4432 309 4503 regis
323 4431 410 4487 nostri
424 4431 460 4487 ad
481 4431 638 4486 mansiones
657 4438 764 4486 nostras
781 4445 865 4501 super
886 4429 938 4484 iln-
953 4429 1189 4494 Damiochenum
1219 4433 1374 4505 concilium,
1392 4441 1421 4488 ut
1442 4432 1634 4504 praemisimus‚
1652 4441 1678 4488 et
1693 4432 1792 4488 melius

141 4523 213 4575 vium
229 4521 358 4593 ligerim,
380 4536 459 4576 secus
474 4518 620 4576 confinium
642 4519 720 4592 regni
734 4518 885 4589 Aquitaniae
904 4517 940 4573 ie

142 4610 294 4674 stinarem,
324 4608 398 4664 misit
421 4610 457 4664 ad
489 4625 533 4664 me
556 4607 694 4664 bominem
725 4623 802 4662 suum
832 4607 941 4662 nomine

142 4698 301 4765 Rodulium,
326 4698 460 4753 mandans
482 4697 547 4768 qnia
569 4695 700 4768 praetatus
729 4712 777 4751 rex
790 4696 942 4752 ludovicus

142 4786 289 4857 quemdam
315 4786 454 4840 bominem
468 4784 595 4850 Rothadi,
621 4801 683 4841 cum
704 4783 826 4855 epistolis
845 4790 943 4838 restrae

143 4874 304 4943 sanctitatis,
321 4874 413 4929 manui
427 4881 454 4929 et
468 4871 533 4929 fidei
562 4889 618 4929 suae
642 4872 785 4937 commisit,
809 4880 943 4943 quatenus

140 4965 178 5019 ita
205 4963 379 5035 praesentiam
413 4961 505 5019 domni
544 4960 633 5016 nostri
661 4961 736 5034 regis
764 4960 855 5017 Caroli
883 4975 945 5015 cnm

142 5053 246 5108 eisdem
257 5051 396 5123 episcopis
411 5067 474 5106 eum
487 5050 658 5122 perduceret,
675 5057 703 5104 ut
723 5049 827 5104 nullum
842 5049 944 5103 malurn

143 5141 168 5196 ei
186 5139 312 5197 inferret.
326 5140 375 5195 Est
400 5139 473 5195 enim
497 5139 568 5211 apud
596 5139 727 5194 domnum
757 5145 877 5194 nostrum
899 5153 945 5192 re-

143 5246 206 5302 gem
223 5229 296 5285 idem
312 5228 394 5284 homo
417 5235 570 5294 accusatus,
593 5227 665 5298 quod
687 5226 824 5282 fraudatus
846 5226 880 5280 sit
901 5242 947 5281 res

142 5326 169 5372 et
196 5319 355 5372 thesaurum
384 5316 535 5382 Ecclesiae,
565 5323 591 5370 et
615 5323 678 5387 post
706 5315 854 5385 perjurium
884 5314 947 5369 inde

142 5407 332 5471 commissum,
347 5405 411 5476 luga
428 5406 520 5477 lapsus
536 5405 571 5459 ad
581 5402 748 5460 Ludoricum
764 5419 858 5476 regem
880 5420 947 5473 pcr-

144 5495 258 5552 rexerit.
279 5494 358 5553 Unde
387 5493 460 5551 idem
490 5492 623 5550 liedulfus
651 5492 728 5563 petiit
744 5502 772 5549 ut
801 5508 853 5565 ego
873 5491 949 5548 illum

322 5622 442 5678 Parnon.
461 5620 584 5679 cxxvi.

990 4524 1042 4596 ipsi
1056 4523 1140 4592 scitis,
1157 4523 1192 4578 de
1207 4539 1240 4578 co
1251 4522 1297 4594 qui
1311 4529 1375 4593 post
1392 4521 1595 4577 damnationem
1615 4521 1692 4589 juxta
1714 4535 1785 4591 pra·

991 4613 1133 4669 cedentem
1150 4610 1375 4668 consuetudinem
1394 4609 1550 4682 episcopale
1577 4608 1717 4680 praesumit
1734 4607 1789 4663 mi·
1855 4610 1857 4614 ‘

991 4701 1142 4768 materiam,
1159 4701 1232 4773 quod
1255 4700 1379 4756 Ebonem
1399 4698 1498 4755 iecisse
1519 4713 1575 4753 non
1595 4697 1708 4753 dubium
1737 4707 1790 4766 est,

992 4791 1145 4847 rescribere
1160 4789 1227 4845 mihi
1241 4789 1369 4863 dignetur
1391 4785 1542 4859 apostolica
1557 4794 1649 4843 vestra
1671 4786 1792 4844 auctori-

992 4888 1043 4949 tas,
1059 4886 1150 4934 utrum
1166 4879 1292 4934 eumdem
1307 4877 1430 4934 Ebonem
1444 4875 1516 4930 inter
1543 4875 1730 4948 episcopusin
1745 4891 1793 4932 sa·

994 4964 1049 5019 cris
1063 4962 1180 5039 dypticis
1194 4962 1223 5017 in
1245 4959 1374 5017 Ecclesia
1402 4966 1496 5016 nostra
1511 4959 1654 5016 nominare
1678 4959 1795 5031 permit·

995 5061 1060 5122 tarn,
1076 5067 1111 5107 an
1127 5052 1210 5107 neda
1226 5058 1326 5106 caetero
1341 5049 1368 5103 in
1383 5047 1578 5122 episcoporum
1594 5048 1720 5121 catalogo
1741 5063 1794 5104 no·

995 5141 1113 5196 minetur
1126 5139 1271 5211 prohibero
1281 5137 1397 5192 debeam
1412 5154 1419 5191 :
1437 5146 1572 5209 quatenus
1587 5144 1675 5194 vestra
1697 5143 1794 5192 aucto·

997 5229 1074 5285 ritate
1089 5229 1183 5297 fultus,
1200 5227 1266 5300 quid
1280 5227 1307 5280 in
1322 5234 1416 5282 nostra
1432 5226 1558 5284 Ecclesia
1572 5226 1637 5281 inde
1651 5224 1687 5280 sit
1700 5224 1797 5282 obser·

999 5318 1125 5384 randum,
1142 5317 1200 5371 sine
1215 5314 1392 5388 ambiguitate
1412 5314 1624 5372 decernentibus
1648 5313 1726 5370 vobis
1751 5314 1800 5369 de-

1000 5416 1160 5463 monstrem.

1035 5497 1169 5552 Caeterum
1183 5494 1268 5551 Luido
1283 5495 1349 5550 mihi
1364 5495 1429 5550 dixit
1440 5494 1513 5567 quod
1528 5508 1591 5550 cum
1606 5508 1638 5549 eo
1654 5492 1799 5549 rationem.
1821 5550 1824 5555 ,
1843 5491 1849 5499 “’

1548 5613 1564 5667 2
