3794 6104
174 221 224 275 1113
688 212 861 275 lllNCMde
879 213 1079 274 llllEblENSlS
1098 216 1371 276 xacttmrlscoel.
1781 219 1834 274 161

174 347 248 397 esset
272 340 359 407 vitiis,
381 347 408 396 ct
427 339 506 414 origo
530 339 693 409 virtutibus,
718 341 819 414 quique
844 350 975 398 venturus
989 339 1159 400 Allobraeos
1172 358 1222 414 per
1235 358 1312 398 mare
1327 342 1460 409 Rubrum,
1486 339 1650 414 respiciente
1670 340 1790 397 Domino
1805 343 1834 397 in

174 437 215 486 est
227 429 351 500 judicare
361 429 439 485 rivos
454 436 480 484 et
494 437 625 497 mortuos,
638 437 664 485 et
675 430 803 486 saeculum
814 447 864 501 ρει·
873 430 976 504 ignem.
1028 429 1121 503 vigilia
1131 432 1263 486 matutina
1283 448 1333 502 per
1351 431 1506 487 columnam
1525 430 1598 502 ignis
1612 437 1641 486 et
1654 430 1747 502 nubis,
1765 431 1832 485 sub-

174 517 244 587 Quia
258 518 286 573 in
299 518 397 574 eodem
411 518 586 589 baptismate,
603 517 630 573 in
645 534 698 591 quo
713 518 856 592 signanter
869 521 978 591 Moyses
1027 520 1109 575 mersi
1123 520 1176 575 sint
1189 519 1267 592 quasi
1283 520 1423 591 plumbum
1438 519 1467 574 in
1482 520 1560 591 aquis
1571 519 1794 586 vehementibus,
1806 527 1833 575 et

171 608 305 679 propheta
320 606 423 679 lignum
440 606 556 664 velutin
572 609 712 678 myrrhato
728 607 801 664 fonte
815 607 939 673 miserat,
953 616 978 663 et
1027 623 1062 663 ne
1076 625 1146 662 unus
1161 609 1270 680 quidem
1285 608 1420 679 superfuit
1434 625 1466 663 ex
1483 608 1522 663 eis
1537 608 1640 675 (Eroti.
1656 609 1780 679 mail).
1797 609 1832 663 Et

171 694 330 752 dulcoratus
345 704 387 751 est
400 695 500 767 (deod.
517 711 565 761 xv,
578 696 792 767 25,)praedicata
805 712 856 768 per
870 695 978 752 Domini
1027 693 1075 750 lilii
1099 697 1183 752 lsrael
1206 714 1286 768 super
1308 697 1384 751 littus
1410 703 1513 751 stantes
1536 696 1664 752 viderunt
1687 694 1831 769 AEgyptios

174 784 344 841 sacerdotem
373 784 516 857 sanguinis
545 784 645 839 Christi
674 801 771 852 cruce,
805 793 862 840 tres
893 801 978 839 unum
1027 792 1160 841 mortuos.
1174 786 1209 841 Et
1223 783 1348 839 infideles
1362 800 1394 840 ac
1414 791 1573 856 peccatores
1597 792 1672 839 terra
1697 784 1832 840 sustinere

174 875 246 936 sunt,
263 884 317 924 non
333 876 443 939 natura,
461 868 509 924 sed
528 868 694 940 operationis
715 869 861 940 mysterio,
878 869 906 923 id
921 876 975 934 est,
1027 888 1081 928 non
1101 873 1196 944 potuit,
1217 873 1325 946 quando
1345 880 1437 944 aperta
1453 881 1495 928 est
1509 880 1535 929 et
1548 871 1692 943 deglutivit
1712 873 1830 940 Datban,

174 956 286 1030 sanguis
308 957 523 1028 redemptionis,
549 957 662 1028 spiritus
688 957 927 1025 sanctificationis,
952 964 978 1012 et
1028 969 1054 1018 er
1069 961 1173 1032 operuit
1189 978 1272 1032 super
1286 961 1529 1034 congregationem
1543 959 1648 1015 abiron
1662 960 1759 1031 (Nom.
1771 976 1831 1026 xri,

173 1061 245 1118 aqua
260 1045 361 1102 lavacri
380 1064 386 1100 :
403 1045 449 1101 ubi
465 1045 620 1102 exsufflatus
635 1055 662 1101 et
677 1046 846 1102 exorcizatus
861 1045 978 1100 immun·
1028 1051 1083 1117 31).
1106 1051 1141 1104 Et
1163 1051 1273 1104 Petrum
1296 1048 1349 1106 frdo
1371 1047 1500 1105 sidentem
1522 1064 1599 1120 aquae
1624 1047 1788 1103 instabilitas
1803 1065 1832 1105 se

173 1135 224 1189 dus
239 1134 349 1206 spiritus
363 1135 417 1189 exit
432 1136 468 1191 ab
483 1134 604 1201 homine,
621 1133 704 1206 sitque
727 1135 822 1190 mundi
834 1133 976 1204 judicium,
1027 1139 1175 1196 calcantem
1201 1138 1338 1202 sustinuit,
1363 1137 1391 1192 in
1416 1136 1469 1193 lide
1493 1153 1557 1193 vero
1582 1136 1753 1192 dubitantem
1775 1137 1831 1207 jam

173 1230 200 1280 et
221 1223 351 1295 princeps
373 1223 468 1278 mundi
491 1223 563 1279 ioras
587 1223 703 1294 ejicitur,
719 1223 803 1297 etqui
825 1223 978 1279 inveritate
1027 1243 1097 1299 pene
1126 1227 1275 1282 dimersum
1303 1226 1459 1294 obsorbuit,
1490 1225 1599 1298 quando
1636 1242 1701 1280 eum
1733 1225 1833 1281 Christi

173 1327 229 1368 non
248 1312 330 1379 stetit,
345 1313 462 1367 mendax
478 1319 504 1367 et
519 1320 597 1383 pater
616 1312 753 1368 mendacii
768 1312 911 1367 areritate
925 1327 978 1367 na·
1028 1315 1140 1370 dextera
1155 1314 1283 1370 allevavit
1293 1315 1403 1385 (llotth.
1420 1329 1480 1380 xiv,
1495 1315 1557 1387 19);
1568 1321 1595 1369 et
1605 1313 1692 1385 ipsius
1702 1313 1832 1384 Epistola

174 1408 241 1456 turae
256 1401 419 1469 secernitur,
431 1418 493 1473 quae
507 1403 540 1456 ad
556 1402 703 1474 imaginem
715 1401 765 1456 Dei
776 1401 896 1470 condita,
909 1409 979 1456 etex
1027 1400 1189 1459 sententiam
1205 1405 1230 1473 (l
1243 1406 1319 1459 Pelr.
1336 1419 1376 1468 ru,
1392 1402 1487 1474 20)(1ε
1503 1400 1589 1477 figura
1609 1402 1783 1474 baptismatis
1805 1401 1831 1456 1ιι

174 1505 247 1561 aqua
260 1499 286 1545 et
301 1490 403 1560 Spiritu
425 1499 520 1547 sancto
544 1498 645 1557 renata,
662 1491 696 1545 ad
712 1507 792 1545 suum
815 1489 979 1545 reformatur
1028 1506 1092 1548 arca
1106 1491 1200 1547 diluvii
1215 1498 1382 1562 exponentes
1397 1492 1490 1546 Patres
1506 1490 1644 1558 catholici,
1659 1490 1754 1546 dicunt
1769 1489 1831 1563 quia

172 1578 352 1651 principium,
373 1595 406 1635 ac
428 1577 481 1635 fide
503 1579 617 1634 interius
640 1579 813 1651 exteriusque
835 1586 976 1652 purgatur,
1028 1596 1083 1635 non
1097 1580 1168 1650 aliis,
1184 1580 1233 1634 sed
1247 1579 1314 1650 ipsis
1328 1579 1406 1651 aquis
1428 1578 1548 1635 haeretici
1562 1586 1588 1634 ct
1601 1578 1666 1633 mali
1684 1578 1831 1635 Christiani

172 1675 200 1723 et
218 1667 252 1722 ab
276 1667 350 1723 omni
378 1667 508 1740 figmento
536 1668 671 1724 mendacii
704 1669 842 1740 totiusque
869 1667 978 1722 malitiae
987 1696 1015 1757 B
1029 1669 1064 1723 ad
1078 1667 1184 1723 inferna
1199 1676 1367 1740 merguntur,
1384 1667 1482 1740 quibus
1496 1667 1640 1723 orthodoxi
1653 1675 1681 1723 et
1694 1667 1762 1738 iusti
1776 1668 1835 1740 qni·

172 1756 305 1813 innocens
329 1757 531 1828 comprobatur.
553 1757 606 1812 Sed
626 1765 653 1812 et
672 1756 694 1811 si
714 1757 774 1828 quis
793 1755 894 1829 frigida
914 1762 974 1810 tan-
1028 1774 1080 1830 qne
1099 1757 1134 1812 ad
1156 1756 1276 1812 eoelestia
1297 1772 1385 1830 regna
1408 1757 1593 1812 sublevantur.
1614 1756 1669 1812 Sed
1691 1756 1830 1813 sciendum

172 1853 229 1902 tum
248 1862 326 1918 aqua,
347 1845 391 1902 vel
410 1846 488 1918 igniti
513 1847 698 1917 cujuscunque
718 1845 845 1900 elementi
861 1844 974 1914 jndicio,
1025 1846 1104 1901 nobis
1120 1853 1170 1911 est,
1194 1854 1221 1900 ut
1245 1846 1341 1901 beatus
1363 1845 1429 1901 dicit
1453 1845 1605 1917 Gregorius
1627 1845 1716 1914 (laem.
1743 1848 1779 1904 26
1801 1847 1832 1902 in

173 1934 201 1990 in
210 1942 351 1991 auctorem
369 1942 396 1990 et
415 1935 626 2008 guhematorem
653 1935 867 2003 elementorum,
894 1950 976 2005 quem
1026 1933 1154 2007 Cannu),
1172 1957 1182 1981 ιι
1202 1934 1275 2006 quod
1299 1933 1389 1989 divina
1408 1934 1530 2005 operatio
1546 1934 1569 1988 si
1584 1933 1690 1989 ratione
1705 1950 1831 2006 compre·

174 2023 266 2080 omnia
284 2022 400 2080 fideliter
418 2024 573 2081 invocatum
598 2023 717 2079 sentiunt
736 2022 885 2087 elementa,
907 2023 976 2078 sicut
1026 2023 1163 2093 benditur,
1180 2038 1235 2078 non
1250 2031 1291 2078 est
1306 2023 1493 2078 admirabilis:
1510 2039 1560 2078 nec
1574 2022 1643 2078 fides
1658 2023 1741 2080 habet
1755 2023 1832 2079 meri.

172 2113 201 2169 in
215 2112 303 2184 Moysi
318 2113 397 2184 virga
411 2121 438 2168 et
454 2128 533 2186 aquae
548 2112 576 2167 iu
591 2113 752 2186 sanguinem
769 2128 866 2181 versae,
882 2120 909 2167 et
923 2111 976 2166 ite·
1026 2121 1093 2179 tum,
1119 2112 1161 2168 cui
1185 2113 1302 2166 humana
1327 2112 1396 2167 ratio
1420 2111 1524 2182 praebet
1547 2112 1776 2182 experimentum.
1800 2113 1833 2167 Et

173 2219 235 2257 rum
255 2202 368 2274 sanguis
387 2202 414 2257 in
434 2218 538 2274 aquas,
560 2210 587 2257 et
605 2210 680 2273 petra
699 2218 760 2273 quae
779 2200 852 2256 dedit
877 2216 977 2271 aquam
1002 2208 1006 2219 ⁴
1027 2217 1089 2260 cum
1104 2201 1203 2256 Paulus
1217 2201 1357 2273 apostolus
1372 2199 1444 2257 dicat
1457 2219 1464 2254 ε
1475 2203 1525 2256 Est
1540 2204 1618 2256 caim
1632 2201 1702 2271 fider
1717 2217 1831 2274 speran-

174 2290 273 2359 (Daod.
290 2305 340 2357 vu,
356 2293 406 2356 1ος
423 2306 490 2356 xvrr,
504 2292 542 2360 d),
555 2298 581 2345 et
593 2289 746 2345 subEliseo
761 2289 801 2344 sal
817 2287 859 2344 vel
873 2288 977 2361 lignum
1027 2291 1130 2347 doram
1146 2290 1308 2346 substantia
1322 2305 1429 2356 rerem,
1451 2293 1653 2361 argumentum
1668 2306 1727 2346 aon
1743 2307 1833 2364 appo-

176 2393 256 2449 aquae
280 2378 431 2433 immissum
454 2380 501 2449 (lV
521 2381 583 2450 lleq.
601 2394 620 2444 1,
643 2378 699 2449 al),
725 2377 889 2432 indubitanti
911 2374 974 2444 fide,
1027 2380 1154 2435 rentiam
1176 2378 1268 2449 (llctr.
1293 2394 1334 2445 x1,
1361 2378 1398 2449 1),
1423 2377 1545 2449 proiecto
1567 2377 1653 2450 liquet
1676 2378 1743 2449 quia
1765 2378 1831 2434 fides

175 2482 237 2539 quan
265 2474 306 2521 est
335 2473 525 2539 argumentum
553 2482 608 2523 non
633 2466 837 2537 apparentium,
861 2465 977 2522 credens
1027 2466 1134 2523 illarum
1157 2483 1250 2522 rerum
1274 2473 1466 2539 argumentum
1480 2475 1521 2522 est
1536 2483 1596 2538 quae
1619 2481 1755 2537 apparere
1778 2482 1833 2523 non

175 2553 233 2611 fieri
248 2555 314 2611 satis
330 2555 382 2610 sibi
403 2555 566 2622 decreverit,
591 2555 658 2610 nihil
683 2554 782 2610 dill'crt.
799 2556 823 2609 h
839 2570 891 2626 qua
906 2553 979 2608 enim
1027 2564 1150 2628 possunt.
1177 2554 1244 2623 Quae
1268 2555 1342 2610 euim
1364 2562 1504 2627 apparent,
1527 2555 1585 2624 jam
1607 2553 1690 2611 fidem
1711 2571 1768 2610 non
1782 2556 1832 2610 ha·

174 2642 284 2717 frigida,
311 2644 382 2701 sieut
404 2653 431 2700 et
448 2645 477 2700 in
497 2645 659 2716 baptismate
684 2652 819 2706 sacratur,
834 2643 863 2697 in
877 2642 978 2699 diluvio
1028 2646 1102 2714 bent,
1124 2645 1172 2700 sed
1194 2643 1369 2715 agnitionem.
1390 2667 1400 2692 ι
1419 2644 1473 2699 Sed
1497 2644 1556 2699 lraec
1581 2643 1640 2715 ipsa
1663 2644 1832 2716 Redempto-

174 2732 277 2789 innoxii
303 2750 366 2790 eum
390 2749 455 2790 arca
478 2742 539 2789 sunt
563 2734 596 2788 ad
623 2733 722 2790 coelum
746 2732 834 2799 levati,
857 2739 884 2787 et
905 2731 979 2786 noxii
1028 2734 1067 2790 ris
1085 2733 1178 2789 nostri·
1194 2748 1289 2805 opera,
1315 2750 1375 2804 quae
1400 2749 1432 2786 ex
1458 2731 1612 2802 semetipsis
1635 2732 1832 2804 comprehendi

176 2821 286 2893 perditi,
310 2822 430 2895 igneque
454 2830 516 2877 sunt
539 2821 685 2878 Sodomitae
707 2821 802 2892 puniti.
818 2821 891 2876 Etin
908 2821 979 2876 libro
1028 2839 1199 2895 nequaquam
1223 2829 1346 2893 possunt,
1373 2838 1406 2877 ex
1429 2820 1481 2876 alia
1504 2821 1562 2890 ejus
1587 2821 1747 2892 operatione
1762 2837 1833 2892 pen·

176 2909 293 2966 Numeri
307 2927 376 2982 aqua
390 2910 501 2983 frigida,
519 2910 546 2965 in
561 2927 640 2983 quam
655 2911 788 2965 Dominus
805 2908 978 2980 imprecatio·
1029 2912 1115 2966 sunda
1137 2919 1208 2976 sunt,
1233 2919 1261 2965 ut
1285 2910 1367 2965 rebus
1392 2909 1564 2964 mirabilibus
1587 2908 1669 2964 fidem
1692 2908 1833 2981 praebeant

176 3014 227 3053 nes
248 2998 329 3067 jussit
351 2997 415 3064 elui,
438 2998 535 3054 hausta
549 3015 565 3053 a
579 2999 694 3054 muliere
717 2998 840 3053 adultera
863 3014 979 3070 compu-
1030 3000 1101 3056 faeta
1130 2999 1305 3054 mirabiliora.
1340 2999 1375 3053 Et
1406 2998 1508 3068 idcireo
1541 2998 1674 3053 Dominus
1708 2999 1834 3070 quaedam

178 3087 353 3143 trascendum
376 3086 465 3142 lemur
487 3087 572 3159 ipsius
593 3087 694 3160 legitur
719 3088 813 3157 (llum.
830 3104 856 3153 r,
873 3087 929 3157 11).
946 3087 980 3141 Et
994 3056 1064 3144 Cde
1088 3087 1236 3158 Scripturis
1257 3086 1505 3158 persemetipsum
1529 3086 1655 3158 dignatus
1679 3095 1722 3142 est
1746 3102 1833 3158 expo-

176 3175 297 3232 loannes
312 3175 460 3247 Apostolus
474 3176 508 3231 de
519 3175 713 3232 oleilerventis
727 3175 801 3231 dolio
817 3174 978 3232 evasitillae·
1028 3193 1104 3243 nere,
1120 3184 1149 3231 ut
1164 3176 1283 3232 sciamus
1307 3192 1400 3230 rerum
1425 3172 1636 3248 significationes
1660 3191 1785 3246 quaerere
1805 3174 1832 3230 in

178 3282 234 3321 sus.
252 3267 285 3321 Et
302 3265 348 3338 qui
364 3281 461 3337 aquam
476 3265 590 3338 ignitam
609 3264 753 3336 delegerit,
768 3264 901 3336 intelligat
916 3279 978 3334 qno·
1029 3265 1071 3320 his
1095 3265 1177 3321 etiam
1201 3281 1261 3337 qum
1284 3280 1335 3335 per
1359 3264 1534 3334 semetipsum
1556 3263 1642 3319 noluit
1673 3264 1831 3335 explanare.

176 3354 250 3409 niam
265 3353 420 3410 venientem
434 3354 469 3410 ad
483 3354 604 3410 futurum
615 3354 748 3424 judicium
766 3351 915 3408 terribdem
927 3353 978 3406 tu·
1030 3354 1105 3410 Unde
1121 3354 1149 3408 in
1163 3369 1325 3425 responsum
1349 3351 1491 3423 accipiant,
1508 3351 1554 3424 qui
1569 3351 1596 3406 in
1612 3351 1711 3407 divinis
1723 3352 1833 3422 judiciis

175 3443 264 3500 dicem
279 3451 427 3515 tempestas
446 3443 572 3516 ignisque
597 3442 806 3509 comitabuntur,
823 3441 892 3498 sicut
907 3440 978 3497 scri·
1029 3451 1109 3514 atque
1131 3442 1326 3498 miraculorum
1351 3441 1438 3513 signis
1461 3441 1677 3512 experimentum
1702 3442 1831 3496 humana

176 3541 252 3605 ptum
275 3542 316 3588 est
333 3550 340 3587 ε
356 3533 432 3605 ignis
448 3535 479 3588 in
499 3537 650 3606 conspecta
673 3535 733 3606 ejus
744 3531 873 3598 ‘'ardebit,
895 3536 923 3587 et
946 3531 978 3585 ia
1029 3531 1165 3604 postulant
1180 3530 1303 3600 rationis,
1321 3529 1486 3602 quoniamst
1496 3529 1737 3599 justoscontinens
1752 3546 1827 3600 arca,

175 3624 302 3679 circuite
323 3624 384 3687 eius
407 3626 558 3695 tempestas
580 3623 674 3678 calida
696 3622 784 3693 (Prot.
800 3636 878 3684 xntx,
895 3622 933 3690 3),
949 3626 979 3674 ut
1030 3637 1084 3693 qua
1106 3620 1226 3676 fidelium
1248 3627 1289 3675 est
1313 3618 1455 3689 designata
1479 3618 1612 3685 Ecclesia,
1636 3617 1706 3674 sides
1730 3627 1832 3674 sanctae

176 3717 324 3782 tempestas
339 3710 476 3766 examinet
495 3726 563 3782 quos
586 3709 659 3782 iguis
680 3716 782 3764 exuret.
798 3710 832 3762 Et
845 3707 918 3779 ignis
932 3706 978 3761 ille
1029 3709 1176 3774 Trinitatis,
1193 3724 1254 3780 quae
1268 3724 1317 3778 per
1331 3707 1545 3763 incarnationem
1560 3709 1625 3762 Jesu
1647 3706 1747 3761 Christi
1763 3707 1832 3763 aedi-

174 3798 283 3856 fnturus
309 3798 410 3853 sanctis
427 3798 476 3853 erit
493 3798 611 3868 pervius,
629 3797 675 3868 qui
698 3797 838 3867 rapientur
861 3794 978 3849 nubibus
1031 3796 1118 3866 ficata,
1135 3805 1162 3852 et
1176 3812 1273 3852 onrnes
1289 3797 1322 3851 de
1338 3796 1437 3868 quibus
1447 3796 1513 3850 dixit
1528 3795 1660 3851 Dominus
1673 3813 1679 3849 :
1693 3798 1773 3852 Finis
1788 3812 1832 3852 ve-

175 3887 285 3943 obviam
301 3885 328 3939 in
344 3901 407 3941 aera
432 3886 558 3954 Domino,
574 3893 600 3941 et
614 3885 792 3940 inflammabit
815 3884 844 3938 1ιι
867 3883 978 3940 circuitu
1029 3888 1076 3942 ait
1086 3887 1224 3942 cuioersoe
1234 3888 1331 3941 curato
1342 3902 1436 3941 coram
1446 3902 1501 3952 me,
1515 3886 1677 3957 repletocst
1689 3889 1767 3941 terro
1777 3886 1832 3941 ini-

175 3974 300 4030 inimicos
316 3975 384 4042 eius.
1031 3976 1138 4047 quitata
1154 3989 1171 4029 o
1186 3975 1259 4044 socie
1284 3989 1390 4042 eor-um,
1407 3977 1435 4028 et
1451 3989 1498 4044 eqo
1519 3972 1682 4044 disperdam
1696 3988 1742 4028 eos
1767 3989 1832 4029 curn

212 4062 348 4132 Quoniam
359 4061 469 4134 quidem
480 4063 515 4117 de
525 4062 697 4135 purgationis
708 4062 812 4132 judicio
821 4078 871 4133 per
880 4076 977 4134 aquam
1032 4067 1109 4119 terro
1124 4063 1204 4134 (Cen.
1222 4078 1259 4128 vr,
1273 4062 1327 4134 13),
1346 4061 1529 4133 superfluente
1540 4077 1611 4132 aqua
1621 4061 1720 4131 operti,
1737 4068 1765 4116 et
1778 4076 1832 4117 non

175 4151 329 4209 ferventem
352 4151 395 4206 rel
418 4150 545 4222 frigidam
569 4168 599 4206 se
625 4151 694 4207 ratio
722 4151 827 4220 intulit,
857 4150 977 4206 dieamus
1031 4169 1126 4208 omnes
1142 4151 1276 4206 submersi
1291 4158 1363 4217 sunt,
1385 4150 1434 4205 sed
1452 4148 1553 4205 innoxii
1572 4149 1688 4215 liberati,
1705 4157 1731 4204 et
1745 4149 1833 4220 puniti

177 4242 251 4314 quod
276 4239 386 4314 quidam
412 4240 519 4314 sagacis
543 4240 646 4314 ingenii
669 4240 814 4314 vigilanter
837 4238 974 4308 adjiciunt.
1032 4250 1094 4297 sunt
1107 4240 1189 4306 noxii,
1206 4240 1275 4296 sicut
1290 4239 1422 4310 scripturn
1437 4248 1496 4294 est:
1511 4241 1654 4310 Ingressus
1670 4242 1714 4294 est
1727 4239 1792 4304 Noe,
1805 4241 1832 4294 ct

177 4331 288 4387 Constat
311 4329 449 4395 nimirum,
473 4337 502 4384 ut
524 4328 658 4400 inquiunt,
681 4329 742 4401 quia
756 4329 784 4382 in
800 4344 871 4400 aqua
893 4327 976 4399 ignita
1030 4332 1086 4401 filit
1101 4332 1171 4402 ejus,
1189 4331 1349 4400 remorarer,
1369 4344 1470 4384 uxores
1486 4327 1612 4397 filiorum
1627 4329 1688 4396 ejas
1710 4343 1777 4382 curn
1801 4342 1832 4382 eo

179 4426 333 4491 coquuntur
355 4418 514 4491 culpabiles,
531 4425 557 4473 et
573 4417 676 4474 innoxii
700 4417 849 4474 liberantur
871 4417 978 4473 incocti.
994 4414 1177 4484 Dtaorecm,
1187 4416 1608 4490 propteroqcamdtleer'itdea.
1618 4431 1667 4485 vu,
1677 4416 1834 4486 ll);etpost

148 4496 153 4507 ⁸
179 4508 249 4578 Quia
263 4509 297 4564 de
311 4507 375 4581 igne
391 4507 558 4565 Sodomilico
580 4508 627 4562 Lot
646 4508 734 4577 justus
756 4507 841 4563 erasit
863 4507 978 4562 inustus.
1029 4505 1833 4579 paululum:Repttsoatomnessoritesehyastmcqaae,et

177 4598 212 4654 Et
236 4596 343 4654 futurus
365 4597 454 4671 ignia,
480 4596 527 4669 qui
547 4595 653 4668 praeibit
677 4596 822 4652 terribilem
845 4596 977 4661 Iudicem,
1029 4594 1833 4667 cataractoecoetinperteesunt,rtsccteestplceiasuper

178 4688 279 4743 sanctis
294 4687 344 4743 erit
366 4687 508 4755 innocuus,
533 4693 560 4741 et
583 4685 715 4741 scelestos
738 4685 855 4740 aduret:
871 4693 900 4740 ut
915 4684 979 4741 olim
1031 4689 1137 4741 terram
1148 4684 1336 4757 quadruplata
1354 4684 1449 4739 dahas
1460 4688 1488 4738 et
1499 4683 1688 4755 quodraginta
1702 4682 1833 4738 noctibus

176 4774 344 4845 Babylonica
356 4776 462 4843 fornax,
488 4793 548 4848 quae
558 4791 658 4848 pueros
669 4774 843 4830 omninonon
854 4774 978 4847 contigit,
1030 4774 1120 4840 (ibid,
1138 4775 1192 4841 11);
1209 4773 1312 4828 etitem
1328 4790 1334 4826 :
1352 4775 1387 4828 at
1401 4773 1602 4844 rncltiptientae
1616 4774 1684 4827 serat
1699 4786 1788 4842 aqam,
1805 4774 1834 4826 et

176 4878 266 4934 nequo
288 4864 466 4931 contristavit,
483 4865 527 4922 vel
551 4864 700 4937 quidquam
723 4862 856 4919 molestiae
880 4862 977 4928 intulit,
1031 4863 1194 4918 leuauerunt
1206 4878 1304 4917 aream
1320 4862 1351 4916 tc
1366 4861 1483 4917 sublime
1495 4879 1512 4916 n
1523 4864 1600 4916 terro
1619 4860 1706 4930 (ibid,
1726 4860 1789 4930 11);
1806 4865 1835 4913 et

180 4950 230 5007 sed
246 4949 354 5006 vinceda
369 4968 463 5008 eorum
480 4955 652 5021 comburens,
663 4952 783 5011 incendit
797 4967 866 5024 quos
880 4951 980 5023 reperit
1029 4958 1090 5023 post
1105 4965 1210 5021 pauca:
1229 4949 1451 5023 Consumptoqce
1462 4954 1504 5005 est
1519 4951 1611 5005 oritate
1627 4965 1691 5005 caro
1702 4964 1763 5020 quoe
1774 4964 1833 5004 mo·

179 5040 214 5096 de
230 5019 365 5095 Chaldaeis
388 5041 529 5097 ministros
550 5044 624 5116 regis
639 5042 684 5116 qui
698 5058 758 5098 eam
780 5041 981 5097 succendebant
1029 5040 1146 5097 vetetur
1156 5055 1239 5111 super
1255 5043 1369 5094 terrum.
1387 5038 1725 5095 Derannsttautemsoles
1737 5037 1793 5093 doe
1804 5039 1833 5091 et

180 5129 264 5202 (ban.
280 5143 322 5197 ιιι,
339 5129 382 5196 18,
399 5129 454 5199 50).
471 5129 525 5185 Sed
540 5131 566 5186 in
583 5147 661 5204 aquae
685 5131 790 5204 frigidae
802 5129 901 5200 judicio
917 5129 979 5200 qni·
1029 5129 1077 5203 qni
1101 5145 1166 5184 reor
1189 5144 1219 5184 eo
1242 5132 1327 5184 ercet
1348 5129 1379 5182 tn
1401 5127 1566 5199 orca(itid.,
1582 5124 1709 5195 at,aa);
1725 5124 1834 5181 etitem

179 5217 295 5274 busdam
310 5233 365 5273 non
379 5224 505 5274 constare
520 5218 627 5275 videtur
641 5220 715 5292 quod
729 5219 831 5277 innoxii
852 5220 979 5275 submer-
1030 5218 1522 5290 postpauca:litetnusisurrtfoatcs
1531 5216 1633 5287 abyssi,
1644 5217 1834 5271 steatomata

179 5315 290 5379 guntur,
306 5315 333 5363 et
348 5322 446 5378 aquam
460 5305 610 5376 culpabiles
625 5318 810 5380 supernatant,
822 5326 883 5366 cum
893 5309 921 5364 in
931 5322 980 5364 ca·
1031 5308 1095 5363 coeli
1117 5307 1198 5376 (Gerr.
1222 5322 1282 5370 vrrt,
1298 5307 1336 5376 2).
1354 5306 1387 5360 m
1402 5306 1489 5360 nubes
1505 5320 1568 5369 una,
1585 5303 1733 5359 tenebrosa
1758 5301 1832 5358 facta

180 5395 305 5468 taelysmi
323 5396 427 5466 judicio
450 5395 608 5451 innocentes
631 5412 692 5452 cum
716 5414 780 5456 area
800 5399 933 5469 levantur,
956 5403 982 5451 et
1031 5404 1073 5452 est
1090 5395 1233 5467 AEgyptiis,
1250 5403 1277 5449 ct
1290 5392 1423 5450 luminosa
1446 5393 1578 5460 Hebraeis,
1595 5399 1624 5447 ut
1638 5391 1735 5447 iterum
1761 5390 1833 5445 scri-

177 5490 252 5549 noxii
266 5492 457 5550 submersione
471 5490 613 5566 perierint.
625 5492 661 5550 Et
671 5493 790 5567 AEgyptii
804 5496 981 5569 insequentes
1030 5499 1108 5565 ptum
1118 5499 1176 5548 est:
1189 5490 1350 5563 Tollearqae
1360 5504 1390 5548 re
1401 5490 1517 5562 capetus
1529 5489 1589 5554 Det,
1601 5487 1649 5559 qui
1658 5484 1835 5560 precedebat
