3794 6104
571 239 747 297 EPISTOLAE
763 238 811 293 ΕΤ
830 237 1004 295 bechura.
1578 222 1631 289 ’ἿἿΟ

93 373 123 422 ts
132 374 284 422 teneamus.
299 366 348 420 Pro
363 379 417 436 qua
432 380 473 430 re,
489 362 650 419 dominelli
665 361 803 422 charisA
819 363 883 417 attis
892 362 1089 434 comprobatur
1103 362 1196 431 tProa.
1212 360 1303 429 xrtr);
1317 367 1344 414 et
1363 358 1432 415 bene
1447 356 1527 415 nobis
1537 354 1630 413 filiatio

93 462 159 509 utra
175 468 245 508 nora
260 462 287 508 et
309 453 430 508 inaudita
452 453 479 507 in
502 452 663 507 Christianis
688 450 768 517 mala,
821 449 972 521 adoptianis
996 457 1094 504 restrae
1108 447 1254 519 spiritualis
1269 446 1360 503 farere
1381 445 1489 514 valebit,
1506 445 1529 500 si
1556 443 1630 516 pacis

93 558 136 598 tm
151 542 241 597 fessus
255 550 281 596 el
297 541 425 614 fatigatus
449 541 607 596 tetltmissis
636 540 770 603 laborem,
825 555 851 599 et
874 544 1059 600 unanimitatis
1087 560 1149 599 cum
1174 542 1422 603 fratribusvestris,
1449 539 1630 610 Christoopi-

93 630 191 687 scilicet
205 630 330 701 periculi,
346 631 498 701 tinctusque
511 629 606 691 maris,
630 643 772 682 assumere
823 631 885 698 free,
899 633 1071 689 concorditer
1081 639 1173 687 tenere
1196 631 1320 687 consulte
1334 629 1459 700 satagitis
1474 629 1629 692 vinculum,

93 734 140 785 ins,
167 710 210 772 m'e
234 719 316 772 tantis
335 717 463 788 periculis
488 716 565 788 [ertit.
596 719 671 772 hom.
707 716 773 786 tepet
827 721 889 791 quia
923 720 949 774 in
973 729 1065 776 restra
1079 736 1158 790 paee,
1175 718 1289 774 fatemur
1312 718 1394 773 totius
1419 717 1563 772 Christiani
1578 731 1630 786 po-

93 823 114 862 e
128 805 178 862 iter
189 807 224 861 de
239 806 444 860 transmetantis
460 805 598 875 periculis,
609 803 673 876 etc]
684 803 773 857 advos
826 809 883 878 puli
898 810 972 862 salus
994 809 1135 872 consistit;
1153 824 1205 879 qua
1221 805 1330 862 demum
1354 805 1527 865 necessitate.
1545 820 1633 876 quave

93 910 174 965 apro
190 893 374 949 Ecclesiarum
390 902 547 948 sanctarum
557 893 677 947 omnium
703 890 774 944 libe·
827 894 929 968 fatigati
962 897 1103 969 angustia,
1143 896 1235 951 relicta
1265 895 1332 949 sede
1370 893 1482 963 propria
1521 899 1634 963 aposto·

98 983 176 1051 Juxta
191 982 361 1053 Apostolum,
376 996 429 1035 non
444 981 548 1035 faciens
559 981 774 1034 auimammeam
827 982 872 1037 liei
903 983 1040 1049 culminis,
1074 983 1206 1053 compulsi
1231 998 1324 1037 sumus
1355 981 1496 1037 Franciam
1520 989 1630 1050 petere,

93 1084 166 1127 arem
191 1085 273 1140 quam
296 1087 351 1124 me.
376 1070 410 1123 Et
428 1084 502 1133 ecee,
527 1065 776 1139 quantumadmei
827 1086 932 1143 rosque
959 1079 1075 1143 paterno
1103 1070 1200 1125 aflectu
1230 1071 1391 1141 deposcere,
1420 1079 1553 1140 quatenus
1581 1083 1634 1122 una

93 1157 118 1213 ti
133 1158 258 1230 regimen
274 1166 388 1228 spectat,
404 1173 458 1211 non
480 1172 578 1211 recuso
603 1171 653 1226 pro
677 1154 777 1209 Christi
829 1160 973 1215 nobiseum
996 1158 1074 1230 positi
1090 1159 1124 1213 de
1137 1159 1272 1214 communi
1297 1159 1447 1214 salvatione
1463 1165 1565 1212 sauctae
1581 1157 1635 1211 Ra·

99 1246 201 1311 ovium,
218 1247 353 1316 opeejus,
371 1243 778 1308 liberatiouenrori,detrimen·
832 1263 920 1302 rnanae
935 1247 1067 1303 Ecclesiae
1086 1256 1111 1301 et
1140 1247 1295 1318 reipublic-e
1318 1256 1387 1301 statu
1406 1254 1591 1309 tractaremus,
1607 1243 1635 1298 in

107 1333 232 1389 sufferre.
259 1335 324 1397 Vos,
341 1350 433 1404 quaeso
447 1333 556 1399 obnixe,
576 1347 635 1395 ros,
654 1330 690 1385 tili
711 1332 777 1386 cba—
830 1334 1002 1406 paucissimis
1016 1351 1088 1390 nunc
1102 1334 1288 1405 patefacimus,
1305 1334 1366 1406 quia
1395 1334 1421 1388 in
1437 1334 1489 1389 alio
1504 1330 1635 1404 opusculo

93 1421 505 1492 ,lacrymasrncasarduumque
516 1421 639 1474 laborem
650 1418 777 1490 aspicite:
833 1423 951 1494 qualiter
963 1422 1066 1478 nefarie
1081 1423 1115 1476 sit
1131 1432 1272 1493 peractum
1297 1422 1330 1476 ad
1356 1421 1474 1476 omniurn
1503 1420 1633 1474 Christia-

93 1509 274 1567 lelensionem
297 1517 398 1564 sanctae
415 1509 511 1563 matris
535 1518 633 1563 restrae
661 1515 780 1562 restmm
832 1526 930 1565 norum
947 1510 1068 1565 notitiam
1084 1518 1241 1565 reservatur
1268 1509 1471 1579 conscriptum
1488 1508 1558 1580 quad
1575 1508 1635 1562 luce

93 1596 782 1668 tfideliumquercstrorumadlrortationeeontinua
831 1597 931 1653 clarius
956 1597 1106 1653 advertitis.
1135 1597 1294 1652 lambertus
1324 1597 1483 1667 spoletanus
1517 1595 1636 1666 pertidus

92 1694 147 1747 ate,
179 1695 205 1740 et
233 1701 340 1741 mecum
367 1685 530 1739 unanimiter
554 1683 1040 1768 lurisrapacibusBdux,lt'idonis
1060 1687 1198 1758 quondam
1222 1686 1323 1755 stirps,
1352 1684 1514 1755 perditionis
1548 1681 1637 1751 filius,

96 1773 299 1844 redargutionis
308 1773 413 1827 studete
425 1781 517 1827 tenere
530 1791 536 1836 ;
547 1779 690 1842 quatenus,
706 1772 775 1827 duce
829 1790 859 1844 jn
875 1782 1004 1845 quantam
1016 1773 1173 1843 superbiam
1197 1789 1248 1843 pro
1264 1773 1421 1842 cupiditate,
1438 1781 1466 1826 ut
1487 1772 1556 1826 lama
1572 1787 1639 1826 vera

95 1861 115 1915 ti
144 1862 242 1934 gratia,
278 1870 339 1932 post
374 1861 456 1932 longa
490 1869 642 1929 temporum
678 1861 776 1930 spatia,
830 1863 964 1928 sehabet,
980 1861 1094 1918 Romani
1109 1860 1217 1931 imperii
1234 1861 1417 1931 ar*rrpcrit,in
1433 1861 1537 1915 nostris
1552 1859 1640 1913 tribu·

93 1947 276 2004 ‚toresellecti
305 1949 390 2003 nostri
414 1948 581 2012 certaminis,
597 1947 631 2001 de
658 1963 778 2017 purpura
829 1950 977 2015 rationibus
992 1959 1073 2021 atque
1093 1949 1225 2021 angustiis
1240 1948 1334 2019 procul
1363 1949 1446 2003 dubia
1467 1947 1641 2020 cognoscetis

121 2036 227 2107 imperii
247 2037 280 2090 ad
296 2034 662 2091 caronamrcnireraleatis
678 2051 779 2105 perpe·
830 2039 865 2093 ad
895 2037 1036 2110 liquidum.
1055 2038 1168 2093 Romam
1196 2037 1331 2108 siquidem
1356 2036 1523 2092 clandestina
1544 2035 1638 2090 fraude

99 2125 134 2180 Et
170 2125 300 2194 epistolas
336 2122 466 2194 reliquas,
499 2140 566 2194 quas
599 2122 780 2178 confratribus
831 2126 960 2182 devotum
977 2126 1069 2181 venire
1085 2141 1115 2180 se
1130 2125 1272 2189 simulans,
1288 2141 1303 2178 a
1319 2124 1397 2179 nobis
1413 2124 1486 2178 reiut
1501 2121 1571 2177 filius
1585 2139 1637 2194 pa-

101 2212 301 2268 Carolomanuo
316 2212 451 2278 videlicet,
474 2220 500 2265 et
525 2211 671 2279 Ludon'co,
701 2219 780 2282 atque
831 2215 872 2271 eis
889 2214 1007 2289 benigne
1030 2222 1188 2284 susceptus:
1205 2213 1270 2285 quid
1294 2212 1420 2268 virulenti
1435 2212 1540 2267 consilii
1555 2212 1639 2267 corde

93 2301 199 2371 juniori,
221 2301 366 2372 dirigimus
388 2315 440 2370 pro
464 2299 557 2354 talium
580 2299 778 2364 adhortatione,
832 2303 953 2376 gestiens
968 2301 1001 2376 [f.
1018 2302 1136 2374 gereret]
1151 2301 1333 2356 incrastinum
1354 2301 1492 2372 sequentis
1503 2300 1556 2355 diei
1571 2299 1641 2354 dilu-

93 2404 135 2456 ur,
151 2387 245 2459 gloria
259 2387 649 2452 r·esrraedecenrtam,easdem
660 2386 782 2441 illissine
833 2392 924 2447 culum
945 2391 1141 2446 demonstravit
1158 2406 1164 2444 :
1181 2405 1242 2444 narn
1258 2390 1393 2461 deputatis
1408 2389 1576 2455 custodibus,
1594 2404 1638 2443 re-

93 2476 208 2532 estiuare
226 2476 385 2546 dignemini,
403 2475 782 2546 omnibusquererereutissi·
834 2496 892 2534 rrrnr
919 2480 1002 2534 etiarn
1031 2478 1208 2545 sateltitibus,
1228 2479 1261 2532 ad
1285 2486 1390 2548 portam
1413 2477 1493 2532 Urbis
1514 2493 1575 2549 quae
1604 2475 1639 2530 ad

93 2564 282 2636 :hiepiscapis,
309 2573 335 2618 et
366 2564 440 2619 clero
468 2565 549 2618 totius
576 2563 680 2619 ordinis
704 2563 783 2636 regni
832 2567 905 2622 beati
922 2567 990 2622 l'etri
1017 2566 1204 2638 apostolorum
1225 2565 1356 2636 principis
1385 2565 1510 2620 euntibus
1537 2562 1632 2635 pandit

93 2662 203 2724 paterna
231 2661 294 2723 peta
314 2653 502 2707 adhortatione
522 2650 669 2722 significari
684 2651 783 2722 praeci·
834 2656 894 2722 iter,
912 2654 1016 2709 nullum
1032 2662 1186 2708 nostrorum
1209 2652 1327 2707 fidelium
1350 2653 1382 2706 ad
1407 2669 1456 2707 nos
1476 2651 1573 2724 egredi
1594 2667 1641 2721 pa·

93 2741 202 2802 ioniam,
213 2741 329 2796 Domino
338 2741 496 2807 miserante,
509 2740 579 2811 apud
591 2756 639 2795 vos
650 2740 784 2811 synodum
835 2743 915 2806 tiens,
931 2742 1009 2798 cibos
1026 2740 1180 2796 deferentes
1195 2756 1337 2806 coercens,
1348 2741 1445 2795 asserit
1460 2740 1638 2795 Carolomau·

94 2830 145 2884 turi
161 2845 254 2883 sumus
269 2830 374 2884 cunetis
390 2829 497 2898 populis
513 2828 683 2883 Christianis
701 2844 785 2898 perne
835 2848 900 2885 nuni
911 2846 1005 2903 regem
1024 2830 1075 2884 sibi
1111 2829 1175 2884 talia
1194 2830 1331 2884 horrenda
1358 2829 1449 2885 facere
1464 2826 1640 2898 praecepisse.

93 2916 322 2987 thuaecunque
338 2915 785 2986 nassesosrupimus,sauedein-
836 2918 915 2988 Quod
930 2918 1033 2973 idcirco
1049 2934 1102 2972 uon
1128 2934 1275 2988 possumus
1299 2917 1423 2979 credere,
1445 2917 1575 2989 quoniam
1608 2931 1642 2971 ex

93 3021 169 3061 umus
196 3006 279 3060 acturi
302 3005 337 3058 de
369 3005 486 3075 negotiis
519 3004 721 3059 ecclesiasticis.
747 3005 785 3059 Te
838 3014 928 3062 restra
942 3005 1175 3079 progenienullus
1186 3005 1321 3061 cervicem
1333 3006 1555 3075 superbecoutra
1570 3004 1642 3059 hana

93 3092 278 3161 ,charissime
295 3090 342 3157 fili,
369 3093 528 3147 anctoritate
553 3091 639 3147 saneti
668 3056 823 3162 Spiritus'C
839 3094 936 3150 extulit
960 3095 1064 3160 sedern,
1082 3094 1130 3148 sed
1151 3104 1263 3165 propter
1285 3095 1372 3148 Deum
1391 3093 1550 3163 suppliciter
1573 3091 1642 3149 colla

93 3180 147 3247 stri,
162 3181 306 3235 advicem
322 3181 454 3253 genitoris
483 3180 566 3236 vestri
590 3180 684 3235 domni
699 3179 789 3235 Caroli
840 3182 975 3238 submisit.
987 3183 1054 3247 Nos
1076 3181 1113 3236 fili
1129 3182 1300 3243 chiarissimo,
1316 3198 1367 3252 pro
1396 3181 1505 3235 Domini
1519 3180 1646 3246 Ecclesia

93 3269 108 3324 ri
123 3269 300 3339 imperatoris
322 3269 446 3339 Augusti,
472 3285 487 3321 a
515 3268 629 3324 secretis
654 3269 789 3324 constituo
840 3279 867 3325 et
881 3270 1046 3339 ejusoribus
1061 3269 1178 3323 animam
1193 3284 1295 3339 ponere
1314 3268 1464 3338 cupientes,
1486 3283 1550 3322 ecce
1565 3267 1644 3321 mari-

93 3358 284 3421 consiliarium,
302 3357 358 3427 qai,
375 3366 403 3410 ut
418 3356 471 3411 dici
484 3356 595 3421 assolet,
612 3372 676 3427 pars
691 3356 789 3412 animae
839 3375 889 3413 nos
906 3359 1005 3414 fluetus
1019 3358 1159 3428 undasque
1174 3357 1240 3410 salis
1254 3356 1287 3410 ad
1303 3372 1351 3410 ros
1367 3355 1501 3411 veniendo
1515 3371 1565 3425 per
1578 3352 1645 3408 diffi-

93 3446 126 3511 it,
149 3453 175 3500 et
197 3461 311 3516 qumque
335 3445 441 3517 agenda
457 3453 528 3508 sunt,
546 3459 615 3515 coge
644 3444 788 3516 munitque
840 3446 892 3502 cile
903 3447 954 3500 iter
969 3445 1375 3514 assumpsimus,vobiscumque
1389 3442 1469 3497 simul
1480 3443 1573 3513 positi,
1589 3443 1644 3497 Do·

93 3534 231 3604 rm:quia
245 3534 273 3587 in
296 3532 369 3587 fonte
398 3533 436 3588 tui
451 3533 542 3588 cordis
561 3533 679 3602 primunr
704 3533 788 3587 intin-
842 3535 918 3589 inico
936 3533 1103 3602 miserante,
1142 3532 1293 3587 universale
1335 3533 1470 3602 synodum
1502 3531 1643 3586 celebrare

105 3621 236 3689 calamus,
252 3621 352 3676 deiude
366 3636 462 3675 manus
478 3630 572 3675 nostra
585 3619 712 3675 formabit
727 3622 789 3676 cha·
846 3621 1115 3693 disponimus'totius
1131 3630 1230 3677 sanctae
1245 3619 1394 3685 Ecclesia,
1415 3619 1492 3675 robis
1507 3621 1643 3675 obsecun-

93 3710 217 3781 rapices.
839 3710 979 3774 dantibus,
1007 3718 1167 3780 provectum
1182 3716 1208 3764 et
1238 3708 1426 3763 exaltationem
1441 3707 1501 3763 loco
1524 3722 1644 3778 percon·

344 3780 438 3834 CXVl·
842 3815 911 3871 gruo
930 3802 1090 3870 satagemus
1105 3795 1340 3870 peragereouod,
1353 3810 1455 3868 quaeso,
1465 3795 1545 3869 regni
1559 3795 1644 3850 vestri

93 3865 279 3907 ⁰²⁰⁰⁰v¹⁰⁰⁵¹
295 3865 485 3989 ῗῖἒέἕιὸοῗδιΐ
501 3865 582 3905 “⁸⁶¹⁸
596 3865 699 3906 ΗΜ·
840 3886 969 3941 omnibus
985 3885 1199 3956 archiepiscopis
1212 3885 1438 3957 coepiscopisque
1453 3884 1552 3939 nostris
1566 3882 1645 3939 inno·

93 4008 174 4064 md
185 4009 354 4064 servandam
363 4024 532 4080 mmmmm
541 3978 717 4077 pamm-hup
729 4029 738 4076 ἱ
747 4009 789 4064 ξπ,
839 3985 945 4030 teseere
959 3974 1119 4047 dignemini,
1135 3974 1301 4047 eosdemque
1317 3975 1394 4029 nobis
1404 3976 1502 4029 adesse
1518 3972 1645 4030 coahnua

93 4085 136 4135 tur
151 4081 181 4134 ia
190 4080 563 4149 Larnbcrfarrtspaletarrttm
573 4079 692 4135 ducem:
710 4084 790 4151 rapat
838 4064 994 4119 mamillae
1009 4063 1160 4119 melfiam
1173 4072 1290 4119 Πῐθῦθῑθ·
1307 4065 1375 4119 Βῑῑῑὸ
1393 4067 1428 4118 “²
1440 4079 1536 4135 'lilim-

93 4151 165 4223 rapis
180 4150 321 4221 significet
336 4155 369 4205 at
383 4150 568 4222 crispandum
591 4150 737 4205 accedant.
1202 4159 1310 4214 cxvtt,

93 4251 166 4292 >vico
178 4237 362 4304 bajoariorum
380 4238 454 4310 regis
469 4236 533 4292 tilio.
1040 4262 1075 4302 g„
1091 4262 1318 4302 mmmmm
1333 4262 1437 4302 mm·

93 4334 160 4381 >turn
176 4326 247 4380 enirn
264 4342 327 4380 rero
342 4326 370 4379 in
389 4325 516 4380 Salomon
542 4324 659 4396 legimus
676 4343 682 4379 ι
699 4327 788 4381 Filias
1158 4317 1338 4386 tarin08'18.)

93 4414 239 4482 rfoetilicat
248 4418 371 4485 petrem,
385 4417 412 4468 et
424 4417 467 4468 cst
478 4413 622 4485 gaudiam
633 4415 806 4485 aratrisque
818 4404 845 4464 D
1043 4405 1173 4476 Ejusdem
1187 4420 1258 4476 prae
1276 4406 1448 4476 (argumenti.

93 4502 260 4569 eamfl‘ror.
280 4504 329 4571 x),
347 4509 522 4573 quapropter,
539 4500 666 4572 quoniam
687 4509 721 4564 te,
738 4499 793 4555 Lu·
880 4500 984 4555 Dilecto
998 4498 1054 4555 lilio
1065 4502 1276 4555 Graecostassa
1291 4500 1414 4572 gloriosa
1430 4498 1500 4573 regi.

113 4587 169 4643 iilia
191 4590 290 4655 Caroli,
321 4588 457 4643 Ludorico
483 4586 538 4642 filio
557 4587 685 4643 Ludorici
710 4587 793 4660 regis,
879 4588 988 4658 Quanta
1002 4588 1120 4660 denique
1135 4588 1296 4644 exaltatione
1311 4589 1569 4659 sponsioulsrestrae
1584 4602 1647 4640 san-

93 4677 148 4731 atis
167 4673 336 4748 prescientia
352 4694 408 4732 suae
420 4676 711 4747 eonsilioamnipatens
721 4678 794 4732 Deus
844 4687 914 4733 ctam
928 4677 1079 4734 itomanam
1093 4677 1255 4744 Ecclesiam,
1268 4677 1393 4733 videlieet
1401 4685 1516 4731 matrem
1526 4683 1647 4731 vestram

93 4781 135 4820 um
149 4766 399 4836 imperatorumque
423 4774 464 4819 est
488 4766 615 4837 dignatus
641 4765 794 4835 producere
845 4766 1021 4838 omniumque
1048 4766 1280 4835 Christianorum,
1296 4782 1357 4837 quae
1372 4780 1420 4820 vos
1450 4773 1475 4819 et
1499 4765 1568 4820 lacte
1590 4780 1647 4819 suae

96 4855 132 4920 ia,
147 4862 173 4909 et
188 4864 251 4909 tunc
267 4854 341 4908 illum
356 4854 436 4924 plene
461 4851 600 4909 laetificare
620 4852 793 4922 contenditis,
844 4854 1043 4926 predicationis
1058 4856 1093 4911 ab
1109 4856 1237 4910 uberibus
1252 4863 1278 4908 et
1289 4854 1324 4909 ad
1338 4853 1487 4924 imperialia
1506 4870 1521 4907 a
1536 4851 1647 4924 procris

93 4958 129 4998 rae
143 4943 221 4996 matri
232 4943 345 5013 ejusque
355 4940 535 4996 immaculata·
546 4957 653 5010 sponsae
664 4942 795 4997 adversus
846 4953 951 5015 sceptra
965 4944 1097 5017 sanguine
1113 4959 1208 5014 regum
1224 4942 1388 4998 excellenter
1405 4942 1541 5012 produxit,
1558 4940 1649 4997 suble·

93 5029 179 5085 ntium
217 5029 285 5085 ictus
317 5039 397 5100 atque
438 5029 509 5083 illins
545 5029 711 5084 laceratores
740 5037 795 5085 tota
844 5048 909 5089 vare
923 5032 1032 5098 curetis,
1049 5038 1075 5086 et
1088 5030 1227 5102 epistolari
1252 5037 1336 5094 textu,
1360 5038 1386 5084 et
1412 5031 1583 5085 internuntiis
1599 5046 1648 5083 nu·

107 5118 278 5183 concurritis,
294 5134 375 5173 omne
390 5133 499 5189 quaque
514 5117 578 5171 nixu
603 5133 678 5173 more
693 5134 795 5187 paren·
845 5137 895 5191 per
909 5120 943 5175 ad
957 5135 1007 5175 aas
1022 5119 1132 5174 directis
1143 5117 1342 5172 reminiscimur
1350 5118 1474 5189 pleniter,
1491 5118 1648 5188 fontemque

93 5221 269 5278 avorumque
293 5216 445 5261 vestrorum
470 5205 561 5259 auxilii
581 5204 795 5261 consolationem
846 5207 961 5263 ubertim
977 5207 1068 5263 cordis
1084 5206 1165 5260 vestri
1179 5206 1257 5261 salita
1275 5206 1376 5277 pietate
1391 5215 1533 5276 parentum
1547 5214 1649 5261 vestro

93 5310 130 5365 re,
146 5303 237 5367 spreta
247 5310 424 5365 personarum
435 5294 592 5365 acceptione
603 5294 793 5366 quarumlibet,
846 5313 907 5352 runt
919 5296 992 5353 circa
1019 5295 1213 5368 omnipotentis
1228 5295 1279 5350 Dei
1293 5294 1452 5351 lianrulaturu
1476 5297 1650 5350 irriseratioue

93 5383 158 5442 cius
182 5383 324 5450 festinatis,
352 5384 438 5441 sancti
457 5383 574 5454 Spiritus
596 5398 646 5453 per
670 5383 795 5440 Salamo-
845 5385 988 5442 abundare
1001 5383 1171 5454 reperimus-2
1188 5393 1307 5441 restrum
1320 5398 1432 5455 quoque
1446 5383 1481 5439 ad
1492 5384 1649 5455 predictam

93 5470 164 5530 erbis
177 5473 339 5528 usunrtaus
356 5490 363 5526 z
380 5470 632 5529 Frater'etamicar
653 5471 685 5527 ia
702 5474 795 5546 unqe·
845 5483 957 5530 matrem
972 5479 1100 5541 vestram,
1116 5471 1155 5527 uti
1169 5471 1258 5544 glorie
1282 5471 1408 5528 culminis
1422 5472 1506 5530 restet
1530 5483 1648 5544 spopon-

1485 5592 1497 5617 Q
