3794 6104
51 204 100 256 23³
789 204 975 262 EPISTOLAE.
1655 209 1708 265 ΞΜ

55 323 171 380 historia
185 324 249 397 quia
264 341 325 381 cum
340 326 392 397 piae
406 327 544 383 memoriae
559 329 734 385 Constantino
744 329 861 402 principi
875 329 1025 394 Ariuutur,
1043 329 1091 383 sed
1105 329 1222 386 aliorum
1236 331 1397 398 animarum,
1424 345 1490 400 quas
1505 329 1596 402 pravis
1612 347 1707 388 exem-

56 415 82 469 in
98 414 203 486 scripto
218 416 316 472 oblatae
330 418 517 473 accusationes
532 427 628 474 centra
643 419 787 491 episcopos
798 419 861 474 luis·
910 417 962 489 plis
973 418 1178 485 destruxerunt,
1195 420 1234 475 rei
1249 427 1321 474 suut.
1351 421 1384 473 Et
1399 427 1504 485 contra,
1519 428 1584 490 quot
1599 435 1649 475 suo
1665 419 1708 476 vel

56 512 127 568 sent,
159 504 267 559 libellos
292 522 361 577 quos
390 515 534 577 acceperat
565 508 695 574 incendit,
726 508 822 564 diceus
850 527 857 562 :
911 507 1005 572 verbo,
1028 507 1077 563 vel
1100 509 1234 578 exemplo,
1251 508 1294 564 vel
1309 508 1407 580 quibus
1434 515 1555 578 potestas
1575 516 1617 562 est
1644 508 1707 562 data

58 614 69 642 e
87 592 143 647 llos
160 592 198 646 dii
212 593 288 663 estis,
306 609 320 648 a
344 610 408 650 vero
423 597 480 650 Deo
505 596 644 652 constituti
661 615 668 651 ι
684 597 730 664 ite,
748 605 773 651 et
789 597 860 652 inter

55 696 104 736 vos
128 697 228 736 causas
243 691 348 737 vestras
364 683 500 749 discutite,
517 685 581 755 quia
609 685 723 758 dignum
750 694 860 740 nonest

56 778 82 824 ut
96 785 148 825 nos
161 770 317 839 judicemus
332 772 408 826 deos.
425 773 455 826 ln
479 789 532 843 qua
552 782 642 828 tamen
657 774 800 840 sententia,
816 774 861 844 pie

56 859 176 922 domine,
193 859 246 913 sibi
261 859 349 932 magis
365 877 397 914 ex
412 861 572 927 bumilitate,
591 880 671 933 quatu
687 863 741 918 illis
758 862 860 933 aliquid

56 947 182 1017 praestitit
202 963 233 1003 ex
260 949 414 1003 reverentia
435 950 568 1021 impensa.
584 953 653 1006 Ante
674 968 735 1007 eum
760 951 859 1023 quippe

55 1036 155 1109 pagani
186 1036 214 1090 in
240 1037 378 1108 republica
402 1039 540 1110 principes
561 1038 680 1109 luerunt,
704 1042 749 1111 qui
765 1057 860 1096 verum

56 1127 143 1180 Deum
163 1126 328 1189 nescientes,
345 1127 412 1182 deos
427 1127 534 1200 ligneos
564 1136 591 1183 et
605 1129 858 1199 lapidescolebant,

57 1222 81 1269 et
96 1223 189 1268 tamen
220 1231 315 1271 eorum
344 1216 531 1271 sacerdotibus
555 1218 701 1272 maximum
729 1219 861 1273 honorem

58 1303 223 1359 tribuebant.
239 1302 312 1373 Quid
341 1320 408 1376 ergo
431 1305 537 1374 mirum,
560 1307 582 1361 si
610 1307 781 1362 Christianus
806 1307 860 1361 iru-

57 1401 166 1462 perator
195 1392 252 1448 veri
296 1392 345 1448 Dei
375 1395 530 1449 sacerdotes
559 1395 685 1466 dignetur
714 1397 858 1465 bonorare,

57 1481 119 1534 dum
147 1481 258 1553 pagani,
285 1488 314 1536 ut
341 1482 524 1552 praediximus,
559 1484 694 1555 principes
731 1486 860 1539 honorem

57 1569 217 1639 impendere
233 1570 419 1625 sacerdotibus
434 1581 576 1639 noverunt,
593 1572 639 1644 qui
654 1573 705 1627 diis
725 1572 824 1645 ligneis
835 1581 861 1628 et

910 595 1091 665 correptionis
1116 597 1298 667 correptione,
1327 596 1390 669 quia
1421 613 1495 666 saepe
1518 596 1608 652 invitis
1636 597 1708 651 boue

911 692 1081 753 praestantur,
1098 685 1205 741 dicente
1219 702 1326 740 summo
1334 684 1527 755 patrefamilias
1538 686 1572 740 ad
1588 701 1709 753 servum,

911 773 938 826 id
953 779 994 827 est
1007 772 1182 843 prelatorum
1197 776 1310 830 eliorum
1323 792 1329 827 :
1342 776 1397 829 Exi
1407 774 1498 829 citoirr
1510 776 1569 829 viar
1581 778 1609 829 et
1619 790 1710 847 sepes,

911 866 938 915 et
953 862 1088 932 compelle
1103 862 1222 930 intrare,
1240 868 1271 918 art
1286 864 1618 936 irrrplcetardomasmea
1628 864 1707 934 (Luc.

911 963 970 1014 xrv,
990 953 1046 1017 23),
1076 951 1191 1004 Domino
1207 951 1300 1006 lucrati
1315 950 1424 1016 luerint,
1442 966 1490 1021 pro
1519 951 1599 1005 tantis
1615 950 1710 1023 gloriae

911 1052 1040 1093 coronam
1060 1038 1203 1110 accipient,
1229 1046 1371 1094 attestante
1399 1039 1529 1109 apostolo
1548 1057 1555 1093 z
1573 1040 1625 1106 Qui
1644 1055 1710 1095 con·

911 1128 983 1181 verti
993 1129 1093 1197 fecerit
1103 1129 1320 1200 peccatoremeb
1335 1143 1428 1183 errore
1450 1129 1499 1183 vire
1509 1145 1578 1193 sace,
1591 1128 1709 1183 salvabit

912 1216 1040 1270 animem
1054 1219 1115 1287 ejas
1125 1234 1142 1271 a
1153 1221 1250 1285 morte,
1263 1221 1290 1272 et
1300 1217 1407 1288 operiet
1421 1216 1710 1288 multitudinempec·

912 1309 1041 1360 catorum
1052 1306 1121 1373 (loc.
1139 1319 1166 1373 v,
1184 1306 1265 1376 20).»

948 1393 1004 1447 vlt.
1022 1392 1154 1448 Caeterum
1169 1393 1296 1464 quianon
1312 1401 1353 1448 est
1375 1394 1456 1448 bomo
1470 1393 1498 1446 iu
1513 1401 1585 1447 terra
1600 1393 1646 1465 qui
1667 1393 1710 1449 ie·
1753 1458 1760 1471 ·

912 1481 964 1535 ciat
980 1481 1081 1535 bonum
1105 1489 1131 1536 et
1146 1497 1200 1536 non
1221 1490 1325 1552 peccet,
1343 1490 1368 1536 et
1385 1497 1437 1537 nec
1459 1481 1510 1551 ipsi
1526 1481 1583 1535 sine
1599 1490 1711 1551 peccato

911 1569 1017 1623 luerunt
1033 1570 1080 1640 qui
1107 1569 1210 1625 celesti
1233 1570 1391 1641 magisterio
1406 1570 1589 1634 adhaerebant,
1607 1570 1712 1625 dicente

58 1657 173 1728 lapideis
183 1658 340 1712 serviebant
355 1660 369 1713 i
386 1680 397 1708 a
415 1659 448 1714 Et
472 1659 544 1716 idem
569 1660 757 1716 sanctissimus
778 1670 859 1733 atque
874 1657 1014 1753 BJoauue
1030 1676 1036 1712 :
1052 1659 1249 1714 didicerimus
1262 1661 1485 1731 qaiepeccatam
1499 1675 1557 1714 nort
1568 1659 1710 1725 babemus,

59 1745 269 1802 facundissimus
298 1756 324 1802 et
347 1748 576 1817 discretissimus,
605 1750 791 1821 veraciterque
832 1750 860 1804 iu

58 1835 141 1891 oculis
167 1836 219 1891 Dei
246 1836 412 1892 humillimus
428 1880 435 1903 ,
451 1839 478 1893 in
506 1839 621 1909 epistola
664 1839 699 1894 ad
726 1841 860 1895 loannem

58 1924 217 1995 episcopum
253 1924 453 1997 Syracusanum
473 1971 479 1992 ,
497 1928 621 1982 scribens
660 1928 694 1984 de
731 1929 860 2000 episcopo

56 2013 365 2084 Constantinopolitano,
382 2015 451 2069 inter
476 2016 530 2071 alia
554 2016 619 2071 dicit
634 2017 693 2086 (lib.
711 2032 759 2085 vu,
776 2017 858 2086 epist.

57 2103 97 2169 fil,
114 2102 176 2156 iud.
196 2104 240 2172 tt)
257 2121 264 2156 :
283 2125 294 2152 e
312 2101 391 2172 Quod
407 2103 466 2159 sedi
481 2104 637 2175 apostolicae
658 2105 729 2160 dicat
746 2122 775 2159 se
792 2105 860 2160 velle

58 2190 161 2258 subjici,
179 2191 203 2244 si
223 2206 277 2264 qua
299 2192 379 2263 culpa
393 2192 420 2247 iu
441 2192 576 2264 episeopis
605 2193 750 2259 iuvenitur,
767 2193 860 2250 nescio

56 2279 113 2350 quis
128 2278 156 2333 ei
169 2279 317 2350 episcopus
332 2280 469 2349 subiectus
484 2298 538 2336 nou
553 2283 597 2336 sit.
616 2283 683 2336 Cum
696 2299 763 2337 vero
778 2282 860 2354 culpa

57 2382 106 2421 non
136 2366 233 2440 exigit,
249 2383 346 2424 omnes
374 2368 522 2426 secundum
549 2370 681 2426 rationem
703 2370 860 2426 humilitatis

57 2474 176 2546 equales
190 2482 280 2530 sunt.»

87 2562 131 2617 tl.
160 2563 226 2618 Post
247 2564 561 2632 Constantinumautem,
578 2566 680 2638 quique
704 2566 853 2622 Christiani

58 2653 254 2721 imperatores,
270 2653 431 2708 decessores
459 2670 491 2711 ac
520 2656 740 2726 praedecessores
762 2656 858 2721 nostri,

59 2739 129 2814 leges
140 2742 177 2797 de
188 2740 382 2813 episcoporum
395 2743 497 2798 bonore
512 2760 544 2799 ac
558 2744 703 2817 privilegio
728 2745 859 2800 condide-

59 2840 124 2885 runt.
153 2831 281 2896 Proinde,
298 2831 380 2885 Pater
408 2832 590 2898 sanctissime,
608 2834 682 2904 quia,
699 2842 728 2887 ut
751 2840 860 2888 sanatus

63 2919 185 2975 Gebsius
201 2918 267 2975 dicit
283 2921 377 2992 (epist.
397 2924 439 2990 lt),
456 2922 491 2977 od
506 2923 712 2992 directorium),
728 2923 783 2978 duo
798 2930 861 2977 sunt

911 1748 1709 1819 nosipsossedecimas,etveritasinnobisnmerdlloon.

911 1851 930 1901 1,
943 1838 989 1905 8);
1006 1843 1032 1889 et
1046 1837 1164 1891 lacobus
1179 1837 1317 1907 apostolus
1331 1837 1395 1891 dicit
1408 1855 1414 1889 z
1435 1838 1468 1891 lra
1483 1837 1583 1892 mullis
1598 1836 1712 1907 offendi·

911 1941 974 1979 mas
985 1941 1079 1980 omnes
1096 1926 1174 1994 (loc.
1201 1941 1241 1991 ur,
1257 1927 1304 1996 tl);
1320 1932 1356 1990 et,
1383 1933 1410 1979 ut
1423 1925 1559 1995 Scriptura
1582 1925 1710 1992 ostendit,

910 2013 937 2066 in
949 2014 1054 2084 angelis
1065 2023 1173 2085 reperta
1181 2023 1221 2068 est
1230 2013 1350 2084 nequitia
1361 2015 1370 2083 (
1380 2015 1428 2069 lob
1438 2029 1475 2079 tv,
1493 2016 1537 2084 w)
1550 2032 1556 2077 ;
1573 2014 1595 2067 si
1612 2029 1711 2068 ueces-

911 2102 975 2157 sitas
991 2119 1050 2157 cum
1078 2103 1160 2156 multa
1189 2103 1384 2173 ponderatione
1408 2109 1488 2173 atque
1512 2101 1711 2157 examinatione

912 2191 1030 2261 coegerit
1045 2185 1189 2263 episcopos
1204 2192 1238 2246 ab
1253 2191 1389 2262 episcopis
1401 2190 1527 2259 judicari,
1538 2191 1580 2245 vel
1594 2190 1709 2262 presby-

910 2288 984 2335 teros
998 2280 1032 2334 ab
1049 2280 1184 2351 episcopis
1199 2295 1215 2335 a
1229 2280 1315 2351 gradu
1335 2279 1520 2335 ecclesiastico
1535 2279 1624 2347 dejici,
1641 2279 1711 2335 sicut

910 2368 938 2422 iu
947 2368 1137 2440 honoreatque
1146 2368 1389 2433 administratione,
1400 2367 1439 2423 sic
1448 2377 1473 2422 et
1480 2368 1509 2421 in
1518 2366 1710 2436 dijudicatione

910 2464 988 2528 atque
1021 2457 1200 2528 appellatione
1217 2502 1223 2523 ,
1240 2457 1432 2513 discretionem
1459 2456 1605 2512 auctoritas
1634 2471 1712 2511 sacra

910 2545 1041 2613 distinxit,
1068 2547 1228 2613 decernens,
1246 2555 1273 2600 ut
1294 2546 1317 2601 si
1344 2544 1492 2601 necessitas
1507 2553 1533 2599 et
1547 2545 1653 2615 pondus
1667 2545 1711 2599 le-

910 2634 981 2706 galis
997 2650 1029 2689 ac
1045 2635 1180 2706 regularis
1195 2635 1372 2690 accusationis
1388 2633 1481 2705 exigit,
1499 2633 1655 2704 episcopum
1663 2634 1710 2702 ju-

910 2722 995 2777 dicari
1022 2723 1122 2778 debere
1150 2738 1166 2778 a
1188 2722 1244 2776 suis
1256 2723 1392 2790 judicibus
1420 2721 1592 2791 episcopis,a
1613 2721 1711 2793 quibus

911 2810 1072 2883 regulariter
1093 2827 1147 2865 uua
1176 2827 1237 2867 cum
1264 2811 1379 2882 primate
1393 2809 1541 2882 provinciae
1563 2809 1650 2880 potuit
1664 2826 1711 2866 se-

910 2900 1029 2955 cuudum
1044 2899 1171 2956 Niceros
1186 2909 1212 2956 et
1227 2899 1410 2955 antiochenos
1424 2915 1544 2954 canones
1560 2906 1586 2953 et
1601 2898 1711 2955 decreta

912 2989 985 3043 sedis
999 2988 1129 3044 Romnum
1142 2988 1299 3061 pontificum
1314 2988 1444 3056 ordinari,
1473 2987 1650 3062 cougregatis
1660 3004 1713 3043 uua

63 3009 154 3078 quibus
169 3008 360 3079 principaliter
380 3010 496 3065 muudus
511 3011 554 3066 liic
583 3011 697 3082 regitur,
714 3011 860 3067 auctoritas
872 3053 896 3116 C
1023 3077 1028 3087 .
1191 3079 1196 3088 η
1237 3079 1241 3088 Ι
1284 3079 1288 3088 Ι
1327 3078 1332 3088 ⁴
1438 3076 1444 3088 ι
1485 3077 1490 3087 ,
1558 3077 1563 3088 ι
1635 3076 1641 3088 ¹

64 3112 134 3153 „m
159 3096 332 3168 pontificum,
349 3106 375 3153 ep
388 3099 490 3172 regalis
514 3108 645 3171 potestas,
670 3101 705 3156 ad
719 3115 787 3171 quas
809 3117 859 3172 ap,
912 3095 973 3133 cum
988 3086 1101 3149 primate
1122 3094 1268 3176 provinciae
1282 3095 1367 3149 ipsius
1386 3093 1507 3151 rcgtoms
1522 3094 1659 3177 episcoprs
1674 3092 1715 3132 se.

65 3187 153 3255 popm
182 3195 289 3258 potest,
318 3195 345 3242 ep
361 3204 376 3241 a
392 3188 491 3259 quibus
520 3205 600 3244 nemo
618 3189 783 3259 permittitur
811 3206 861 3260 ap,
912 3168 1030 3222 cundum
1061 3168 1237 3223 Sardrcenses
1265 3183 1393 3233 canonae,
1409 3175 1491 3237 atque
1517 3174 1712 3265 aconstrtuto,

65 3275 159 3343 pellere
194 3276 246 3330 sub
278 3274 365 3330 oculis
390 3276 505 3332 districti
533 3285 560 3332 et
588 3277 736 3348 {equissimi
761 3278 862 3347 judicis
909 3257 984 3325 jum
1000 3256 1227 3327 carthaginem
1252 3272 1382 3322 ⁰³⁰⁰¹¹e⁵⁹
1407 3255 1713 3355 du⁰d⁰⁰¹mep¹sf⁰p⁰'

68 3363 115 3432 llei,
131 3364 180 3436 qui
195 3363 256 3419 sine
270 3379 451 3435 personarum
467 3366 625 3436 acceptione
637 3365 750 3434 judicat,
772 3376 863 3421 nostra
912 3362 974 3442 rum
988 3361 1109 3444 ⁰⁰f¹¹⁰f⁰2
1128 3344 1149 3400 Si
1164 3345 1256 3416 Plums
1280 3344 1451 3416 ”eqnilesifl‘
1475 3359 1648 3416 ⁰⁰¹¹sss⁶g⁸s¹v
1665 3358 1712 3399 ⁰³·

68 3453 243 3519 ponderemus
260 3453 363 3522 judicia
382 3471 387 3506 :
403 3453 467 3524 quia
482 3454 533 3508 etsi
557 3455 716 3525 plerumque
744 3455 863 3510 existunt
913 3448 1009 3488 ¹¹⁰⁰¹⁰⁸
1022 3435 1169 3502 Jullffietur·

69 3537 126 3597 inter
147 3541 324 3614 negligentes
347 3541 390 3596 gel
411 3542 522 3598 desides
537 3543 646 3613 fratres,
664 3561 724 3615 quae
740 3553 863 3615 oporteat
950 3531 1018 3585 bffl.
1038 3531 1095 3585 «Ei
1110 3531 1133 3584 Si
1148 3530 1236 3585 isdem
1251 3538 1393 3586 accusatus
1408 3537 1434 3585 ei
1452 3530 1590 3599 judicatus
1604 3529 1714 3603 episco-

69 3632 160 3700 najore
170 3630 337 3686 auctoritate
346 3633 448 3697 curari,
463 3654 473 3682 r
493 3632 534 3687 sic
544 3641 634 3687 tamen
648 3642 699 3699 est,
712 3641 740 3687 ut
753 3642 863 3689 sauctus
912 3618 1574 3692 P⁰⁵r⁰0¹¹sssessflli⁵⁰l¹¹⁸demlesslfflisellisfflllb
1584 3620 1618 3674 (Ῑθ
1628 3619 1716 3691 gradu

71 3717 111 3774 leo
133 3720 202 3776 dicit
218 3723 274 3790 (ep.
301 3725 345 3786 88,
361 3721 397 3775 ad
411 3721 617 3791 elnastasiam'),
633 3722 786 3778 adhibenda
800 3738 863 3778 cor·
913 3706 1692 3779 ⁸1¹⁰delemus³P0510li⁰³fflsedefflilllllellal'sslib⁰30⁰¹1s
1709 3737 1717 3748 ·

71 3810 152 3874 tectio,
170 3818 201 3863 ut
229 3824 337 3878 semper
365 3809 399 3863 sit
418 3808 495 3865 salva
523 3809 644 3875 dilectio,
658 3819 686 3865 et
708 3811 769 3882 plus
798 3827 864 3883 erga
914 3797 984 3869 gerit
1008 3796 1042 3851 ad
1073 3797 1231 3868 ⁰Pi⁵⁰⁰l³¹¹f¹¹
1245 3796 1376 3852 R⁰m³¹¹ffl
1401 3795 1531 3852 E⁰⁰¹e⁵lae
1554 3797 1628 3852 “ab
1644 3812 1676 3852 ⁰⁰
1692 3795 1716 3853 ⁵³

72 3898 241 3970 corrigendos
256 3905 320 3968 agat
343 3897 534 3954 benevolentia
549 3915 629 3969 quam
644 3900 786 3965 severitas,
802 3901 864 3970 plus
913 3884 1000 3938 audiri
1015 3885 1131 3940 l'Olllsslil
1145 3894 1207 3956 P⁰Sl
1228 3885 1371 3954 judicium,
1384 3884 1460 3954 1⁰¹1&
1475 3884 1651 3940 Saldisseffies
1674 3901 1716 3941 ⁰³·

71 3985 210 4041 mhortatio
225 4000 308 4056 quam
318 3987 473 4053 commotio,
497 3987 559 4058 plus
575 3988 691 4042 charitas
713 4004 796 4059 quarn
811 4005 863 4059 po·
914 3989 1000 4029 ¹¹0ssssss
1016 3975 1106 4043 (⁶⁰²2ss
1128 3973 1222 4042 Sara,
1238 3990 1303 4030 ⁶0⁷¹·
1329 3976 1367 4043 7),
1382 3982 1408 4029 ei
1424 3974 1535 4030 decretl
1561 3972 1712 4029 1111100θῦῑῦ

71 4077 148 4130 tatas.
180 4096 193 4125 ι
221 4074 375 4146 Episcopos
403 4091 471 4131 sane
493 4076 522 4130 in
548 4092 598 4131 suo
622 4085 692 4132 statu
722 4086 864 4132 manentes
915 4063 950 4117 ad
963 4062 1130 4129 victricium,
1147 4071 1174 4118 et
1197 4061 1327 4119 Bouiiacii
1342 4063 1376 4117 ad
1388 4062 1544 4119 Gallicanos
1560 4063 1715 4134 episcopos

72 4159 147 4218 debita
162 4164 342 4220 venep-agone
365 4164 498 4230 colamus,
513 4173 568 4220 013
583 4165 667 4221 nobis
684 4166 724 4221 εἰ,
751 4181 864 4237 compe.
914 4160 941 4206 et
955 4151 1053 4207 Leonis
1069 4152 1104 4207 ad
1114 4153 1295 4218 anastasium,
1312 4151 1488 4208 scribendum
1503 4159 1544 4207 est
1556 4152 1590 4206 ab
1609 4152 1651 4206 his
1671 4151 1717 4222 qui

71 4253 123 4307 tenti
136 4251 245 4308 bonore
261 4253 395 4323 impense,
420 4253 527 4310 caeteris
539 4255 694 4325 exemplum
705 4255 865 4312 reverentiae
914 4256 1024 4297 causam
1048 4240 1237 4296 examinarunt
1260 4242 1383 4297 R0¹11³1¹⁰
1402 4240 1532 4310 l>011fis¹⁰b
1548 4241 1583 4295 Εῑ
1605 4240 1628 4295 Si
1640 4240 1716 4308 iudi·

72 4352 126 4413 epga
141 4340 658 4414 sacerdotalemordinemppaebeamus
673 4361 680 4399 :
698 4344 762 4416 quja
775 4345 800 4400 εἰ
814 4360 864 4400 nos
915 4329 1018 4385 caverit
1042 4330 1230 4385 renovandum
1246 4344 1307 4384 esse
1333 4329 1474 4398 judicium,
1506 4336 1670 4394 renovetur,
1688 4336 1716 4384 et

71 4441 166 4485 eorum
191 4430 319 4485 minem
346 4431 374 4485 jn
401 4431 529 4502 personis
550 4448 645 4488 eorum
659 4412 897 4503 vilipendimugD
914 4419 959 4473 det
971 4418 1098 4487 judices;
1114 4418 1136 4472 si
1147 4427 1237 4473 autem
1252 4418 1410 4489 probaverit
1432 4417 1514 4472 talem
1529 4432 1640 4472 causam
1653 4431 1715 4472 essa

70 4517 104 4585 qui
118 4502 193 4575 rel‘ut
221 4518 251 4572 iu
274 4518 397 4589 speculo,
415 4519 448 4574 ad
471 4522 634 4576 sumendum
654 4521 819 4592 exemplum,
835 4523 864 4577 in
914 4524 1009 4571 utnon
1024 4513 1185 4570 refricentur
1201 4530 1310 4587 eaquae
1326 4523 1387 4570 acta
1401 4523 1473 4583 sunt,
1491 4529 1550 4585 quae
1561 4511 1716 4568 decreuerit

71 4607 188 4673 tunium
207 4607 253 4678 qui
278 4607 394 4677 subjecti
422 4609 501 4664 uobis
515 4619 587 4676 suat,
604 4611 690 4666 oculis
717 4611 799 4682 positi
814 4627 863 4666 sn·
913 4602 1071 4660 confirmata
1086 4612 1175 4659 erunt.
1194 4604 1265 4659 Etsi
1287 4605 1390 4674 justum
1403 4603 1541 4674 putaverit
1555 4610 1584 4655 ut
1597 4615 1717 4656 renove-

71 4708 128 4762 mus,
143 4711 196 4768 pro
212 4703 351 4751 tantorum
365 4698 483 4769 culpisa
503 4699 627 4755 districto
639 4699 740 4768 judice,
757 4716 863 4757 summa
913 4701 956 4748 tur
969 4709 1093 4760 examen,
1118 4693 1238 4749 scribere
1254 4692 1296 4748 his
1320 4693 1447 4766 dignetur
1462 4690 1609 4762 episcopis,
1625 4689 1715 4762 quiin

71 4783 183 4842 tidelicet
198 4783 329 4856 pontifice
344 4794 370 4842 et
390 4803 457 4859 rege
472 4803 567 4860 regum
576 4787 787 4857 dijudicabimur
798 4798 864 4861 quot
912 4780 1026 4838 finitima
1041 4791 1068 4838 et
1081 4783 1234 4854 propinqua
1245 4782 1385 4852 prouincia
1401 4790 1472 4850 suut,
1489 4789 1518 4835 ut
1533 4779 1586 4850 ipsi
1601 4779 1715 4852 diligen·

70 4881 150 4929 nostro
165 4873 240 4930 lacto
255 4874 441 4946 delinquendi,
465 4876 538 4947 quod
548 4876 628 4941 absit,
646 4877 768 4949 exempla
792 4894 863 4948 prae-
912 4881 953 4926 ter
974 4872 1085 4928 omnino
1109 4872 1257 4942 requirant,
1272 4878 1297 4924 et
1309 4870 1385 4939 juxta
1409 4868 1489 4924 tidem
1504 4868 1625 4924 veritatis
1642 4867 1713 4923 deti-

71 4958 207 5019 buerimus.
232 4963 308 5019 Sicut
331 4965 404 5021 idem
429 4965 524 5020 beatus
546 4965 699 5038 Gregorius
715 4966 743 5021 in
759 4967 863 5039 Regula
912 4961 995 5015 niani·
1012 4959 1092 5028 Qss0d
1107 4959 1130 5014 Si
1143 4959 1166 5014 1³
1182 4959 1227 5030 lui
1242 4965 1319 5029 l⁰ss³¹
1333 4973 1444 5012 elusam
1460 4973 1537 5012 suam
1561 4957 1650 5013 audiri
1664 4956 1714 5012 5¹0·

69 5052 185 5118 pastorali
197 5051 358 5108 terribiliter
370 5053 475 5109 intonat
489 5054 584 5110 dicens
601 5056 719 5125 (parer,
736 5072 798 5125 cap,
813 5058 860 5126 5);
912 5066 991 5118 rura,
1007 5048 1198 5121 deprecatione
1214 5063 1264 5102 sua
1293 5046 1408 5101 moverit
1431 5046 1589 5118 episcopum
1613 5048 1713 5102 Roma·

73 5159 80 5188 t
104 5141 180 5196 Scire
208 5141 311 5197 etenim
336 5143 439 5213 praelaii
463 5143 577 5202 debent,
595 5143 656 5215 quia
678 5143 701 5199 si
730 5159 862 5214 perversa
911 5155 987 5206 num,
1003 5146 1032 5192 ut
1046 5155 1060 5193 e
1076 5138 1222 5193 laberesuo
1237 5134 1427 5206 presbyterum
1449 5135 1545 5204 millai,
1561 5134 1612 5190 erit
1627 5134 1654 5188 in
1668 5149 1715 5205 po·

69 5243 177 5302 uuquam
203 5239 370 5302 perpetrant,
387 5239 427 5286 tot
447 5232 580 5287 mortibus
609 5232 684 5304 digni
706 5240 779 5302 suut,
796 5241 862 5305 quot
911 5235 1005 5282 testate
1035 5225 1168 5296 episcopi,
1186 5231 1212 5278 et
1241 5222 1306 5295 quid
1321 5224 1394 5292 uelit,
1411 5232 1438 5280 et
1456 5224 1658 5296 quidaestirnet.
1676 5222 1711 5277 Et

68 5318 95 5371 td
118 5319 242 5375 subditos
266 5335 332 5375 suos
355 5321 514 5391 perditionis
528 5321 651 5391 exempla
666 5321 860 5377 transmittunt.
911 5316 934 5370 si
957 5314 1109 5370 decreverit
1132 5312 1278 5368 Πῑίῑῖθῦἂῡδ
1300 5329 1371 5382 8⁸³0,
1407 5313 1452 5384 <lui
1472 5319 1620 5383 ltraesessles
1648 5328 1712 5368 cum
1777 5309 1780 5313 ’

68 5403 135 5461 Unde
150 5423 265 5463 necesse
280 5415 331 5474 est,
349 5416 379 5462 ut
393 5417 467 5464 tante
482 5425 512 5465 sc
527 5409 656 5464 cautiusa
671 5409 749 5480 culpa
771 5419 861 5467 custo·
911 5401 1047 5474 episcopis
1069 5401 1208 5471 judicent,
1238 5401 1371 5457 habentes
1398 5402 1456 5470 ejus
1483 5399 1673 5456 flucl⁰ril³iem
1694 5417 1710 5456 θ

65 5493 141 5565 diant,
158 5507 260 5569 quanto
284 5513 334 5569 per
346 5511 432 5568 prava
447 5515 506 5570 quae
529 5497 640 5568 iaciunt,
664 5515 719 5556 non
735 5499 786 5556 soli
799 5515 861 5555 mo·
911 5516 965 5573 quo
975 5497 1101 5556 destinati
1116 5505 1189 5567 sunt,
1206 5498 1257 5556 erit
1268 5500 1296 5556 iu
1311 5515 1361 5557 suo
1375 5496 1496 5555 arbitrio.
1514 5497 1544 5554 Si
1567 5513 1633 5555 vero
1649 5514 1708 5554 cre·

310 5595 432 5652 Peraea.
449 5595 570 5655 CXXVI.
1479 5600 1495 5650 8
