3794 6104
136 216 170 274 tt
563 217 732 274 lttttcttxttl
751 217 950 275 llllEleNSlS
974 220 1249 277 tuemurrscort
1713 231 1766 282 tat

120 341 274 399 commuuio
288 342 441 413 petentibus
454 358 508 398 non
531 350 656 414 negetur.
682 342 738 397 Eos
765 350 854 397 autern
869 343 915 415 qui
931 350 960 409 Α
970 345 1025 415 lial,
1040 360 1091 403 nec
1106 361 1169 416 pars
1184 360 1245 402 esse
1260 345 1341 403 debet
1355 347 1429 404 fldeli
1454 363 1516 404 eum
1531 347 1658 415 infideli,
1680 351 1766 408 donee

95 429 152 487 ,de
166 430 334 485 llbemorum
348 430 460 486 dioecesi
487 445 541 487 non
573 439 643 495 sunt,
679 445 730 485 nee
760 431 916 500 specialiter
967 433 1080 489 consilio
1095 442 1121 489 et
1131 433 1235 503 judicio
1261 450 1357 491 eorum
1383 451 1500 509 quorum
1515 437 1641 508 interest,
1659 439 1718 495 Deo
1740 448 1767 495 et

118 533 295 581 sunlnostroe
309 543 381 582 curae
409 526 557 594 commissi,
587 535 777 583 etmemorata
802 527 915 582 malain
967 530 1067 577 sanclae
1080 521 1212 593 Ecclesiae
1226 522 1401 579 stlisfacianl.
1415 525 1448 579 Et
1462 525 1526 597 quia
1541 525 1727 583 essentialiter
1736 543 1767 584 ttc

119 609 221 666 nostris
234 611 369 681 parochiis
392 613 594 679 commiserunt,
623 610 656 664 ab
689 610 793 666 eisdem
815 611 916 666 nostris
967 625 1072 666 summe
1087 610 1174 665 bonus
1184 618 1287 682 pastor,
1305 612 1351 683 qui
1375 612 1493 667 animam
1520 628 1600 668 suam
1614 615 1706 685 posuit
1720 630 1768 686 pre

121 696 266 769 parochiis,
281 706 344 769 post
358 714 376 753 v
391 698 453 753 ldus
480 698 588 754 blartias
606 698 748 769 presentis
763 706 865 769 quartae
880 699 917 752 in·
966 697 1063 755 eribus
1073 698 1139 763 suis,
1156 699 1293 753 neminem
1321 700 1378 755 vult
1391 700 1493 770 perire,
1511 708 1538 757 et
1551 702 1628 758 veuit
1644 719 1767 773 quaerere

122 785 259 852 drctionis,
275 788 298 841 si
313 803 342 841 se
356 795 434 841 antea
448 802 503 842 non
526 787 702 851 correxerint,
734 787 918 842 exeommuni·
967 793 994 840 et
1009 784 1113 841 salvum
1128 785 1216 841 faeere
1231 787 1302 858 quod
1321 787 1448 858 perierat,
1464 788 1583 845 ostendit
1603 789 1685 846 nobis
1699 791 1767 846 tiam

122 883 197 929 catos
211 890 272 930 esse
288 874 468 942 decrevimus,
484 891 516 930 eo
531 883 626 929 tenore
641 884 670 930 ut
684 875 783 929 nullam
810 875 918 945 partict-
969 889 1049 946 quam
1066 889 1223 944 sequamur,
1240 882 1266 930 et
1281 874 1394 930 formam
1408 877 1451 931 cui
1465 876 1768 948 imprimamur,deeer·

122 961 259 1032 parionem
273 964 300 1016 in
315 962 364 1029 eis,
383 963 426 1019 vel
449 963 477 1016 in
504 962 694 1018 communione
722 962 917 1029 ecclesiastica,
969 963 1068 1029 nimus,
1085 970 1113 1018 ut
1123 962 1145 1016 si
1160 962 1230 1017 forte
1250 963 1278 1017 in
1305 964 1472 1034 praescriptis
1500 965 1640 1035 parochiis
1670 968 1769 1023 nostris

122 1049 166 1106 vel
180 1049 208 1103 in
224 1051 352 1106 societate
367 1050 469 1105 Christi
484 1049 603 1106 fidelium
621 1051 699 1105 uobis
710 1051 919 1105 coturnissorum
969 1049 1097 1121 cuiquam
1110 1049 1218 1105 illorum
1228 1051 1372 1107 imminens
1382 1051 1503 1126 urgentis
1517 1053 1662 1109 mortis...

122 1137 248 1206 habeant,
261 1139 323 1211 quia
337 1139 410 1194 nulla
423 1139 592 1210 participatio
611 1148 651 1194 est
680 1139 780 1194 Christi
794 1155 855 1194 curn
870 1140 920 1193 lle-

704 1456 1165 1588 lttdctdltltt

743 1660 951 1711 nueltlssrlscort
971 1661 1129 1701 altetlENSls

164 1775 795 1940 OPUSOULA
878 1782 1029 1934 ET
1113 1779 1751 1941 EPISTOLAE

817 2004 1090 2072 ommfflm

476 2129 539 2204 AD
576 2129 770 2204 CAUSAM
801 2130 1035 2204 HINCMARI
1065 2129 1406 2202 LAUDUNENSIS.

228 2408 398 2467 EPlSTOLA
417 2409 587 2465 HINCllAlll
605 2408 806 2467 llllEllENSlS
887 2404 891 2413 '
935 2410 1110 2484 Bintelligis.
1128 2410 1278 2466 bertricum
1300 2408 1391 2477 etiam,
1417 2410 1503 2481 ipsius
1531 2412 1623 2468 Nivini
1646 2413 1768 2483 fratrem,

972 2498 1188 2572 frequentissime
1202 2499 1236 2553 de
1265 2498 1406 2554 adulteriis
1429 2506 1456 2555 et
1468 2499 1530 2555 aliis
1545 2501 1659 2557 incestis
1684 2503 1770 2574 pollu-

296 2558 333 2597 ΑΒ
352 2556 517 2598 mmmm
535 2556 750 2598 mmmm
971 2588 1088 2644 tionibus
1104 2586 1267 2659 regulariter
1295 2595 1458 2657 correptum,
1475 2596 1501 2642 et
1524 2604 1579 2644 nou
1603 2598 1769 2662 correptum,

26 2722 36 2735 s.
124 2675 398 2747 certamenque
413 2676 504 2745 tratre
520 2677 654 2741 bertrico,
680 2693 746 2747 quer
766 2677 922 2732 ataceleri-
971 2676 1107 2732 etdiutius
1122 2676 1273 2741 toleratum,
1303 2683 1382 2748 atque
1397 2684 1457 2731 uta
1478 2677 1770 2746 pravitatibussuisse

184 2746 233 2803 ful
248 2747 401 2817 infamem
414 2746 549 2816 flamma
564 2746 856 2818 Rhfmfnff‘fjssfffm·
972 2765 1112 2821 cohiberet
1126 2771 1308 2835 expectatum,
1325 2764 1452 2834 quoniam
1467 2780 1482 2818 a
1497 2765 1553 2819 suis
1581 2765 1769 2839 iniquitatibus

238 2858 318 2916 (apud
328 2858 463 2915 strmoud,
479 2869 509 2904 ex
520 2859 605 2905 eodtce
618 2859 793 2914 laudunensi.)
972 2869 1034 2908 eum
1047 2867 1174 2908 coercere
1185 2867 1239 2906 uon
1253 2851 1338 2923 potui,
1360 2852 1423 2923 quia
1446 2868 1501 2908 non
1516 2860 1557 2908 est
1577 2854 1613 2910 de
1628 2871 1690 2909 mea
1704 2871 1767 2927 pro·

971 2941 1068 3009 vincia,
1086 2957 1101 2995 a
1116 2955 1178 2995 mea
1200 2940 1329 3010 parocbia
1343 2940 1506 3011 regulariter
1526 2942 1602 2998 exire
1627 2959 1692 2999 cunr
1715 2945 1767 3000 suis

971 3029 1097 3100 praecepi.
1116 3028 1183 3098 Quae
1197 3028 1255 3098 tibi,
1279 3029 1346 3083 sieut
1366 3028 1436 3083 sacri
1454 3030 1618 3102 precipiunt
1641 3048 1766 3099 canones,

972 3126 1034 3173 uota
1050 3117 1139 3173 facore
1163 3117 1317 3187 procuravi.
1333 3118 1401 3172 Data
1416 3117 1508 3172 ldibus
1534 3118 1693 3177 Februariis
1707 3137 1768 3192 prae

972 3206 1056 3261 sentis
1070 3206 1156 3261 tertiae
1175 3204 1340 3260 indictionis.

160 2982 324 3036 llmertxuus
338 2978 501 3035 Rhemorum
511 2979 655 3050 episcopus
665 2980 812 3035 llrncxxno
827 2980 920 3050 coepi·

125 3084 209 3140 scopu
223 3074 315 3123 nostro
329 3067 454 3122 salutern.

158 3155 273 3211 Nirinus
287 3155 315 3209 in
324 3155 450 3225 parocbia
465 3170 526 3209 mea
541 3154 673 3226 sacrilega
688 3154 798 3211 infamia
812 3164 853 3210 est
868 3155 921 3211 dif-

123 3244 242 3300 famatus
256 3242 291 3297 de
318 3242 435 3313 quadarn
464 3243 669 3312 sanctimoniali,
699 3244 732 3297 ab
760 3243 871 3298 infautia
894 3244 922 3299 in

125 3330 291 3387 monasterio
305 3331 363 3386 Deo
384 3330 481 3397 dicata,
498 3340 524 3385 et
543 3346 559 3385 a
574 3331 715 3387 sacerdote
732 3332 831 3396 relata,
849 3333 922 3404 qnod
1056 3327 1227 3385 EPlSTOLx
1246 3328 1416 3384 HlNCldAlll
1436 3330 1684 3389 anbUNENsts

124 3419 246 3477 clanculo
261 3435 320 3475 cam
334 3419 409 3490 prius
434 3419 595 3490 corruperit,
625 3429 651 3475 et
676 3429 772 3492 postea
800 3421 834 3475 ab
856 3421 922 3491 ipsis
1145 3449 1181 3488 A„
1201 3448 1366 3489 „mmm
1385 3449 1571 3492 mmm,

126 3507 281 3565 monasterii
297 3507 420 3564 claustris
435 3507 524 3562 furtim
545 3508 622 3564 educi
638 3508 739 3576 fecerit,
756 3517 783 3564 et
796 3509 824 3564 in
839 3524 922 3580 paro·
973 3536 1079 3603 Puram
1093 3532 1226 3587 pipinum
1250 3547 1331 3602 ,eque
1355 3533 1447 3603 ,psum
1464 3535 1494 3587 gn
1518 3534 1580 3603 eju,
1609 3538 1729 3606 mogo,
1744 3540 1766 3592 ep

124 3597 185 3654 chia
193 3612 253 3652 mea
268 3595 423 3669 aliquandiu
444 3597 535 3650 multis
562 3597 709 3652 scientibus
735 3598 868 3663 habuerit,
890 3612 924 3653 ac
1093 3604 1279 3658 ilincmarum
1289 3600 1663 3677 llltemensemperatrinpa't.

126 3686 236 3742 demum
249 3684 362 3740 latenter
389 3685 417 3739 in
441 3685 551 3740 alteram
576 3686 744 3755 provinciam
772 3685 922 3741 abduxerit.
1055 3699 1133 3767 (Vide
1149 3699 1312 3772 Patrologiae
1326 3699 1526 3767 toncxxltl,
1543 3701 1599 3756 col.
1621 3705 1697 3765 979.)

126 3773 204 3830 Unde
220 3772 398 3845 recogitandi,
413 3773 470 3827 sire
481 3773 513 3827 ad
537 3788 638 3827 noxam
653 3772 842 3839 confitendam,
868 3772 925 3828 sive
941 3764 965 3827 C
1081 3799 1249 3868 EPISToLA
1270 3814 1440 3869 HINCMARI
1459 3812 1663 3872 RHEMENfflS

126 3862 160 3916 ad
174 3860 313 3916 infamiam
324 3875 400 3915 suam
422 3861 602 3931 purgandam,
620 3860 644 3915 ei
662 3861 765 3931 legales
779 3876 811 3916 ae
839 3877 924 3931 regu·
1146 3932 1181 3971 AD
1200 3933 1365 3974 mmmm
1384 3933 1601 3976 LAUDUNENSEM·

126 3949 200 4004 lares
209 3949 322 4005 oonsilio
346 3956 373 4003 et
400 3961 535 4003 consensu
563 3947 725 4003 clericorum
748 3964 780 4003 ac
795 3948 924 4003 nobilium

127 4037 259 4095 laieorum
283 4045 437 4092 nostrorum
467 4036 590 4090 inunctas
614 4036 695 4091 aeui:
713 4037 760 4111 sea
788 4036 846 4107 ipse
874 4051 925 4091 nec
1106 4016 1637 4089 rnreraeauproriualtsopruapuro.

127 4123 249 4182 confiteri
264 4131 416 4195 peceatum,
432 4139 483 4179 nee
502 4123 536 4177 ab
549 4123 661 4179 infamia
676 4140 705 4180 se
721 4140 839 4195 purgare
853 4124 926 4196 lega·
1187 4113 1229 4167 (ΕΚ
1241 4111 1307 4157 *⁰²5⁸
1320 4120 1390 4167 W·
1402 4112 1453 4157 ⁰⁰⁰¹
1472 4111 1568 4167 ΜΝ)

127 4212 336 4285 literaequievit.
366 4211 547 4283 Quapropter,
578 4212 640 4282 quia
668 4227 721 4267 uon
752 4220 792 4267 est
814 4213 847 4266 de
863 4228 926 4268 mea
1010 4211 1182 4276 llrs'uuxnuS,
1205 4210 1366 4266 Rbemorum
1389 4210 1545 4280 episeopus,
1572 4211 1723 4268 ercuxuo
1737 4210 1770 4267 di·

128 4300 279 4372 provincia,
307 4300 415 4356 illuma
437 4317 497 4356 mea
526 4300 656 4370 parochia
683 4300 923 4366 excommunicari,
976 4301 1046 4355 lecto
1060 4298 1137 4353 fratri
1162 4307 1188 4353 et
1215 4298 1364 4354 venerabili
1379 4297 1542 4370 coepiscopo
1571 4308 1676 4371 nostro,
1706 4301 1771 4356 salu·

129 4390 216 4445 donec
230 4397 274 4443 aut
285 4387 469 4454 confiteretur,
482 4395 529 4443 aut
544 4404 574 4443 se
589 4387 624 4442 ab
638 4389 753 4457 objectis
782 4397 923 4461 purgaret.
976 4396 1039 4442 tem.

128 4478 208 4534 Nune
223 4493 288 4533 vero
311 4476 396 4533 dicia
418 4477 511 4530 multis
532 4477 613 4532 audio
633 4477 762 4549 quoniam
788 4477 815 4531 in
842 4477 926 4531 altera
1011 4476 1104 4531 Frater
1116 4472 1269 4530 Clarentius
1297 4473 1448 4530 communis
1464 4475 1671 4547 compresbyter
1685 4484 1771 4533 noster

129 4567 268 4640 provincia
282 4581 327 4620 res
341 4565 514 4636 proprietatis
525 4581 580 4620 suae
593 4565 620 4620 in
635 4567 794 4636 pretiumab
808 4566 924 4623 coacci-
975 4563 1008 4618 ad
1023 4579 1067 4618 me
1082 4562 1194 4618 veniens
1209 4578 1242 4617 ex
1267 4570 1312 4617 tua
1335 4571 1412 4633 parte
1435 4562 1502 4618 mihi
1523 4562 1600 4630 dixit,
1627 4565 1693 4636 quia
1706 4563 1775 4621 fratri

128 4656 196 4727 pias,
212 4662 239 4711 et
253 4654 292 4708 illi
307 4670 350 4710 res
365 4667 397 4709 ac
420 4652 560 4708 facultates
587 4654 797 4719 ecclesiasticas,
815 4670 883 4725 quas
899 4654 926 4708 iu
976 4650 1092 4707 Hadulfo
1106 4651 1331 4721 compresbytero
1345 4659 1436 4707 nostro
1451 4650 1621 4706 missaticum
1650 4660 1727 4708 tuum
1741 4653 1772 4708 ad

67 4774 70 4779 ·
131 4742 300 4801 ordinatione
314 4740 463 4814 episcopali
483 4741 517 4795 ad
545 4741 697 4813 regendum
719 4749 744 4797 et
765 4741 926 4814 regulariter
975 4739 1142 4812 witgarium
1179 4738 1335 4809 episcopum
1378 4737 1413 4794 de
1454 4739 1561 4795 civitate
1589 4741 1773 4813 Augustibure

130 4830 342 4900 dispensandum
355 4831 413 4885 sine
427 4829 514 4901 pretio
540 4829 692 4900 suscepisti,
709 4830 743 4884 ad
757 4829 842 4899 turpis
857 4830 925 4884 lucri
975 4827 1156 4899 (Atrprbourq)
1178 4842 1229 4898 pro
1244 4825 1315 4882 libro
1331 4825 1430 4881 Paterii
1440 4834 1466 4881 et
1481 4826 1540 4882 aliis
1565 4843 1626 4898 quae
1651 4829 1701 4884 tibi
1716 4830 1775 4901 pla-

130 4916 272 4989 praemium
288 4918 315 4971 iu
330 4916 490 4974 beneficium
504 4917 601 4973 dones.
614 4917 693 4986 Quod
708 4917 773 4972 satis
788 4932 925 4988 superque
975 4922 1088 4973 cuerunt
1102 4913 1283 4980 commiseris,
1294 4914 1392 4985 dequo
1407 4914 1544 4969 missatico
1560 4911 1616 4970 nou
1632 4931 1662 4971 se
1679 4932 1778 4973 excon-

128 5012 283 5060 sauetarum
312 5004 511 5075 scripturarum
533 5005 687 5062 auctoritati
711 5004 884 5070 contrarium,
900 5013 927 5060 et
976 5005 1050 5058 dixit.
1069 5005 1167 5058 Postea
1190 5017 1255 5060 vero
1280 5003 1377 5057 audisti
1407 5003 1479 5074 quod
1507 5003 1535 5057 in
1548 5004 1618 5058 alias
1632 5013 1728 5076 partes
1738 5006 1777 5062 ire

130 5107 266 5150 canonum
285 5099 329 5147 est
342 5107 479 5148 saeromm
498 5094 616 5151 decretus
630 5093 775 5148 adversum
792 5111 799 5147 :
816 5092 875 5148 etsi
889 5092 925 5147 ite
939 5091 1066 5181 Dvellet,
1087 5099 1113 5147 et
1129 5091 1226 5145 misisti
1248 5107 1299 5161 pro
1324 5107 1357 5146 cu
1385 5091 1516 5147 mandans
1531 5091 1570 5146 illi
1585 5107 1636 5162 per
1649 5093 1779 5150 clericum

127 5191 176 5247 est,
198 5188 228 5236 ut
245 5178 348 5252 passim
363 5179 485 5234 amultis
500 5183 622 5239 cleliam
637 5181 746 5252 publice
766 5181 792 5235 in
808 5179 924 5251 publicis
975 5190 1049 5235 tuum
1064 5197 1097 5235 ex
1126 5180 1217 5236 divina
1231 5187 1258 5235 et
1286 5180 1435 5251 episcopali
1459 5181 1630 5250 auctoritate,
1655 5190 1685 5237 ut
1704 5184 1739 5239 ad
1754 5191 1780 5240 te

127 5269 233 5340 placitis
247 5268 409 5342 divulgatur,
422 5275 549 5338 quantum
564 5269 713 5340 periculum
726 5285 758 5326 ac
772 5269 923 5324 detrimen·
975 5268 1084 5334 rediret,
1101 5276 1127 5324 et
1144 5267 1264 5323 direxisti
1277 5267 1402 5324 homines
1412 5276 1472 5324 tuos
1488 5267 1534 5340 qui
1548 5284 1621 5335 eum,
1652 5269 1677 5325 si
1692 5271 1781 5328 redire

130 5365 186 5411 tum
214 5357 277 5412 inde
313 5358 447 5422 incurras,
491 5364 674 5430 quantamque
705 5358 928 5429 vituperationem
978 5357 1071 5424 nollet,
1088 5356 1122 5412 ad
1138 5366 1164 5412 te
1173 5357 1343 5413 reducerent.
1360 5358 1479 5413 Veniens
1493 5372 1560 5414 vero
1571 5357 1606 5412 ad
1622 5365 1697 5414 tuam
1708 5376 1781 5433 pre-

131 5444 293 5501 sacerdotali
323 5444 473 5503 ministerio
513 5445 632 5516 ingeras,
671 5447 694 5505 ai
723 5463 820 5505 sanum
856 5446 928 5518 sapis
978 5445 1103 5515 sentiam,
1117 5462 1171 5502 uun
1186 5445 1226 5502 sic
1240 5445 1667 5518 humilitertibiresponditsicut
1683 5448 1785 5505 debue-
