3794 6104
54 251 101 306 uc
408 242 530 303 orusc.
551 242 597 298 ιιι
624 240 733 298 rrrsr.
758 239 795 294 nr
822 236 937 295 causa
963 234 1136 293 amemur
1163 230 1316 292 ιιιιιιιιιι.
1648 214 1709 287 ιιι·

57 390 125 429 rum
140 372 180 442 (tl
194 374 259 442 liep.
276 370 337 440 ιιι).
353 368 387 425 Et
408 367 461 425 alin
484 366 603 439 plurima
623 382 685 438 que
703 363 742 420 illi
755 364 859 434 impro·
872 361 901 422 A
913 360 1032 417 exterius
1043 360 1199 432 proliciunt,
1215 359 1280 414 rnde
1294 357 1330 413 nb
1346 354 1447 438 intimis
1462 354 1573 411 cadunt.
1583 351 1705 409 dmultis

57 469 142 533 perat,
169 459 301 531 quoniam
322 465 384 529 post
406 455 567 527 multiplicia
590 455 663 510 done
684 453 806 527 graviter
828 451 856 505 in
908 449 981 504 euim
993 448 1102 515 dicitur,
1118 447 1250 520 quodvis
1268 445 1358 518 pauci,
1374 453 1421 500 aut
1436 443 1527 515 potius
1541 441 1610 497 uuili
1634 440 1708 513 apud

57 564 116 605 eum
131 548 193 603 siue
207 553 336 617 respectu
351 551 520 616 peccaverat.
546 544 618 615 Lege
640 542 769 613 epistolas
783 538 858 594 Pauli
907 543 933 589 te
944 533 1073 605 quiddam
1088 531 1224 598 beneficii,
1240 531 1292 586 nisi
1306 528 1410 601 praemii
1425 528 1537 584 datione
1559 525 1707 599 praevalent

57 637 89 692 ad
104 635 263 692 Corinthios
277 641 304 689 et
318 633 353 688 ed
368 632 490 698 Galatas,
506 640 533 687 et
547 632 611 687 hinc
625 629 791 686 sufficienter
813 627 858 682 in-

59 725 161 781 venies.
176 723 247 779 Nam
262 729 376 793 quatuor
389 720 508 791 legimus
535 719 641 790 species
664 715 857 788 arrogantium,

58 829 117 870 cum
132 820 180 867 eut
195 811 298 866 bonum
314 825 344 864 se
359 816 453 880 putant
467 823 484 863 a
499 824 528 863 se
544 808 645 863 habere
659 806 732 878 quod
745 805 857 871 hubent,

59 909 99 957 aut
115 916 169 973 pro
193 898 300 954 meritis
323 897 381 952 suis
404 913 434 953 se
457 897 559 952 hebere
581 895 654 967 quod
676 894 785 960 habent,
814 900 860 948 aut

59 979 271 1054 singularitem
287 977 388 1033 habere
402 976 476 1049 quod
490 976 600 1041 habeut,
617 982 663 1030 uut
677 990 735 1046 prae
753 973 860 1029 caeteris

59 1085 87 1124 se
98 1067 206 1122 habere
220 1066 293 1140 quod
308 1065 417 1119 babent.
428 1064 470 1120 Ab
479 1063 657 1120 hisomuibus
667 1071 800 1118 cortuum
809 1076 859 1116 cu-

59 1155 219 1224 stodi,juxta
229 1154 304 1228 quod
317 1152 449 1223 scriptum
464 1159 506 1208 est
522 1168 529 1207 ε
547 1152 630 1208 Omni
642 1152 770 1208 custodio
781 1165 861 1206 seruc

907 621 1028 678 obtinere
1045 637 1052 674 ε
1067 622 1138 694 quod
1154 621 1221 676 satis
1235 635 1373 691 superque
1398 625 1556 673 sanctarum
1582 613 1706 687 Scriptu-

908 724 1001 765 rarum
1016 708 1168 766 auctoritati
1182 707 1360 774 contrarium,
1377 714 1404 762 et
1432 719 1567 761 canonum
1593 710 1636 759 est
1659 717 1706 757 sa-

908 812 1018 854 crorum
1052 796 1171 853 decretis
1198 795 1354 861 adversum,
1383 800 1413 849 ut
1437 809 1484 850 res
1513 800 1539 848 et
1566 790 1709 847 facultates

908 885 1118 952 ecclesiasticus,
1144 900 1213 957 quas
1240 885 1268 939 iu
1297 883 1466 940 ordinatione
1499 879 1649 953 episcopali
1671 879 1707 936 ad

908 974 1059 1047 regendum
1075 981 1102 1029 et
1117 973 1280 1045 regulariter
1298 971 1512 1044 dispensandum
1542 969 1602 1025 sine
1619 967 1708 1039 pretio

909 1062 1064 1134 suscepisti,
1094 1061 1129 1117 ad
1159 1061 1247 1132 turpis
1274 1061 1342 1116 lucri
1381 1059 1525 1132 praemium
1551 1058 1580 1114 in
1603 1054 1707 1113 benefi-

909 1152 982 1209 cium
1020 1151 1118 1217 dones,
1154 1164 1217 1207 cum
1250 1147 1350 1204 Paulus
1392 1147 1532 1219 apostolus
1568 1146 1628 1202 Tito
1655 1145 1707 1200 de·

911 1241 1033 1298 scribens
1068 1237 1159 1311 qualis
1193 1236 1292 1293 debeat
1328 1250 1390 1292 esse
1433 1236 1594 1307 episcopus,
1636 1232 1709 1290 inter

65 1260 110 1301 cor
121 1248 216 1309 tuum,
233 1243 368 1316 quoniam
380 1257 418 1297 ec
428 1242 488 1313 ipso
498 1241 557 1298 trita
568 1241 696 1314 procedit
709 1240 801 1310 (Prou.
809 1237 859 1309 ιι).

911 1328 966 1385 alia
993 1329 1068 1384 dicet
1085 1343 1092 1383 :
1111 1327 1234 1400 Oportet,
1279 1324 1418 1396 iuquiens,
1452 1325 1611 1396 episcopum
1646 1324 1710 1379 sine

376 1391 489 1449 CAPUT
504 1392 545 1448 LI·
911 1419 1097 1474 crimineesse
1106 1414 1238 1471 smulDet'
1247 1411 1706 1486 dispensatorem,rtoresuperbum,

53 1501 225 1567 'dormiit
236 1516 298 1574 Μ
307 1515 326 1557 ‘⁸
335 1500 447 1557 clericis
457 1502 486 1556 0²
497 1497 860 1570 laicieexieerssdt'cebsswr·
911 1522 968 1562 reon
979 1504 1159 1571 iracundum,
1172 1503 1423 1566 cruciamentum,
1435 1516 1493 1557 nort
1504 1515 1708 1571 percussorem,

92 1608 200 1665 Dicitur
214 1615 241 1662 et
255 1622 271 1661 a
285 1605 388 1673 multis,
404 1605 478 1678 quod
492 1612 519 1661 et
533 1604 650 1661 clericos
674 1611 700 1658 et
714 1603 798 1658 laicos
815 1600 863 1657 tibi
911 1605 969 1646 nott
980 1589 1073 1661 turpis
1086 1588 1159 1644 lttcrt‘
1178 1586 1313 1659 cupidum
1337 1586 1405 1655 (rit.
1429 1584 1461 1656 ι).
1485 1584 1521 1638 Ει
1548 1583 1614 1638 item
1637 1582 1711 1639 idern

63 1695 227 1752 commissos
240 1694 269 1749 in
283 1693 376 1750 multis
390 1693 494 1750 exeniis
505 1708 556 1764 per
571 1692 693 1748 diversus
705 1690 863 1746 occasiones
877 1686 992 1776 Bdicit:
1003 1685 1131 1742 trauca
1145 1700 1206 1757 pune
1217 1687 1261 1739 est
1274 1683 1414 1740 tuburum
1421 1683 1543 1738 servitus
1558 1680 1671 1753 (Epicu.
1680 1693 1708 1746 ιι,

61 1799 168 1856 graves,
193 1783 268 1855 quod
283 1790 393 1839 sanctus
407 1783 462 1839 Leo
476 1796 548 1853 papa
562 1795 617 1836 non
641 1779 796 1836 christiane
810 1778 862 1833 de·
913 1770 1008 1842 5);Et
1022 1787 1028 1821 :
1042 1768 1134 1825 Rodia
1145 1768 1274 1824 omnium
1284 1767 1426 1822 maiorem
1436 1766 1576 1838 cupiditas
1587 1761 1614 1834 (Ι
1640 1764 1709 1819 Tim.

61 1872 174 1938 uodoni,
190 1870 303 1928 minime
319 1869 566 1940 sutemepiscopuli
580 1868 706 1941 religioni
715 1867 863 1924 convenire
912 1860 1019 1928 r1,10).
1043 1857 1079 1914 Ει
1098 1856 1168 1913 sacri
1179 1855 1409 1926 Carthaginenses
1428 1858 1548 1911 canones
1569 1854 1645 1924 (carr.
1657 1852 1709 1923 bl:

61 1955 221 2021 ostendens,
238 1954 326 2010 dicit:
345 1977 356 2000 ι
373 1953 456 2020 Sicut,
467 1952 553 2024 inquit
567 1952 661 2025 (epist.
678 1954 722 2017 8t,
734 1951 770 2006 cd
784 1951 863 2006 Arrc-
915 1969 926 1998 ι
943 1947 1071 2016 Omnino,
1088 1944 1221 2018 inquiunt,
1232 1944 1359 2016 cuiquam
1374 1942 1534 1998 clericorum
1547 1956 1603 1996 non
1630 1940 1711 1996 liceat

61 2043 155 2115 stae),
183 2042 314 2114 prelatus
336 2057 390 2097 uon
414 2040 471 2097 ruit
493 2039 587 2111 grecis
610 2039 702 2096 oneris
727 2039 863 2095 sarcinam
913 2035 1077 2108 deqnalibet
1097 2029 1710 2104 reieuuseccipere;»etpauloposterro·

60 2131 142 2199 ferre,
158 2131 199 2188 ita
213 2146 268 2186 non
283 2130 382 2187 audeat
395 2129 456 2184 aliis
486 2128 660 2201 importabile
683 2127 790 2200 poudas
813 2128 864 2184 im·
914 2125 978 2181 inde
993 2125 1066 2197 quod
1083 2124 1111 2179 in
1126 2123 1202 2180 laicis
1216 2120 1434 2194 reprehenditur,
1459 2119 1486 2173 id
1510 2118 1595 2173 multo
1622 2117 1710 2191 magis

60 2236 175 2292 ponere.
191 2218 325 2291 Discipuli
339 2219 412 2275 enim
426 2234 520 2273 sumus
535 2216 646 2273 humilis
659 2225 685 2273 et
704 2217 776 2272 mitis
804 2230 863 2271 ma·
913 2214 995 2270 debet
1007 2212 1153 2270 inclcricis
1167 2210 1359 2283 praedamnari.
1376 2209 1537 2266 Universum
1565 2204 1712 2265 concilium

67 2307 286 2380 gistridicentis:
301 2306 864 2379 Discitecmequtcmitissumctbumilr's
913 2302 984 2358 dixit
999 2320 1006 2356 :
1021 2302 1109 2358 Nemo
1119 2310 1214 2358 contra
1228 2301 1385 2372 prophetes,
1400 2312 1481 2355 nemo
1500 2302 1597 2353 contra
1619 2296 1712 2353 liren-

62 2395 862 2468 ccrde,ettermetisrequiemanimubusvestrisllduttb.
914 2391 987 2464 gelie
998 2389 1060 2447 iacit
1073 2391 1133 2446 sine
1147 2388 1279 2462 periculo.
1298 2408 1309 2437 ι
1326 2388 1361 2445 lit
1385 2387 1527 2442 Nicaenum
1554 2383 1709 2453 concilium,

61 2485 111 2557 xc).
127 2483 183 2554 Qui
198 2484 309 2540 humilis
319 2491 347 2539 et
360 2484 433 2540 mitis
446 2483 580 2556 magister
602 2483 701 2539 it'erurn
726 2482 761 2539 de
785 2481 864 2556 gravi
915 2479 987 2551 qnod
1002 2495 1075 2552 saepe
1090 2486 1118 2535 et
1131 2479 1159 2535 iu
1172 2477 1234 2534 eliis
1248 2474 1385 2533 iuvenitur
1399 2474 1557 2544 canonibus,
1568 2488 1647 2529 more
1661 2487 1712 2528 suo

63 2581 88 2628 et
115 2571 286 2645 importabili
309 2572 423 2645 praelato
438 2571 503 2628 dicit
519 2589 525 2626 :
543 2572 573 2627 st
593 2573 712 2641 dixerit,
727 2571 862 2644 inquiens,
914 2568 1006 2639 plures
1027 2583 1125 2626 causas
1147 2582 1201 2622 uuo
1228 2563 1464 2636 comprehendens
1492 2561 1620 2633 capitulo,
1648 2560 1713 2617 hinc

64 2660 713 2732 metusilieseruust’rrcorderammorcmscclt
728 2660 865 2716 Dominus
915 2673 976 2713 cum
1004 2656 1065 2712 aliis
1091 2654 1247 2712 conclusive
1275 2653 1341 2709 dicit
1368 2652 1443 2723 (can.
1460 2651 1506 2722 17)
1523 2668 1530 2704 :
1549 2672 1560 2701 ι
1578 2648 1712 2718 Quoniam

65 2765 143 2806 areas
164 2750 272 2816 uenire,
292 2753 322 2805 et
334 2751 451 2819 caeperit
461 2753 609 2822 perculere
624 2765 771 2805 conservos
789 2763 862 2815 suet,
914 2754 992 2810 multi
1006 2753 1058 2809 sub
1072 2752 1169 2825 regule
1183 2748 1322 2809 constituti
1348 2747 1489 2804 arentiam
1509 2754 1536 2804 et
1550 2747 1638 2818 turpia
1665 2746 1707 2803 lu·

64 2839 218 2895 tunderet
227 2842 327 2894 autem
335 2839 619 2903 ostentamentis,
629 2839 866 2894 verietltomirer
915 2858 962 2900 cra
976 2847 1125 2908 sectamur,
1139 2841 1212 2909 juste
1227 2837 1332 2896 censuit
1345 2842 1442 2894 saneta
1455 2844 1482 2892 et
1499 2850 1600 2908 magne
1627 2851 1713 2908 syno-

65 2926 863 3029 “fl'f'{mmindissilfflwllilmtr“Miaiwllnmb
916 2940 977 3008 dus,
993 2948 1022 2996 ιιι
1037 2938 1060 2995 si
1080 2939 1196 3010 quisque
1217 2937 1343 2994 inuentus
1363 2935 1444 2992 luerit
1466 2950 1499 2991 ex
1520 2933 1713 2992 adinventione

66 3020 88 3071 ‘i
96 3015 294 3082 medelum,
304 3017 628 3088 partemiml'u‘lww
637 3032 703 3071 cum
714 3015 866 3088 hll’ffli‘
916 3030 1007 3100 aliqua
1021 3027 1066 3085 uel
1082 3026 1201 3100 quolibet
1215 3026 1298 3082 modo
1313 3024 1456 3100 negotium
1478 3024 1644 3097 transigens,
1671 3023 1715 3081 rel

65 3103 173 3169 (lemt-
185 3104 280 3174 ¹¹10·
293 3124 304 3153 ι
317 3103 568 3202 Ηῑῑιθῧθθωξᾱὶΰίῑ
579 3103 732 3202 &timim
743 3103 865 3173 (Plum-
883 3080 1017 3191 Caliquid
1031 3115 1086 3173 tale
1105 3130 1220 3188 prorsus
1238 3115 1399 3188 excogitans
1420 3113 1507 3184 turpis
1527 3112 1597 3170 lucri
1616 3112 1713 3186 gratia,

64 3202 85 3259 Π,
94 3206 170 3291 91)·
187 3191 218 3289 ξ)
235 3207 244 3246 ²
259 3212 271 3243 ⁸
285 3190 361 3291 {M
375 3191 533 3291 {illim-”2⁸⁸
546 3206 688 3290 {nimium
710 3191 865 3263 deputatur.
916 3206 1058 3276 dejicietur
1071 3218 1089 3261 a
1102 3204 1188 3271 clero,
1208 3212 1235 3261 et
1253 3204 1357 3260 alienus
1379 3202 1507 3258 cristata
1530 3201 1633 3273 regula.
1652 3220 1664 3252 r
1680 3202 1716 3257 Et

62 3295 103 3349 ill
117 3278 867 3380 5¹·81ffl111ffl0110sswlpllflaetfflfflsslefiummelmin&
916 3295 971 3352 Leo
990 3294 1018 3350 iu
1032 3292 1148 3365 epistola
1162 3292 1197 3347 ad
1207 3291 1348 3349 universos
1363 3290 1508 3361 episcopos
1515 3305 1566 3360 per
1575 3287 1716 3346 universas

58 3376 140 3426 rerut
155 3384 187 3424 ur
202 3383 284 3424 nsum
298 3367 501 3424 dominationis.
520 3386 532 3417 ι
548 3367 583 3424 lit
607 3368 703 3423 beatus
727 3367 867 3439 apostolus
916 3380 1071 3453 provincius
1101 3379 1263 3436 constitutos
1279 3398 1315 3434 :r
1338 3378 1418 3445 prud,
1441 3377 1530 3449 inquit
1551 3377 1644 3450 (epm,
1675 3376 1714 3447 l),

55 3460 162 3524 Paulus
169 3472 519 3537 retat,rtorapereassorem
527 3466 753 3538 esreepiscopum
761 3464 787 3537 (l
796 3466 866 3520 iim.
917 3468 1042 3526 duximus
1056 3468 1291 3540 praemonendum,
1307 3473 1337 3522 ut
1350 3465 1420 3522 sicut
1438 3479 1493 3522 uon
1514 3480 1574 3532 suo,
1601 3465 1637 3520 ita
1660 3479 1716 3520 non

50 3563 104 3623 ur;
127 3556 187 3611 Tit.
206 3555 237 3625 r).
252 3552 315 3611 Non
329 3553 439 3627 quidem
454 3553 501 3624 qui
528 3568 583 3609 nou
605 3553 740 3626 percutiet
767 3551 868 3626 pugnis
917 3557 1007 3613 alieno
1036 3555 1157 3624 nomine,
1174 3554 1273 3627 aliquis
1288 3554 1451 3610 clericorum
1473 3567 1607 3609 exercere
1636 3551 1715 3607 ienus

47 3643 200 3709 subditos,
214 3640 264 3698 sed
280 3641 326 3713 qui
340 3656 397 3699 non
410 3641 545 3714 percutiat
568 3642 637 3698 actis
660 3650 688 3700 et
711 3641 793 3699 dictis
811 3640 868 3698 suis
918 3650 1038 3702 attentet.
1055 3643 1190 3702 indecens
1204 3642 1278 3699 enim
1292 3642 1443 3700 esterimen
1458 3656 1538 3697 suurn
1562 3639 1714 3698 commodis

42 3729 266 3790 conscientiam
297 3729 492 3798 subjectorum,
522 3744 591 3803 quos
620 3746 670 3803 per
706 3731 868 3804 prophetam
918 3735 1014 3794 alienis
1030 3733 1201 3806 impendere.
1216 3731 1307 3788 Fenus
1321 3740 1411 3787 autem
1425 3730 1478 3786 hoc
1488 3729 1578 3786 solum
1590 3728 1715 3801 aspicere

41 3813 867 3893 Dominusredarguit:Quipercuticntpuprtotmpie(lsa.
918 3834 945 3882 et
959 3839 1089 3882 exercere
1107 3821 1251 3888 debemus,
1274 3829 1302 3876 nt
1330 3819 1403 3892 quod
1430 3818 1475 3875 hic
1501 3817 1716 3875 misericorditer

37 3909 151 3979 amr).
170 3905 347 3963 Audiendum
360 3919 429 3978 ergo
442 3906 523 3964 nobis
537 3915 580 3963 est
593 3907 713 3981 pretatis
726 3908 800 3981 quod
820 3924 870 3980 per
918 3913 1072 3982 tribuiruus,
1095 3912 1130 3969 eb
1154 3927 1187 3968 eo
1209 3908 1337 3979 Domino,
1358 3908 1405 3981 qui
1426 3907 1620 3979 multipliciter,
1647 3906 1717 3967 etin

36 3994 213 4070 quemdam
225 3995 379 4067 sapientem
394 3994 516 4052 dicitur:
535 3998 641 4053 Ducem
656 4001 684 4053 te
708 3998 868 4054 constitue·
917 4010 1080 4075 perpetuum
1101 4015 1231 4057 mansura
1251 3999 1389 4064 retribuet,
1413 3987 1538 4069 recipere
1567 3996 1716 4055 ualeamus.

38 4089 142 4152 neat,
156 4082 343 4153 collectolle',
355 4083 471 4142 sedesto
480 4084 582 4140 inillis
593 4085 868 4157 questuruseer'llis
919 4093 977 4147 Hoc
992 4091 1083 4164 itaque
1096 4088 1246 4146 admonitio
1260 4097 1352 4145 nostra
1366 4087 1514 4155 denuntiat,
1529 4087 1602 4159 quod
1618 4085 1641 4143 si
1656 4087 1718 4159 quis

40 4172 274 4243 (coeterna)
287 4178 330 4239 tel
345 4188 353 4227 ι
369 4173 482 4230 Divitiae
492 4173 655 4245 slafflttanb
667 4173 813 4229 nolitecor
823 4189 870 4245 ate
919 4177 1035 4235 fratrum
1049 4187 1142 4234 contre
1157 4177 1215 4234 baec
1230 4177 1374 4233 constituta
1395 4177 1490 4233 venire
1518 4176 1674 4244 tentaverit,
1691 4183 1718 4232 et

38 4276 168 4333 ponere
184 4259 276 4332 (erat.
288 4259 358 4332 ιιι).
375 4260 481 4319 Timere
491 4261 574 4318 etiem
588 4261 731 4326 debemus,
745 4277 781 4318 ne
795 4277 869 4334 pre·
918 4267 1056 4339 prohibitu
1069 4265 1151 4323 tuerit
1165 4281 1248 4321 susus
1270 4264 1423 4331 admittere,
1448 4281 1462 4319 a
1485 4278 1535 4319 suo
1559 4279 1589 4319 se
1613 4263 1719 4320 noverit

44 4346 128 4407 latio
146 4356 176 4404 el
188 4349 321 4417 honores.
336 4364 406 4422 quoe
419 4350 448 4405 in
470 4349 522 4407 ieto
546 4350 647 4407 saeculo
673 4349 815 4417 habemus.
846 4348 869 4405 si
896 4373 897 4376 ¹
919 4354 1008 4412 officio
1022 4353 1250 4419 submovendum,
1264 4367 1315 4408 nec
1329 4368 1392 4407 enm
1406 4351 1604 4407 communionis
1618 4359 1718 4408 nostrae

43 4436 169 4512 aliquid
182 4437 250 4494 boui
264 4453 368 4506 sumus,
383 4438 526 4496 retributio
540 4438 620 4495 nubis
635 4437 693 4508 liet,
712 4445 739 4494 et
753 4452 770 4493 a
784 4437 869 4495 retri·
883 4433 1038 4500 Diuturum
1053 4458 1115 4500 esse
1128 4448 1295 4512 consortem,
1311 4439 1357 4513 qui
1376 4439 1466 4496 socius
1484 4439 1570 4495 noluit
1593 4455 1654 4494 esse
1677 4437 1718 4495 di-

47 4525 178 4585 butione
190 4527 328 4596 justorum
344 4527 450 4584 elimet
465 4526 574 4585 efficial-
587 4526 665 4584 Unde
676 4526 870 4584 Abrehaevoee
923 4531 1053 4604 scipliuae.
1071 4555 1081 4585 r
1100 4532 1134 4586 Et
1149 4529 1281 4586 Dominus
1296 4529 1324 4585 in
1337 4528 1508 4602 Evangelio:
1524 4527 1646 4598 lisuriui,
1672 4526 1717 4582 iu-

50 4615 171 4674 trdfflii
185 4614 265 4672 dlviii
279 4615 378 4672 ‘1101‘111'
394 4634 401 4670 Ξ
418 4617 563 4683 Memento,
575 4617 628 4686 fili,
649 4617 717 4690 qvia
738 4617 871 4688 recepisti
923 4623 989 4695 quit,
1005 4626 1034 4680 et
1044 4637 1101 4678 nort
1112 4620 1311 4677 dedistismihi
1322 4616 1610 4686 manducaremitivt,
1623 4620 1652 4671 et
1662 4632 1718 4673 reon

59 4704 181 4762 mitt
195 4704 257 4759 vlle
268 4706 318 4760 2¹⁸0
328 4704 407 4775 (tue.
421 4704 495 4773 rvr).
520 4704 626 4761 Idcirco
642 4705 716 4761 enim
739 4704 810 4761 bone
824 4704 872 4762 hie
922 4711 1038 4769 dedistis
1047 4711 1120 4767 mibi
1130 4711 1219 4767 bibere
1230 4729 1239 4777 ,·
1251 4709 1349 4782 bospes
1358 4723 1437 4764 eram
1451 4709 1480 4762 ei
1494 4720 1552 4762 nort
1566 4704 1720 4776 collegistis

61 4791 168 4863 'mlii‘
181 4798 212 4848 ἃ
234 4791 335 4860 1118ῑῦ8,
358 4800 388 4849 ¹²⁸
409 4792 464 4849 illie
493 4792 600 4864 P¹⁰¹¹i¹1⁵
621 4793 693 4851 mh
728 4792 869 4866 reciperet,
922 4817 977 4868 me,
986 4799 1081 4857 nudus
1091 4798 1374 4871 etnoncooperuistis
1384 4811 1437 4862 me,
1446 4792 1651 4864 intimaretis
1661 4806 1740 4851 ccr··

69 4879 197 4951 quonian
212 4878 258 4936 hie
276 4879 365 4938 lueret
384 4896 436 4938 ree
459 4896 509 4953 per
532 4882 603 4937 bena
617 4896 768 4938 conversae
784 4898 791 4938 τ
808 4882 873 4954 quie
922 4906 994 4956 erre,
1007 4888 1246 4946 censeremus
1259 4885 1504 4955 metueretur,
1530 4881 1586 4956 ta).
1615 4880 1720 4952 Qubus

71 4980 129 5025 turn
142 4967 311 5040 largientem
334 4969 422 5026 Deum
449 4970 571 5026 humane
588 4985 667 5026 mens
695 4970 761 5027 boni
779 4966 881 5043 operis'
924 4979 1006 5035 etiam
1018 4976 1157 5050 premittit
1170 4976 1265 5033 dicens
1281 4991 1288 5030 ε
1303 4973 1471 5030 Discediteu
1485 4988 1540 5039 me,
1561 4971 1719 5041 maledicti,

72 5056 249 5154 rapendune
262 5057 461 5131 consequitur,
476 5058 550 5115 unde
565 5058 665 5116 nutrita
678 5058 723 5132 pie
739 5059 870 5128 creditur,
923 5069 955 5123 en
971 5069 1066 5138 rpem
1084 5069 1234 5130 comem,
1255 5064 1305 5136 qui
1320 5064 1500 5136 preparatus
1510 5064 1554 5117 est
1577 5060 1722 5117 dicboloet

10 5228 12 5235 Ι
75 5152 164 5242 belm
179 5144 245 5202 inde
260 5145 412 5204 damnetur·
429 5147 500 5204 Hine
528 5147 602 5205 enim
624 5163 675 5222 per
698 5147 872 5205 Pstlmislem
923 5157 1033 5228 comite
1057 5155 1118 5227 eius
1132 5153 1222 5223 (ibid,
1251 5150 1307 5222 ιι).
1336 5150 1410 5207 Ecce
1424 5163 1596 5222 nequaquam
1610 5146 1722 5203 audium

10 5292 14 5335 t
77 5229 166 5289 dcitur
182 5249 189 5288 :
205 5235 870 5307 Dejeciaticosdumallevarenturffscl.cxxrr).
924 5244 987 5318 quin
1001 5243 1110 5314 rapinas
1123 5238 1302 5312 uelquaelibet
1315 5239 1505 5295 alisviolentie
1515 5237 1720 5306 commiserunt,
1746 5224 1750 5231 ’

10 5342 14 5417 ζ
77 5315 205 5421 θωῡίξιιῐι
217 5321 344 5380 ῖίεΙθῙῑῦθι
358 5324 478 5397 repwbi,
494 5341 557 5382 cum
574 5333 648 5383 recle
662 5339 749 5397 opert
772 5323 872 5382 divinis
924 5340 1064 5389 ettamen
1091 5327 1199 5388 aeternis
1227 5329 1361 5401 gehennae
1388 5327 1499 5400 ignibus
1521 5325 1721 5398 mancipantur.

74 5410 225 5466 mmm
240 5424 298 5467 ¹¹⁰⁰
310 5412 474 5484 rependunt,
493 5421 641 5473 011111l⁰l⁰³
664 5431 696 5471 se
719 5413 763 5471 hic
788 5415 872 5472 dese·
923 5423 993 5478 Hinc
1007 5434 1073 5493 ergo
1088 5417 1273 5493 colligendum
1288 5425 1338 5485 est,
1355 5423 1456 5488 quanta
1471 5413 1646 5472 damnatione
1659 5414 1722 5488 ple·

75 5514 139 5577 mut,
154 5514 184 5566 et
195 5506 369 5567 affluentibus
391 5512 621 5586 prosperitetibns
634 5512 782 5582 dimittunt,
798 5513 872 5570 unde
924 5520 1016 5580 ctcndi
1031 5527 1095 5578 sunt
1109 5517 1156 5592 qui
1169 5516 1260 5575 aliena
1268 5516 1393 5590 eupiunt,
1408 5515 1432 5572 si
1447 5521 1522 5572 unta
1550 5512 1723 5574 animadver-
