3794 6104
537 236 716 298 saissonis
738 237 784 294 ar
811 237 986 296 nactast.
1563 242 1616 298 Μ

95 368 166 441 Quin
194 368 285 440 potius
298 367 444 433 restitistis,
464 364 645 437 pravitatibus
673 362 803 424 eorumA
817 376 866 417 sua
879 363 1040 435 prisceiam
1052 370 1175 436 tempore
1185 370 1337 437 praeoptata
1351 363 1468 420 Domino
1481 362 1540 420 lico
1563 378 1617 419 nu·

95 457 224 525 sensistis,
241 464 267 512 et
288 456 409 528 peccatis
433 454 530 510 alienis
551 452 661 508 minime
685 467 762 507 com-
815 449 915 506 militer
929 452 1096 519 exsolvente,
1113 452 1318 527 augustaleque
1332 452 1470 519 diadema,
1480 451 1532 508 sibi
1546 450 1618 507 divi-

95 545 133 602 is.
150 546 257 601 Idcirco
272 544 359 600 libere
374 543 465 598 dicere
478 541 602 598 valebitis
618 557 625 596 z
640 539 702 595 Non
716 537 765 593 ad·
815 538 888 594 nitus
912 539 972 598 aina
994 539 1077 597 dubio
1100 540 1239 607 collatum,
1263 555 1313 613 per
1334 540 1494 597 humilitatis
1516 546 1618 596 nostrae

96 633 188 690 bicor
201 648 325 705 pravum,
349 631 478 704 quoniam
506 629 580 684 nulla
599 643 651 700 par
677 625 765 682 tidelis
815 626 996 684 ministerium
1010 628 1171 701 accipiente,
1187 627 1264 685 tratri
1282 629 1351 700 ejus,
1377 628 1513 686 ludovico
1541 627 1617 684 scili·

95 720 156 786 deli,
174 721 274 776 Christi
289 720 324 775 ad
337 718 431 780 belial.
454 717 565 787 iustitiae
586 716 621 771 ad
640 715 766 788 iniquita·
816 722 860 770 cet
873 714 944 788 regi,
959 715 984 771 ai
997 724 1088 773 tamen
1102 732 1154 774 rex
1166 719 1229 787 jure
1248 717 1302 774 dici
1317 717 1427 785 debeat,
1449 716 1497 790 qui
1519 715 1619 775 mentis

107 808 178 866 lucis
193 809 229 864 ad
239 807 379 881 tenebras.
396 807 481 878 Ergo,
498 806 560 878 quia
574 805 609 859 ita
623 811 673 872 est,
698 809 766 858 state
817 818 874 858 suae
897 810 987 859 motus
1009 804 1038 859 in
1060 804 1206 877 abruptum
1229 804 1375 879 impietatis
1404 802 1534 863 cadentes
1563 820 1618 860 non

95 896 336 968 nutritiumque,
361 894 517 966 seniorique
540 900 633 949 uestro
656 891 767 947 domino
818 890 896 958 rexit,
925 891 954 953 in
980 907 1095 965 reguum
1121 893 1216 965 ipsius,
1247 893 1362 950 collecte
1389 893 1482 965 populi
1509 891 1620 948 nefandi

95 984 221 1041 silidam
236 983 390 1056 specialiter
414 982 617 1054 repromissam,
630 980 767 1036 sicutcoe-
817 979 996 1045 multitudine,
1012 979 1130 1050 intranti,
1146 989 1173 1038 et
1186 997 1356 1055 paganorum
1366 997 1442 1039 mora
1467 980 1621 1038 Ecclesiam

96 1073 262 1131 convulsam
277 1079 394 1138 seruate,
411 1078 437 1126 et
456 1072 484 1125 iu
507 1069 605 1125 mehus
623 1067 768 1124 confortati
818 1067 879 1135 Dei,
895 1067 1027 1139 populum
1040 1068 1168 1126 uidelicet
1182 1070 1303 1142 pretioso
1319 1069 1420 1128 Christi
1457 1085 1557 1126 cruore
1571 1084 1618 1124 re-

102 1161 201 1218 honori
216 1176 265 1217 seu
279 1158 411 1231 profectui
424 1157 586 1229 providete;
601 1171 635 1212 ae
659 1171 694 1211 ua
719 1170 769 1226 pro
819 1157 969 1228 demptum,
984 1155 1013 1212 in
1026 1171 1095 1228 pace
1109 1158 1227 1228 positum
1240 1158 1424 1228 conturbanti,
1441 1157 1545 1215 relictis
1568 1172 1619 1213 ue-

96 1249 166 1305 lihus
196 1256 310 1318 aeterna,
344 1263 396 1319 pro
426 1245 609 1317 corporalibus
628 1242 767 1316 spiritalia,
819 1244 883 1300 stris
895 1243 1054 1302 concivibus
1068 1253 1150 1318 atque
1164 1245 1314 1314 sodalibus,
1332 1246 1377 1318 qui
1391 1246 1451 1303 lieo
1465 1253 1493 1303 ct
1516 1245 1620 1302 seniori

96 1339 151 1396 ania
165 1337 290 1394 coelestia
310 1335 411 1408 gaudia
434 1333 572 1400 amittatis,
595 1347 770 1404 summopore
820 1346 870 1390 auo
884 1330 981 1389 fideles
993 1334 1090 1405 procul
1105 1333 1189 1390 dubio
1203 1349 1266 1391 esee
1280 1332 1415 1403 uidentur,
1430 1335 1547 1401 herere,
1574 1340 1619 1390 at·

96 1426 256 1497 escientes
281 1424 343 1496 qnia
366 1423 512 1492 adjuvante
536 1421 583 1477 illo
606 1421 653 1493 qui
679 1419 770 1476 dicit:
821 1436 874 1492 que
888 1436 951 1476 cum
964 1421 1145 1479 eoadversus
1159 1422 1315 1490 Dominum,
1330 1429 1441 1495 gentem
1456 1422 1621 1494 etpopulum

96 1514 373 1585 caeremoniisque
387 1513 420 1567 a'n
434 1512 590 1582 praemitte
604 1510 699 1566 ratius
715 1509 772 1564 erit
825 1515 952 1576 restrum,
968 1509 1005 1565 ad
1019 1516 1090 1566 statu
1109 1518 1209 1567 vestrm
1232 1508 1370 1567 fidelitatis
1389 1517 1416 1567 et
1438 1509 1620 1583 promissione

99 1604 144 1674 x),
160 1610 186 1658 et
200 1616 283 1673 posse
297 1601 375 1657 vohis
390 1598 496 1655 coelitus
511 1598 773 1668 dabitur,stperse·
822 1596 975 1654 divinmum
996 1606 1237 1667 sacramentorum,
1262 1606 1360 1656 contra
1378 1598 1456 1656 'sacri
1479 1597 1623 1654 ministerii

106 1690 242 1747 tribuetur
258 1707 265 1744 :
287 1703 394 1760 opeque
415 1703 529 1743 summe
552 1684 699 1742 divinitatis
720 1699 808 1773 rie-B
823 1685 906 1742 vestri
921 1684 1049 1757 officium,
1065 1694 1093 1742 et
1106 1694 1202 1744 contra
1216 1687 1372 1759 sponsionis
1386 1701 1419 1744 ac
1438 1685 1502 1743 tidei
1523 1694 1623 1742 uestrae

96 1794 123 1837 tr
131 1776 336 1844 confortabitur,
348 1777 403 1832 imo
411 1783 438 1831 et
447 1776 482 1831 ad
492 1790 589 1832 omnes
598 1773 771 1830 inimicorum
818 1775 1020 1845 jusjurandum,
1035 1790 1112 1831 arma
1125 1792 1187 1832 cum
1202 1775 1327 1832 hostibus
1336 1776 1454 1842 eierare,
1463 1775 1622 1848 pariterque

111 1866 300 1938 reprimendas
323 1864 487 1921 confortabit
509 1861 641 1920 Dominus
666 1869 774 1917 mentes
822 1862 939 1919 nefanda
962 1870 989 1920 et
1012 1863 1096 1936 impia
1112 1865 1283 1921 committere
1303 1862 1527 1936 presumpsistis.
1548 1862 1619 1930 lieu,

96 1954 124 2011 in
137 1953 267 2011 charitate
283 1962 310 2008 et
325 1953 422 2026 qratia,
440 1961 466 2008 et
480 1952 599 2006 tuebitur
612 1965 662 2007 uos
676 1949 705 2004 in
719 1965 773 2004 se-
823 1952 893 2024 proh
906 1950 1004 2008 dolori
1028 1967 1112 2025 quare
1136 1959 1219 2008 tante
1236 1951 1386 2025 iniquitatis
1411 1951 1501 2008 scelus
1525 1958 1624 2024 sponte

96 2043 214 2101 culorum
231 2060 237 2096 :
253 2041 392 2097 utiterum
407 2048 489 2112 atque
504 2040 601 2095 iterum
628 2037 774 2093 benedica-
823 2039 1002 2107 committere,
1018 2056 1111 2113 quere
1124 2048 1206 2097 tantm
1219 2039 1386 2096 infidelitatis
1400 2040 1502 2095 malum
1521 2039 1625 2095 mundo

96 2132 165 2188 ainus
181 2139 208 2187 et
222 2132 302 2186 Pater
317 2129 424 2186 Domini
439 2128 525 2185 nostri
539 2128 603 2183 iesu
617 2125 727 2192 Christi,
748 2133 777 2181 et
823 2128 962 2196 universo,
979 2129 1049 2185 sicut
1062 2129 1141 2185 tude
1155 2129 1304 2196 iscariotae,
1315 2127 1482 2185 exsecrabile
1491 2127 1521 2184 in
1530 2143 1624 2184 erem·

96 2240 102 2274 i
114 2218 285 2292 pontificatu,
301 2218 356 2272 imo
370 2217 405 2272 ab
421 2216 557 2271 universis
580 2214 680 2270 Christi
704 2212 775 2270 tide-
823 2217 900 2289 plum
914 2217 1060 2274 ostendere
1073 2233 1129 2274 non
1143 2216 1313 2273 dubitastis?
1327 2215 1395 2285 Qua
1409 2231 1479 2290 qens
1499 2217 1552 2272 hoc
1574 2231 1626 2271 au·

96 2308 153 2365 this
167 2308 317 2362 innumeras
331 2306 427 2378 gratie
449 2302 608 2360 referantur.
633 2303 728 2369 Porro,
752 2301 776 2357 si
825 2305 904 2361 diens
916 2321 966 2362 vos
979 2320 1035 2361 non
1048 2305 1122 2362 odiat
1137 2307 1152 2361 t
1167 2304 1246 2375 Quod
1261 2320 1374 2377 regum
1395 2320 1444 2360 vos
1459 2319 1558 2360 exosos
1568 2303 1628 2360 tore

97 2412 137 2462 re,
153 2396 226 2468 quod
248 2395 359 2449 minime
383 2391 530 2461 credimus,
555 2393 583 2446 in
605 2391 696 2462 aliquo
719 2389 776 2446 lesi
826 2409 881 2449 non
901 2393 1027 2463 judicata
1048 2393 1164 2464 Quando
1184 2393 1266 2450 etiarn
1290 2393 1427 2467 gentibus,
1452 2409 1514 2466 que
1540 2392 1629 2449 heum

97 2500 134 2541 ue
155 2493 275 2540 uestrum
300 2481 400 2552 reperti
419 2480 539 2546 luerunt,
571 2479 712 2534 hortamur
747 2484 778 2533 ut
825 2497 921 2540 verum
940 2481 1034 2554 utique
1048 2482 1184 2555 ignoratn,
1201 2482 1254 2538 tale
1268 2481 1438 2539 committere
1452 2480 1528 2537 netas
1547 2480 1628 2537 vide-

97 2580 149 2641 ant,
166 2581 192 2627 et
207 2571 319 2642 dignam
334 2569 552 2625 emendationem
568 2583 598 2622 se
612 2565 778 2639 corrigendo
827 2579 870 2625 tur
891 2569 1084 2644 incongruum.
1115 2569 1234 2639 Quarum
1258 2584 1310 2642 pro
1331 2569 1448 2626 terrenis
1469 2568 1553 2624 lucris
1584 2567 1629 2625 rel

97 2668 135 2717 nt.
149 2661 220 2714 Nam
234 2660 420 2730 cujuscunque
435 2656 469 2710 sit
483 2654 667 2719 sublimitatis,
683 2653 776 2725 digni·
826 2658 909 2714 minis
924 2673 983 2725 eos,
1000 2673 1070 2730 quos
1084 2658 1212 2714 societate
1227 2666 1255 2714 et
1268 2657 1441 2713 unanimitate
1464 2664 1554 2713 vestra
1578 2656 1629 2712 de-

97 2790 100 2804 ,
114 2748 229 2812 ordinis,
242 2747 287 2818 qui
298 2762 359 2802 cum
370 2741 776 2816 praeseutihusleqatisnostris,
827 2746 940 2802 tendere
955 2745 1113 2819 salomeque
1127 2753 1156 2801 ut
1170 2753 1276 2802 uosmet
1289 2745 1432 2813 debuistis,
1447 2753 1585 2818 appetere,
1600 2751 1628 2800 et

97 2836 224 2894 videlicet
238 2843 264 2890 ct
277 2835 381 2890 ioanne
401 2831 605 2888 venerabilibus
629 2829 776 2902 episcopis,
828 2851 890 2891 cum
917 2834 1034 2891 inimicis
1058 2833 1188 2908 persequi
1219 2850 1274 2890 non
1303 2832 1527 2906 contempsistis?
1560 2834 1629 2890 cnm

99 2940 208 2999 quoque
221 2923 397 2978 familiaribus
411 2921 521 2987 nostris,
537 2935 606 2991 quos
630 2933 697 2974 voce
725 2933 778 2973 no·
828 2923 935 2980 dicente
949 2923 1066 2980 Domino
1082 2939 1089 2979 τ
1106 2924 1237 2996 llcjorem
1251 2924 1424 2980 charitatem
1437 2939 1520 2980 nemo
1535 2922 1628 2989 hebet,

97 3030 110 3071 a
132 3013 160 3068 in
181 3020 273 3083 partos
296 3011 331 3066 ad
350 3009 529 3065 examinanda
553 3007 687 3078 simulque
707 3004 779 3061 111111·
796 3030 914 3125 equom
923 3012 1519 3085 ctcnimcmaecmponctprcamicirsuts
1534 3010 1629 3083 (loon.

97 3101 229 3159 earorrice
244 3100 301 3155 sive
322 3098 447 3170 legaliter
469 3113 528 3170 quae
548 3097 601 3151 hoc
622 3109 695 3150 anno
709 3094 782 3150 inter
830 3101 891 3173 xv),
908 3101 935 3155 in
949 3116 1004 3174 quo
1019 3100 1122 3158 scilicet
1137 3115 1187 3156 uos
1202 3115 1273 3166 eam,
1298 3116 1359 3172 quae
1381 3115 1433 3171 per
1455 3099 1630 3155 dilectionem

97 3205 126 3246 ae
136 3188 235 3244 iratres
245 3203 383 3242 emersere
392 3185 511 3258 negotia,
523 3182 671 3240 convenire
680 3182 707 3237 in
720 3182 781 3238 loco
830 3196 968 3261 operatur,
983 3189 1154 3253 charitatem,
1171 3188 1230 3243 sina
1246 3202 1300 3259 qun
1314 3186 1484 3257 impossibile
1499 3193 1542 3242 est
1566 3185 1629 3258 piu·

97 3277 240 3349 leaignato,
257 3276 351 3348 eisque
368 3273 524 3329 satisfacere
540 3271 676 3327 humiliter
690 3270 781 3325 detre-
831 3293 895 3334 cere
910 3278 978 3344 neo,
994 3276 1021 3331 in
1037 3290 1091 3348 qua
1105 3282 1188 3331 totum
1204 3275 1294 3346 legem
1310 3282 1337 3330 et
1350 3274 1497 3346 prophetas
1508 3273 1630 3346 pendere

97 3366 280 3435 ,auctoritate
291 3364 341 3419 Dei
355 3361 549 3433 omnipotentis
572 3368 782 3430 sanctorumque
831 3364 943 3430 scimus,
965 3362 1121 3419 nullatenus
1143 3369 1249 3419 constet
1269 3361 1408 3428 babuisse,
1441 3360 1507 3434 quin
1536 3358 1629 3433 potius

97 3470 169 3512 arum
187 3453 340 3524 principum
365 3451 435 3507 Petri
458 3458 484 3505 et
512 3448 597 3515 Pauli,
627 3454 782 3518 nostraetittt
831 3453 896 3509 Cain
919 3451 1086 3508 fratricidam
1110 3451 1156 3506 diu
1177 3458 1268 3507 mente
1289 3449 1420 3525 gessisse.
1451 3449 1549 3505 Nonne
1584 3447 1632 3505 lux

97 3542 191 3609 nnis,
207 3541 314 3597 1111111111
327 3539 379 3595 Sibi
392 3538 523 3609 deinceps
546 3535 672 3593 noverint
695 3534 782 3589 dene·
835 3541 938 3607 muudi,
964 3540 1043 3597 etsal
1066 3547 1158 3609 terre,
1176 3539 1296 3596 Veritate
1311 3545 1466 3605 attestante,
1491 3537 1628 3608 rosestia,

97 3645 125 3689 sc
138 3630 237 3686 amodo
251 3627 451 3685 communionis
465 3633 564 3682 nostrae
580 3623 699 3680 {uturum
723 3620 783 3677 iore
832 3629 879 3703 qui
913 3628 1005 3686 verbis
1027 3627 1129 3700 puriter
1152 3634 1180 3683 et
1207 3626 1349 3698 exemplis,
1381 3626 1459 3699 quasi
1489 3624 1632 3682 luminaria

97 3735 149 3787 ern,
177 3719 223 3790 qui
251 3717 341 3773 socius
374 3732 435 3771 csse
473 3713 589 3770 noluerit
621 3710 781 3782 disciptinas.
832 3718 935 3775 mundo
957 3717 1047 3773 lucere
1068 3715 1204 3786 omnibus,
1227 3723 1309 3789 atque
1338 3714 1457 3771 insulsas
1490 3712 1633 3770 hominum

97 3825 119 3865 ts
133 3807 301 3863 sanctitatem
313 3805 356 3861 vel
369 3804 484 3877 gloriam
498 3810 618 3858 vestram
641 3800 668 3854 111
678 3798 784 3855 01111110
832 3815 939 3865 mentes
952 3805 1093 3878 sapientie
1106 3804 1226 3861 coelestis
1240 3804 1297 3860 sale
1311 3803 1424 3861 condire
1438 3801 1634 3859 instantissime

98 3895 193 3954 eslere·
228 3896 296 3951 Dete
321 3907 374 3948 111¹
408 3891 547 3947 Kalendas
572 3888 693 3954 1111111111,
715 3885 785 3942 indi·
833 3895 963 3952 dehetis?
977 3895 1133 3951 Nonnevos
1142 3893 1232 3965 posuit
1241 3891 1358 3964 Spiritus
1368 3899 1478 3948 sanctus
1488 3891 1634 3964 episcopos

98 3999 133 4041 m.
150 3983 276 4041 Recitata
291 3984 324 4037 in
338 3981 441 4054 synodo
465 3977 677 4051 Ponticorum·
834 4000 932 4058 regere
941 3982 1096 4040 Ecclesiam
1103 3981 1164 4049 Dei,
1175 3980 1406 4054 quamacquisiuit
1416 3979 1551 4054 sanquine
1563 3979 1635 4036 suot

348 4087 424 4142 xxi,
834 4074 931 4130 Nonne
939 4072 1027 4146 magis
1036 4069 1635 4142 uestrumeratdocerepopulum,nonautem

98 4192 243 4236 numeros
267 4191 326 4241 our,
351 4187 496 4230 tctaouo
517 4184 731 4235 nascrscnnras,
836 4163 932 4218 intem
945 4160 1083 4233 peruersis
1097 4159 1179 4215 rebus
1194 4173 1335 4214 assensum
1347 4157 1635 4228 prenerernotcmus

136 4324 139 4329 ,
169 4280 307 4324 annovrco
322 4279 387 4320 naci
401 4274 604 4317 innascatur.
836 4250 967 4323 itaquede
976 4249 1062 4319 robis,
1074 4247 1152 4320 quasi
1162 4246 1336 4302 demembris
1345 4245 1467 4318 corporis
1477 4244 1586 4310 christi,
1598 4243 1638 4298 di·

299 4355 388 4408 ulnno
403 4352 479 4419 ait.)
837 4347 930 4397 centes
938 4338 1158 4408 cumPropheta:
1169 4337 1298 4392 Ventrem
1305 4350 1401 4390 meum
1407 4335 1493 4398 doleo,
1506 4335 1634 4388 uentrem

98 4449 123 4502 rt
145 4461 242 4502 eorum
260 4443 471 4512 infidelitatem,
503 4438 693 4509 monetqceut
711 4434 782 4490 reri·
798 4414 931 4484 Danaam
939 4423 1233 4493 consummemus
1242 4418 1635 4490 meitcrbctisunttler.ru);

98 4520 149 4583 ‘⁹¹²2
177 4505 774 4586 1011911011161161101101101’11310310
838 4512 1245 4585 etiterum20cisduhitccpti
1276 4525 1337 4567 mco
1364 4526 1476 4582 aquam,
1506 4508 1634 4566 etcculis

98 4589 659 4741 {offlssssiiqdpqmmquoddipem„
673 4663 788 4736 spiritali
839 4608 1635 4782 ἵῖἴῃίὲἴὶᾜζῖηᾞΐηὲἶέυξὲἰζζῖθῗωᾞθᾚ

98 4770 156 4820 stro
171 4763 267 4818 Carolo
278 4758 476 4835 gloriosissimo
484 4757 644 4827 imperatore
654 4757 788 4826 Augusto,
1118 4808 1124 4821 ,

98 4876 102 4905 2
125 4860 225 4918 vestro,
252 4850 286 4906 ad
307 4848 399 4904 limina
420 4854 578 4903 sauctorum
605 4842 790 4914 apostolorum
839 4814 990 4879 mmuh
1005 4818 1032 4869 ⁸⁸
1047 4811 1127 4868 ³⁸¹⁰ss
1141 4816 1239 4865 *⁰⁵¹¹ae
1252 4804 1375 4864 ”mm
1388 4817 1440 4874 pm
1454 4799 1554 4860 ’11111
1568 4816 1635 4860 ⁰⁰¹¹·

98 4949 105 4999 t
118 4940 194 4996 Pauli
208 4937 361 5010 principum
375 4935 511 5000 ueniente,
534 4932 634 5005 ubique
656 4938 686 4986 ut
709 4929 791 4986 Chri·
840 4913 939 4979 1111111»
950 4925 1117 4986 1118101110
1127 4907 1274 4964 1111811111
1287 4911 1317 4960 111
1330 4901 1534 4974 lefilistiim
1558 4908 1638 4958 ‘⁸¹¹¹ae

98 5029 192 5086 timum
206 5028 285 5084 decet
299 5024 432 5083 Ecclesiae
447 5021 547 5081 Christi
562 5027 717 5092 patronum,
728 5026 792 5075 uota
840 5009 989 5084 iniquitatis
998 5015 1108 5065 anctore
1122 4999 1352 5065 scelestorelictc,
1376 4999 1410 5054 ad
1430 4999 1489 5055 lteo
1508 4997 1638 5055 dilectum

98 5171 262 5224 simeone.
275 5170 375 5221 Eorum
401 5168 442 5230 qui
463 5170 520 5217 tuuc
540 5179 554 5216 a
573 5161 793 5215 carolodaseirera
846 5156 905 5209 «td
919 5143 1533 5214 omsteudun,irquit‚hudcrteuprtnoraaraqnt
1548 5140 1638 5205 carah,

98 5229 794 5298 ituitatmunmteste,tngetmmnusnuperremeran'us
839 5222 941 5285 iubente
953 5218 1066 5272 mahilde
1086 5216 1182 5280 regine
1201 5216 1357 5266 sacramento
1374 5222 1401 5262 aa
1421 5208 1639 5271 confirmaverant,

114 5305 225 5366 inimus,
244 5315 309 5355 nunc
330 5301 452 5353 ludovico
472 5298 610 5350 Germanic
634 5296 686 5360 regi
708 5300 794 5347 ructor
842 5287 1151 5353 quodnonserraremnt,
1171 5282 1318 5334 sedensue
1341 5280 1412 5344 parte
1434 5287 1538 5339 menum
1558 5273 1638 5328 ceruit

110 5372 181 5433 requi
194 5368 331 5421 invadendi.
343 5368 377 5418 lic
390 5367 430 5418 his
442 5378 501 5429 erqo
513 5364 639 5417 limenius
650 5363 714 5414 idem
734 5363 794 5415 timo
842 5353 1030 5419 pessumdantes
1043 5350 1126 5403 hostili
1138 5360 1207 5401 nore
1218 5347 1391 5399 devastavere.
1405 5341 1522 5396 Similiter
1543 5347 1569 5395 ct
1587 5341 1639 5393 hu·

99 5437 257 5557 rcasgorec
269 5434 404 5488 amnem
427 5431 581 5485 bertinianis
600 5431 633 5481 ed
651 5443 692 5482 aar.
719 5427 793 5495 815),
842 5422 942 5543 gmon
965 5431 1020 5473 com
1041 5431 1085 5471 suo
1097 5416 1207 5470 exercitu
1226 5415 1290 5468 mem
1311 5423 1415 5477 ragnum
1438 5407 1637 5478 pmnmdedttn

100 5516 142 5570 sp.
200 5520 207 5552 ι
907 5525 914 5541 .
