3794 6104
189 231 242 286 123
314 232 316 236 '

696 229 867 286 HINCllde
880 229 1082 289 llHEllENSlS
1097 232 1372 291 xacfltavtscovt.

1795 236 1849 293 124

192 350 319 424 qualitate
348 351 495 409 voluntatis
522 362 547 409 et
575 353 688 410 actionis
715 363 955 412 remunerarentur
975 372 991 410 a
1005 354 1115 416 Abona
1129 359 1373 429 perseverandum,
1385 357 1502 413 liberum
1516 356 1673 423 arbitrium,
1685 356 1776 429 gratia
1785 355 1853 412 libe-

191 441 259 497 Deo.
270 439 322 510 Qui
332 440 397 498 ideo
412 442 498 498 bonus
513 452 553 498 est
567 444 630 515 quia
645 443 709 512 vult,
721 459 775 500 nou
790 445 854 517 quia
865 445 993 517 cogitur;

192 529 292 601 quique
308 530 409 585 bonum
423 531 492 586 velle
506 547 561 586 non
590 548 622 586 ex
651 532 797 602 accidenti,
829 534 878 588 sed
910 541 937 588 ut
967 541 994 588 et

190 617 278 673 bonus
288 627 313 673 et
328 619 499 690 omnipotens
515 628 587 675 esset
597 620 777 676 essentialiter
801 621 892 676 habet.
930 621 988 688 Cui,

189 707 337 763 secundum
353 708 532 779 quorumdam
543 708 699 778 opinionem
717 752 723 774 ,
752 710 895 765 sententiae
936 725 991 764 non

189 804 326 868 repugnat
356 797 428 868 quod
443 796 507 852 dicit
534 797 703 867 Apostolus:
734 799 864 870 seipsam
889 815 991 870 negare

188 889 359 957 conpetere
389 886 413 949 (l
428 886 497 940 lira.
514 889 555 954 u).
584 886 671 942 Porro
699 902 750 941 nec
778 900 912 957 peecare,
944 901 995 943 nec

190 974 260 1027 mori
274 981 372 1043 potest.
389 973 421 1027 Et
437 981 526 1028 tamon
542 990 596 1029 non
612 973 681 1029 lalso
696 975 810 1045 augelus
837 983 863 1029 et
892 977 994 1033 homo,

191 1060 236 1131 qui
251 1069 364 1131 potuere
379 1077 506 1132 peccare,
523 1062 650 1133 imaginis
679 1071 706 1117 et
721 1063 904 1118 similitudinis
935 1065 995 1133 ejus

189 1148 318 1221 dignitate
334 1150 426 1205 donati
441 1151 579 1223 leguntur.
597 1151 667 1220 Quia
688 1151 762 1206 aliud
788 1160 828 1206 est
844 1152 995 1207 similitudo

188 1238 302 1293 etallud
321 1239 493 1311 signaculum
522 1239 714 1304 similitudinis,
731 1249 757 1294 et
787 1240 862 1295 aliud
890 1239 992 1313 imagi-

193 1342 256 1380 nem
271 1343 333 1382 esse
348 1334 374 1381 et
388 1326 461 1380 aliud
477 1327 511 1381 ad
526 1328 674 1400 imaginem
698 1327 796 1383 lactum
817 1345 888 1384 esse.
916 1329 996 1384 Solus

188 1414 290 1485 quippe
317 1415 554 1470 consubstantialis
582 1416 666 1471 Filius
695 1417 876 1472 essentialiter
899 1418 990 1489 imago

186 1502 332 1557 invisibilis
346 1510 373 1558 el
389 1504 520 1574 splendor
535 1513 561 1559 et
581 1503 669 1578 ligura
697 1514 738 1561 est
767 1506 923 1562 substantiae
939 1506 992 1561 Dei

187 1590 283 1647 Patris.
301 1591 346 1647 Sic
369 1593 404 1647 ad
433 1593 632 1665 Omnipotentis
660 1596 709 1650 liae
734 1595 777 1649 vel
805 1595 894 1667 magis
923 1611 985 1650 om-

90 1695 93 1702 ·
186 1678 503 1763 nipolentiampertinet,
523 1681 586 1754 quia
605 1683 676 1737 aliud
704 1699 758 1737 uon
788 1693 875 1753 potest
904 1700 983 1754 quarn

188 1768 290 1824 bonum
305 1770 384 1834 velle,
402 1779 428 1825 et
449 1771 522 1825 aliud
545 1787 626 1842 quam
651 1772 738 1826 bonus
766 1781 792 1827 et
813 1773 984 1843 omnipotens

1045 450 1141 509 ratum,
1158 451 1185 497 et
1199 443 1330 515 gratieda
1345 449 1614 512 corruptosanatum,
1624 441 1849 514 gratiapraeveu-

1044 539 1111 600 tum,
1128 533 1251 601 adjutum
1265 541 1290 587 et
1306 532 1502 588 coronandum.
1520 533 1543 586 Α
1558 531 1629 586 bono
1658 538 1748 585 autem
1778 529 1847 584 dest·

1044 619 1129 686 ciens,
1146 621 1213 675 etin
1228 620 1300 675 malo
1315 619 1460 691 prolicieus
1475 621 1567 685 bomo,
1583 628 1645 690 post
1660 634 1755 675 casum
1764 617 1847 690 primi

1044 709 1162 763 hominis
1180 709 1263 764 habet
1287 709 1429 764 arbitrium
1455 709 1579 776 liberum,
1610 707 1715 764 seilicet
1735 706 1847 776 justitia

1044 796 1170 864 liberum,
1199 798 1305 869 peccati
1328 814 1438 852 servum
1455 816 1461 851 ε
1479 813 1533 868 quo
1552 795 1598 868 qui
1626 812 1656 850 se
1684 795 1846 867 elonganta

1044 887 1103 941 Deo
1118 887 1225 941 volente
1240 902 1411 959 congregare
1435 884 1505 941 filios
1532 885 1649 940 nolentis
1679 884 1843 952 Jerusalem,

1044 975 1179 1045 peribunt.
1196 976 1273 1030 Unde
1289 976 1350 1046 (prin
1371 974 1458 1045 gratia
1473 974 1520 1029 Dei
1555 982 1605 1042 est,
1632 973 1753 1028 salvatur
1768 989 1846 1027 mun-

1045 1059 1115 1123 dus,
1133 1068 1159 1114 et
1173 1059 1236 1130 quia
1264 1059 1335 1114 inest
1356 1059 1471 1114 liberum
1498 1058 1638 1113 arbitrium
1666 1057 1780 1122 bomini,
1799 1057 1844 1126 ju·

1044 1148 1179 1203 dicabitur
1193 1148 1320 1202 mundus.
1337 1148 1377 1202 Ex
1392 1148 1435 1202 lris
1449 1163 1564 1218 namque
1578 1145 1755 1202 rationalibus
1770 1162 1844 1201 crea·

1045 1237 1123 1305 turis,
1140 1236 1264 1309 angelica
1278 1236 1406 1292 videlicet
1419 1245 1445 1291 et
1460 1237 1586 1299 bumana,
1605 1233 1720 1306 angelos
1749 1233 1786 1289 ud
1814 1250 1843 1289 se

1045 1325 1268 1398 cognoscendum
1299 1335 1379 1396 atquc
1409 1333 1539 1396 perpetuo
1577 1323 1789 1379 collaudandum
1817 1323 1843 1377 in

1046 1414 1148 1469 coelesti
1158 1414 1243 1486 gloria
1265 1414 1418 1470 collocavit.
1434 1415 1510 1469 Unde
1524 1430 1586 1483 pars
1595 1412 1721 1484 quaedam
1730 1411 1844 1484 angelo-

1045 1519 1152 1557 rumex
1168 1502 1296 1573 superbia
1306 1502 1426 1557 debriata
1437 1502 1607 1572 perliberum
1623 1500 1766 1555 arbitrium
1775 1499 1844 1555 ccci·

1046 1591 1092 1659 dit,
1111 1591 1155 1662 qui
1174 1591 1345 1662 appellantur
1360 1591 1460 1646 diaboli
1475 1610 1482 1658 ;
1498 1599 1523 1645 et
1539 1589 1607 1645 tales
1631 1603 1682 1644 suo
1702 1589 1768 1644 vitio
1785 1596 1843 1643 suot

1046 1679 1144 1745 effecti,
1161 1688 1189 1734 ut
1200 1681 1320 1749 jamnon
1330 1680 1413 1734 velint
1423 1696 1473 1735 noc
1488 1680 1593 1749 possint
1603 1676 1841 1732 nteritiesseboui.

1039 1769 1113 1826 Sicut
1132 1777 1158 1824 et
1170 1769 1208 1823 illi
1225 1769 1270 1840 qui
1286 1785 1336 1840 per
1349 1769 1466 1823 liberum
1481 1767 1625 1822 arbitrium
1650 1765 1678 1821 in
1707 1765 1842 1822 voluntate

187 1871 264 1924 esse,
294 1866 319 1914 et
347 1860 469 1929 seipsum
497 1876 608 1931 negare,
638 1876 753 1930 peccare
782 1877 914 1932 quoque,
944 1862 988 1917 vel
1039 1857 1190 1913 Conditoris
1198 1865 1417 1927 permanserunt,
1430 1856 1516 1927 ipsius
1525 1856 1614 1929 gratia
1628 1863 1654 1910 et
1666 1855 1843 1910 retributione

187 1947 267 2009 mori,
283 1949 391 2018 mutari,
409 1947 475 2018 lalli,
493 1949 577 2003 nriser
601 1949 669 2019 lieri,
701 1951 838 2006 seuvinci
865 1958 920 2004 non
943 1966 989 2020 po
1034 1946 1490 2017 justitiaeacceperuntinmunerc
1520 1945 1593 2016 quud
1624 1944 1749 2008 Creator,
1771 1943 1843 2013 eujus

188 2043 249 2092 test.
267 2037 331 2092 llaec
346 2046 427 2109 atque
439 2038 593 2107 hujusmodi
608 2039 678 2093 absit
696 2048 723 2093 ut
753 2040 840 2110 possit
861 2038 989 2110 Omnipo
1038 2035 1208 2108 signaculum
1223 2035 1405 2089 similitudinis
1421 2042 1494 2101 sunt,
1513 2034 1594 2088 babet
1612 2033 1733 2088 essentia
1748 2040 1776 2087 ut
1791 2048 1842 2086 non

186 2131 260 2180 tens.
282 2126 335 2181 Sed
352 2128 414 2197 quia
429 2144 483 2182 non
497 2128 563 2193 vult,
579 2144 633 2184 non
648 2136 747 2200 potest,
777 2128 841 2199 quia
868 2136 895 2184 et
918 2128 988 2183 velle
1037 2125 1121 2181 velint
1135 2140 1187 2180 nec
1201 2125 1310 2179 valeant
1326 2140 1388 2179 esse
1404 2123 1476 2177 mali.
1509 2122 1650 2177 Hominem
1669 2119 1842 2192 veroop'riex

188 2229 242 2269 non
257 2222 356 2285 potest.
382 2217 444 2270 Non
460 2216 532 2271 enim
559 2225 649 2287 potest
669 2216 771 2285 justitia
798 2217 868 2273 velle
896 2216 988 2272 lacere

188 2302 261 2372 quod
276 2302 405 2371 injustum
420 2312 471 2368 est,
487 2312 532 2358 aut
559 2304 691 2374 sapientia
720 2304 790 2360 velle
820 2305 893 2375 quod
922 2304 989 2359 stul-

188 2396 318 2456 tumeat,
344 2399 389 2445 aut
415 2392 514 2446 veritas
543 2392 614 2448 velle
643 2393 715 2462 quod
744 2392 841 2447 salsum
867 2399 918 2448 est.
950 2397 989 2447 Ac

187 2494 236 2549 per
250 2479 303 2535 boe
318 2495 373 2534 non
389 2480 476 2534 solum
506 2481 624 2535 ostendit
650 2481 749 2536 veritas
769 2480 989 2551 Omnipotentem

188 2582 244 2623 non
260 2569 407 2640 essequod
423 2569 474 2623 ista
486 2586 540 2625 non
555 2570 652 2641 possit,
670 2572 718 2625 sed
730 2570 812 2624 etiam
825 2571 898 2643 cogit
914 2571 988 2626 veri-

187 2663 231 2711 tas
246 2657 459 2728 omnipotentem
473 2675 528 2714 non
556 2675 617 2714 esse
632 2659 677 2731 qui
692 2660 752 2715 haec
777 2659 872 2730 possit.
892 2659 990 2715 Valens

187 2745 261 2801 enim
275 2754 317 2801 est
332 2748 405 2801 Deus
420 2747 551 2819 quidquid
562 2755 603 2803 est
621 2765 627 2802 :
643 2756 761 2803 aeternus
783 2764 861 2821 ergo,
893 2755 919 2802 et
944 2748 989 2801 in-

187 2834 398 2901 commutabilis,
415 2844 440 2890 et
461 2852 552 2900 verax,
570 2846 596 2891 et
621 2836 725 2901 beatus,
744 2844 770 2890 et
799 2836 990 2907 insuperabilis

188 2921 285 2977 volens
300 2931 352 2976 est.
382 2923 410 2979 Si
439 2939 507 2996 ergo
531 2931 621 2995 potest
649 2941 711 2980 esse
739 2925 812 2996 quod
840 2941 895 2980 non
922 2924 988 2994 vult,

1038 2214 1113 2268 Deus
1126 2229 1242 2285 corpore
1257 2214 1290 2267 de
1304 2212 1369 2267 limo
1381 2222 1461 2267 terrm
1471 2210 1608 2276 formavit,
1621 2210 1664 2265 cui
1679 2210 1800 2265 animam
1810 2210 1842 2263 de

1038 2301 1308 2373 incomprehensibili
1324 2302 1402 2356 nobis
1419 2293 1601 2356 suae'virtutis
1621 2315 1715 2370 opere,
1742 2298 1771 2353 iu
1786 2313 1844 2352 mo-

1039 2391 1116 2446 ribus
1130 2399 1157 2447 et
1171 2391 1320 2445 aeternitate
1348 2390 1381 2444 ad
1411 2389 1560 2462 imaginem
1587 2397 1614 2443 et
1641 2387 1843 2443 similitudinem

1040 2496 1117 2535 suam
1132 2480 1279 2544 conditam,
1295 2479 1323 2533 iu
1339 2495 1400 2550 qua,
1418 2477 1547 2533 interiore
1572 2477 1698 2533 videlicet
1717 2476 1841 2540 homine,

1039 2586 1088 2640 per
1102 2566 1185 2623 fidem
1201 2568 1228 2622 in
1242 2567 1320 2622 nobis
1334 2568 1445 2636 habitat,
1478 2565 1634 2621 insullluvit.
1656 2566 1685 2618 ln
1701 2580 1756 2637 quo
1774 2573 1800 2619 et
1823 2564 1845 2619 si

1040 2658 1158 2714 exterior
1172 2658 1359 2712 homoooster
1387 2656 1579 2726 corrumpitur,
1611 2669 1779 2709 renovamur
1800 2653 1843 2707 in-

1039 2747 1154 2801 duentes
1182 2761 1280 2801 novum
1311 2744 1471 2813 hominem,
1503 2743 1549 2815 (lui
1578 2743 1728 2798 secundum
1758 2744 1844 2798 Deum

1041 2842 1150 2891 creatus
1165 2842 1207 2890 est
1222 2834 1376 2902 injustitia,
1398 2841 1424 2888 et
1437 2833 1589 2902 sanctitate,
1606 2840 1632 2887 et
1655 2831 1779 2886 veritate.
1810 2831 1845 2886 Et

1040 2923 1140 2980 lactum
1155 2924 1280 2979 eumdem
1297 2922 1415 2993 primum
1441 2922 1580 2977 hominem
1605 2921 1633 2974 in
1652 2920 1772 2975 animam
1801 2919 1843 2976 vi-

191 3009 363 3081 omnipotens
404 3027 458 3066 non
484 3018 525 3067 est
553 3030 560 3066 :
596 3021 637 3067 est
665 3021 753 3067 autem
794 3012 987 3083 omnipotens,
1022 3020 1159 3096 'ventem
1180 3012 1263 3067 idest
1284 3011 1514 3067 lactamanimam
1544 3010 1713 3078 rationalem,
1743 3008 1845 3064 luctam

188 3113 256 3169 ergo
272 3098 401 3171 quidquid
419 3101 474 3156 vult
485 3108 574 3171 potest
590 3117 596 3154 ε
613 3109 640 3156 et
661 3101 724 3157 ideo
747 3103 819 3173 quod
848 3117 902 3156 non
934 3102 991 3156 vult
1006 3070 1150 3156 (Jcarnem
1166 3100 1357 3167 vivificantem,
1377 3110 1457 3171 atquo
1473 3100 1501 3154 in
1516 3099 1623 3153 duabus
1639 3107 1665 3154 ct
1678 3115 1711 3152 ex
1727 3097 1843 3165 duabus,

187 3202 249 3242 esse
263 3202 318 3243 uon
332 3197 432 3258 potest,
449 3189 495 3260 qui
510 3199 656 3260 propterea
678 3190 777 3245 dicitur
799 3189 989 3260 Omnipotens,
1041 3189 1265 3259 scilicatspiritus
1280 3205 1312 3244 ac
1331 3189 1389 3256 luti,
1416 3188 1574 3242 substantiis
1599 3187 1627 3241 in
1646 3187 1749 3242 unitate
1777 3202 1842 3257 per-

187 3274 317 3347 quoniam
332 3276 463 3348 quidquid
478 3277 534 3333 vult
549 3285 648 3348 potest.
672 3279 711 3333 De
740 3293 793 3349 quo
822 3286 848 3333 et
870 3278 990 3349 psalmus

186 3363 274 3420 dicit:
291 3366 434 3422 lncoeloct
447 3367 478 3421 in
497 3371 572 3422 terra
589 3369 686 3423 ornain
703 3383 873 3440 quacunque
901 3367 990 3422 voluit

186 3452 256 3525 sealt
271 3456 351 3526 (Psal
366 3456 491 3525 cxxxiv).
506 3455 579 3512 Nihil
594 3456 667 3512 enim
685 3456 712 3509 in
728 3455 799 3512 ento
817 3456 858 3510 vel
875 3454 903 3509 in
918 3463 990 3511 terra

187 3541 225 3608 lit,
242 3542 294 3597 nisi
311 3544 383 3615 quod
398 3543 457 3616 ipse
471 3552 517 3599 aut
530 3545 663 3616 propitius
679 3544 752 3612 lacit,
769 3552 815 3600 aut
837 3543 896 3599 steri
917 3545 990 3614 juste

186 3631 329 3703 permittit,
352 3630 405 3701 Qui
434 3634 490 3688 vult
517 3649 613 3688 onrrres
641 3634 765 3689 homiues
798 3633 889 3689 salvos
918 3631 987 3700 steri,

188 3727 215 3774 et
233 3719 369 3776 neminem
383 3721 440 3775 vult
454 3722 556 3792 perire.
577 3721 631 3776 Sed
652 3722 742 3789 justus
772 3722 905 3776 Dominus
931 3721 989 3789 jus·

1040 3294 1116 3333 sonae
1131 3278 1337 3346 subsistentem,
1354 3279 1382 3330 in
1402 3277 1528 3348 paradiso
1557 3275 1728 3343 deliciarum,
1763 3291 1844 3347 quem

1039 3367 1207 3438 plantaverat
1236 3367 1270 3421 ab
1286 3365 1371 3431 initio,
1400 3365 1500 3436 posuit,
1521 3373 1550 3419 ut
1569 3372 1731 3435 operaretur
1760 3379 1838 3429 eum,

1040 3456 1123 3511 veliu
1138 3471 1180 3521 eo,
1198 3455 1305 3510 sicutet
1329 3471 1390 3525 qum
1419 3454 1443 3508 ei
1472 3453 1610 3523 pracepit,
1637 3461 1663 3507 et
1691 3452 1842 3507 custodiret

1039 3562 1073 3601 ne
1088 3545 1136 3600 illa
1150 3544 1305 3601 admitteret
1321 3559 1381 3614 quae
1400 3551 1426 3596 et
1454 3541 1523 3597 sicut
1553 3541 1592 3595 illi
1616 3541 1766 3612 prohibuit.
1794 3540 1842 3596 Cui

1039 3652 1072 3691 ex
1101 3635 1186 3689 latere
1214 3632 1356 3689 fabricavit
1386 3631 1551 3697 mulierem,
1581 3631 1646 3685 dum
1681 3630 1710 3684 in
1746 3645 1840 3685 somno

1039 3723 1163 3793 corporis
1179 3721 1353 3790 obdormivit,
1369 3721 1441 3776 unde
1457 3728 1483 3776 et
1499 3719 1566 3775 dixit
1583 3736 1589 3772 :
1610 3720 1703 3774 Erant
1732 3718 1786 3774 dno
1811 3720 1840 3773 r'n

187 3807 274 3862 titiam
292 3807 421 3879 diligens,
437 3816 464 3863 et
477 3807 648 3878 iniquitatem
662 3824 716 3863 non
732 3807 837 3871 volens,
864 3808 905 3863 eis
920 3824 989 3879 quos
1038 3828 1125 3868 carne
1139 3828 1198 3866 aaa
1208 3811 1287 3877 (Gen.
1310 3810 1359 3880 rr);
1375 3809 1464 3880 itaque
1478 3810 1603 3878 jamnon
1628 3814 1690 3861 suut
1704 3807 1770 3876 duo,
1794 3807 1842 3860 sed

188 3894 223 3949 ad
238 3894 386 3967 imaginem
401 3902 427 3949 et
442 3895 645 3950 similitudinem
661 3911 738 3950 suam
754 3895 826 3958 lecit,
853 3911 904 3951 nec
928 3904 989 3966 post
1038 3915 1092 3953 nna
1112 3915 1186 3967 caro,
1204 3898 1356 3954 secundum
1370 3897 1571 3968 prescientiam
1588 3911 1744 3967 suamque
1766 3895 1839 3952 novit

186 3982 267 4054 primi
294 3982 417 4039 ,hominis
442 3999 537 4040 casum
567 3984 624 4039 vult
652 3984 748 4039 tollore
776 3983 909 4039 violenter
933 4000 989 4039 suae
1038 3987 1130 4043 omnia
1157 3986 1237 4041 etiam
1268 3996 1413 4057 autequam
1448 3984 1523 4049 stant,
1550 4002 1615 4040 vero
1651 3985 1842 4040 demonstrans

185 4069 332 4127 voluntatis
348 4071 491 4128 arbitrium
506 4072 640 4139 liberum;
658 4072 756 4144 quibus
772 4072 888 4128 reddere
903 4088 988 4143 para·
1038 4077 1139 4133 indicio
1154 4075 1282 4148 quoniam
1297 4075 1356 4129 siue
1377 4074 1564 4130 transfusione
1591 4073 1705 4128 seminis
1729 4074 1782 4128 viri
1809 4090 1840 4128 ex

186 4166 229 4215 tus
256 4167 297 4215 est
322 4160 457 4228 meritum,
480 4170 509 4217 ut
535 4162 675 4233 Scriptura
700 4162 867 4216 demonstrat
890 4179 896 4215 :
922 4162 989 4228 Quis
1038 4164 1136 4221 lomina
1155 4165 1214 4236 ipse
1229 4173 1359 4220 venturus
1374 4179 1437 4218 esse
1457 4163 1486 4217 in
1501 4178 1624 4228 carnem,
1654 4163 1688 4216 ad
1710 4161 1841 4217 redimen-

183 4248 383 4321 eramquiens,
415 4251 633 4324 doatoqaivelt
653 4251 849 4320 nitnnrtesnt
871 4251 988 4320 xxxxiv.)
1038 4253 1265 4318 dumhominem,
1283 4250 1607 4324 quiincarnecoudidit
1630 4249 1779 4304 bominem.
1808 4251 1840 4303 Et

184 4337 219 4394 Et
232 4353 265 4395 ac
289 4337 313 4393 si
336 4340 513 4410 respondenti
539 4357 544 4394 :
569 4341 638 4412 Ego,
662 4338 794 4395 Dominus
817 4339 910 4409 dicit:
937 4340 988 4396 at·
1039 4342 1160 4415 quicum
1185 4341 1327 4397 fabricavit
1351 4357 1384 4395 ex
1411 4340 1535 4412 pulvere,
1564 4355 1617 4412 quo
1646 4338 1705 4395 sine
1731 4337 1842 4394 seminis

184 4428 985 4501 verlcomulo,elsaedonant.(ibid.)Eteregionevo-
1001 4428 1218 4492 Dtrauslusione
1247 4429 1385 4484 bominem
1414 4428 1478 4484 lecit
1504 4445 1536 4483 ex
1568 4427 1688 4492 humine,
1718 4427 1841 4482 homiues

182 4514 243 4571 lens
259 4517 358 4573 salvari
372 4516 437 4572 dicit
453 4534 459 4570 :
481 4517 643 4573 l'oluntnric
654 4517 815 4586 sacrificabo
833 4518 882 4572 tibi
893 4517 988 4587 (Psol.
1042 4536 1150 4593 quoque
1165 4519 1311 4575 fabricetur
1320 4535 1353 4574 ex
1369 4517 1606 4589 seminaQuique
1621 4516 1745 4587 corporis
1755 4523 1841 4571 morte

183 4605 254 4677 urit).
271 4607 304 4661 Et
322 4623 328 4658 :
344 4608 389 4662 liar
409 4607 552 4663 uoluntate
579 4621 642 4659 trinu
670 4605 881 4672 semmelmehl
901 4605 989 4676 tl‘sol,
1042 4610 1070 4664 in
1102 4625 1183 4665 eruce
1211 4624 1262 4680 pro
1289 4607 1415 4662 omnibus
1440 4607 1536 4662 mortis
1564 4605 1743 4673 debitoribus
1768 4605 1841 4660 solus

182 4694 286 4765 xxvrr).
307 4696 346 4750 De
370 4712 424 4766 quo
439 4694 570 4766 scriptum
591 4700 633 4747 est
657 4709 664 4745 :
694 4693 764 4762 Quia
787 4710 845 4749 non
861 4692 993 4766 privabit
1042 4697 1111 4753 inter
1125 4706 1245 4754 mortuos
1259 4696 1330 4753 liber
1349 4695 1476 4751 amortis
1490 4693 1583 4749 debito
1598 4692 1750 4763 dormiens,
1767 4710 1840 4765 prae-

184 4779 263 4835 bonia
273 4797 318 4839 eoa
329 4785 376 4854 qui
385 4785 534 4840 irrotulent
544 4782 748 4837 iaittaoceatt'd
758 4782 845 4849 (Paol-
856 4780 989 4850 uttam)-
1040 4786 1191 4841 destinatus
1206 4784 1288 4841 Filius
1303 4784 1353 4840 Dei
1377 4785 1405 4840 in
1420 4783 1519 4838 virtute
1536 4783 1685 4838 secundum
1711 4782 1840 4854 Spiritum

183 4867 218 4924 Ut
232 4876 321 4923 autem
350 4871 518 4928 ambulantes
546 4871 685 4927 ambulent
708 4878 733 4925 ct
755 4877 936 4942 perseverent
964 4869 992 4922 in
1041 4873 1272 4939 sanctificationis,
1287 4882 1312 4929 et
1334 4873 1589 4944 praedestinatorum
1603 4871 1725 4926 omnium
1749 4879 1838 4942 caput,

183 4955 347 5021 innocentia,
364 4969 441 5015 sanat
463 4968 490 5015 et
505 4962 617 5031 adjuvet
635 4977 729 5016 eorum
752 4959 892 5014 arbitrium
916 4974 982 5031 gra·
1047 4979 1079 5020 rc
1095 4964 1196 5032 lumen,
1214 4970 1293 5034 atquo
1308 4962 1461 5033 exemplum
1477 4960 1563 5016 lactus
1575 4977 1606 5014 ex
1623 4959 1746 5028 muliere,
1763 4959 1843 5032 legis·

184 5045 231 5112 tia,
255 5052 398 5101 attestante
421 5050 550 5118 Apostolo
568 5069 574 5104 :
592 5053 689 5106 Gratia
708 5050 757 5105 Dei
782 5048 812 5102 ia
834 5063 879 5103 nne
901 5064 990 5102 vacua
1040 5069 1092 5125 que
1107 5052 1176 5108 lator
1190 5051 1235 5123 qni
1247 5051 1302 5124 legi
1318 5051 1384 5105 nihil
1398 5051 1521 5116 deberet,
1539 5048 1628 5105 lactus
1643 5049 1693 5102 sub
1707 5048 1839 5104 obedien-

182 5152 240 5192 non
254 5136 322 5206 soit,
341 5134 390 5190 aad
407 5136 598 5194 alrandantias
612 5140 671 5194 illis
684 5137 812 5194 omnibvs
836 5136 975 5191 laborari:
1040 5141 1076 5196 tia
1092 5140 1171 5211 legis,
1188 5149 1217 5194 ut
1227 5156 1276 5195 eos
1289 5139 1335 5208 utri
1351 5139 1471 5212 sublege
1486 5138 1593 5210 peccati
1608 5146 1634 5193 ct
1647 5136 1742 5191 mortis
1757 5134 1842 5191 futuri

183 5240 241 5280 non
251 5228 348 5282 autem
363 5239 421 5297 epo,
434 5222 482 5280 sed
497 5227 590 5295 gratio
603 5229 653 5282 Dei
667 5243 778 5283 enecata
798 5225 824 5297 (l
847 5224 907 5280 Cor.
918 5223 978 5292 xv).

220 5320 324 5391 Quibus
337 5330 363 5378 et
377 5321 438 5377 aliis
454 5319 601 5391 Scripturas
611 5324 761 5390 sententiis,
780 5322 907 5395 quoniam
923 5328 985 5393 post

183 5424 277 5465 casum
291 5409 368 5480 primi
385 5407 692 5465 ltominisiuesthomini
703 5411 738 5465 ad
748 5411 817 5467 bene
830 5410 987 5475 volendum,

184 5506 211 5559 el
224 5497 259 5554 ad
274 5497 374 5554 bonum
388 5496 583 5572 incipiendum,
600 5503 627 5552 et
639 5497 837 5570 perficiendum
852 5508 935 5575 atque
957 5497 985 5553 in

1039 5238 1126 5298 arunt,
1136 5228 1290 5296 redimeret,
1306 5236 1335 5282 ut
1349 5226 1521 5297 adoptionem
1551 5224 1680 5289 liliorum,
1699 5241 1782 5298 quam
1813 5224 1839 5279 in

1039 5319 1124 5374 Adam
1139 5316 1270 5389 perdituri
1285 5331 1404 5383 erarnus,
1422 5316 1608 5386 reciperemus
1625 5331 1632 5367 :
1648 5312 1734 5369 deltis
1750 5313 1795 5386 qui
1816 5314 1842 5368 in

1039 5423 1101 5464 eum
1116 5407 1227 5462 credere
1245 5404 1387 5473 voluerint,
1405 5404 1462 5459 sive
1478 5403 1625 5460 adventum
1639 5403 1698 5472 ejus
1713 5402 1742 5457 in
1757 5417 1841 5458 carne

1038 5504 1237 5580 praecesserint,
1253 5504 1310 5560 sive
1324 5502 1405 5559 etiam
1421 5501 1510 5558 forent
1525 5502 1603 5559 sicuti
1619 5502 1695 5575 (nam
1712 5518 1840 5576 pergra-
