3794 6104
120 160 171 213 aaa
565 153 736 212 amomum
753 147 954 210 hmunusts
977 148 1252 208 ancumrvscorr.
1690 137 1693 140 ⁴
1721 157 1771 210 sss
1804 237 1807 241 ἢ

120 283 238 356 scriptis,
258 290 285 339 et
297 274 380 340 'etiam
403 280 585 354 praesentibus
603 280 701 338 vestris
723 279 824 349 missis,
834 304 838 309 ‚
849 273 954 336 adeoA
967 277 1057 349 cipue,
1072 279 1101 332 in
1116 294 1197 350 quem
1211 284 1316 333 tantam
1330 277 1571 335 comminationem
1595 279 1766 352 intentastis,

122 388 156 429 ex
169 379 261 429 vestra
276 374 399 443 iussione
421 371 513 428 verbis
536 370 621 426 restiti
634 369 703 440 regi,
720 385 751 424 ac
771 383 918 439 regnorum
969 382 1036 439 erga
1050 382 1146 440 regem
1160 375 1283 423 nostrum
1298 383 1396 440 gerere
1406 368 1575 436 debeamus,
1591 383 1657 425 curn
1671 368 1769 425 beatus

121 461 298 534 primoribus,
310 469 339 517 ut
354 469 380 517 et
389 477 481 517 coram
492 460 594 516 eisdem
609 459 699 514 missis
709 458 919 514 comminaretur
968 455 1135 527 Augustinus
1165 456 1288 526 Apostoli
1311 471 1450 526 exponens
1482 456 1648 512 sententiam
1669 457 1766 513 dicat:

121 548 198 617 mihi,
225 551 355 621 quoniam
378 549 402 607 si
425 549 454 604 in
476 564 538 605 mea
561 547 694 604 sententia
716 560 917 618 permanerem,
971 543 1165 614 «Apostolicu,
1182 544 1278 616 inquit,
1289 544 1423 610 doctrina,
1435 552 1464 600 ut
1472 545 1562 600 omnis
1573 545 1666 600 anima
1679 547 1767 602 subli-

121 637 247 695 adaltare
261 637 395 698 Ecclesiae
415 654 484 694 meas
504 645 613 694 cantare
635 652 756 707 possem,
779 635 814 691 de
838 633 919 690 rebus
968 631 1101 687 mioribus
1118 632 1298 704 potestatibus
1317 634 1425 688 subdita
1440 634 1484 701 sit,
1514 640 1541 689 et
1564 640 1596 689 ut
1616 633 1769 690 reddantur

121 742 188 784 vero
207 734 234 783 et
255 726 409 783 hominibus
430 725 533 782 nullam
554 732 717 797 potestatem
736 724 876 790 haberem,
903 738 919 778 a
969 721 1095 777 omnibus
1109 721 1211 785 omnia,
1227 721 1270 776 cui
1290 722 1420 777 tributum
1435 722 1571 792 tributum,
1588 722 1633 779 cui
1650 723 1769 797 vectigal

121 822 215 871 vestra
228 815 418 873 communione
432 831 487 871 non
496 814 584 871 debeo
600 814 722 885 separari
741 811 856 869 aliorum
876 810 919 867 la·
969 810 1095 883 vectigal,
1112 818 1138 866 at
1152 819 1261 877 caetera,
1278 811 1356 866 salvo
1370 811 1478 867 Domini
1493 812 1580 868 nostri
1593 810 1680 879 cultu,
1700 827 1767 869 con·

120 903 255 961 ctionibus
270 920 395 975 quorum,
411 912 543 976 quantum
557 919 642 959 exme
657 911 707 969 est,
719 917 775 958 nou
794 916 918 957 commu·
969 899 1115 954 stitutionis
1131 899 1256 954 humanae
1280 899 1448 971 principibus
1476 900 1636 968 reddamus,
1659 902 1768 974 quando

121 992 183 1049 nico
207 1008 374 1066 quaecunque
403 1000 465 1049 sunt
499 991 652 1048 tenebrosis
683 990 822 1062 operibus.
854 990 917 1058 Qui,
970 996 995 1044 et
1003 987 1061 1058 ipse
1076 987 1256 1054 Dominus,ut
1269 989 1349 1044 nobis
1364 990 1444 1059 hujus
1455 1004 1540 1045 sacrae
1549 989 1686 1046 doctrinae
1694 1007 1767 1061 pre-

120 1081 207 1153 inquit
218 1082 360 1148 Dominus,
372 1083 532 1154 peccauerit
540 1080 622 1146 milti,
635 1079 729 1136 delebo
739 1095 804 1136 cum
810 1079 842 1134 dc
850 1079 919 1135 libro
969 1077 1046 1132 beret
1061 1076 1224 1148 exemplum,
1240 1093 1291 1148 pro
1300 1077 1388 1148 capite
1403 1077 1530 1144 hominis,
1547 1093 1602 1150 quo
1612 1087 1672 1134 erat
1688 1079 1768 1134 indu·

119 1170 492 1241 mealtuet.x1v,s);et
516 1187 522 1223 :
543 1169 647 1224 Animo
666 1184 727 1241 qoae
750 1169 917 1240 peccaverit,
969 1172 1021 1231 tus,
1038 1165 1168 1220 tributum
1183 1165 1291 1222 solvere
1301 1182 1357 1222 non
1376 1166 1540 1240 dedignatus
1561 1175 1614 1223 est.
1634 1167 1768 1224 lubentur

118 1255 916 1332 ipsamorieturffiaectsvm,aa).sedetinpecuanvihus,
969 1254 1050 1308 etiam
1070 1255 1143 1310 servi
1167 1253 1312 1309 Christiani
1336 1263 1363 1310 et
1384 1254 1480 1311 fideles
1494 1255 1559 1310 boni
1578 1256 1701 1312 dominis
1714 1256 1768 1312 suis

118 1354 147 1403 ut
160 1347 231 1404 bene
241 1347 338 1414 nostis,
350 1354 376 1402 et
383 1345 481 1402 beatus
495 1345 559 1402 dicit
568 1344 727 1419 Gregorius,
745 1360 834 1401 causae
848 1360 918 1415 pen·
969 1342 1163 1413 temporalibus
1177 1343 1367 1415 equanimiter
1381 1343 1549 1417 fideliterque
1565 1344 1686 1410 servire,
1703 1360 1769 1417 quos

119 1436 212 1492 sande
227 1443 299 1502 sunt,
311 1443 338 1492 et
354 1443 417 1492 tunc
430 1435 533 1508 ligandi
547 1442 630 1507 atque
652 1434 775 1490 solvendi
799 1441 919 1504 potestas
966 1430 1113 1501 judicaturi
1136 1439 1207 1498 sunt,
1228 1432 1252 1486 si
1270 1448 1356 1503 usque
1377 1431 1405 1487 in
1420 1431 1504 1488 tinem
1526 1433 1638 1505 iniquos
1657 1433 1769 1491 invene·

119 1524 280 1582 exercenda.
304 1521 372 1592 Quas
401 1532 533 1594 potestas,
558 1530 587 1579 ut
614 1523 669 1579 Leo
700 1523 775 1591 dioit,
799 1523 828 1577 in
850 1522 919 1578 alios
969 1522 1033 1588 rint,
1050 1527 1096 1574 aut
1111 1536 1172 1576 cnm
1195 1520 1295 1592 quibus
1315 1521 1455 1594 regnaturi
1484 1529 1556 1590 sunt,
1587 1522 1659 1578 siet
1681 1522 1770 1579 illiad

118 1612 266 1685 apostolos,
284 1613 359 1669 etad
373 1627 468 1668 omnes
482 1611 614 1669 Ecclesiae
629 1612 767 1683 principes
778 1626 916 1668 commea·
932 1624 1065 1692 Bverum
1079 1610 1165 1665 Deum
1181 1610 1309 1666 conversi
1321 1608 1431 1665 tuerint.
1449 1609 1583 1666 Omnibus
1592 1618 1688 1667 tamen
1698 1627 1768 1684 prae-

117 1701 156 1758 vit
172 1718 180 1757 :
196 1701 317 1758 sedideo
332 1700 508 1773 singulariter
523 1701 601 1757 Petro
615 1700 745 1768 creditur,
763 1700 828 1773 quia
846 1717 916 1757 cun-
969 1698 1066 1769 cipitur
1081 1699 1183 1755 servire
1203 1699 1330 1754 humanis
1343 1700 1523 1770 potestatibus
1543 1707 1626 1773 atque
1641 1701 1767 1768 terrenis,

118 1789 170 1846 ctis
191 1789 323 1847 Ecclesiae
355 1789 505 1845 rectoribus
529 1788 599 1844 Petri
630 1788 716 1844 forma
743 1790 915 1860 proponitur.
970 1803 1024 1859 quo
1040 1803 1125 1858 usque
1140 1795 1202 1858 post
1218 1796 1325 1859 tempus
1339 1786 1512 1861 praefinitum,
1529 1788 1564 1844 ab
1574 1789 1656 1844 istius
1681 1789 1769 1848 saecuh
1812 1824 1814 1828 -

119 1877 209 1935 blanel
231 1893 298 1951 ergo
315 1877 388 1934 Petri
402 1877 585 1951 privilegium,
609 1878 764 1949 ubicunque
789 1877 919 1949 exipsius
969 1874 1139 1945 confusione,
1157 1885 1286 1948 tanquam
1299 1877 1334 1933 de
1349 1877 1504 1949 captivitate
1519 1877 1689 1950 Babylonia,
1705 1879 1770 1935 sicut

117 1967 204 2024 fertur
218 1966 344 2039 equitate
356 1965 489 2036 jndicium
501 1982 507 2022 :
519 1982 571 2023 uec
586 1966 667 2021 nimia
688 1974 731 2022 est
745 1967 789 2023 vel
814 1967 917 2023 severi·
970 1965 1139 2021 Hierusalem
1163 1964 1295 2022 liberetur
1307 1965 1444 2022 Ecclesia.
1460 1967 1501 2022 Ex
1516 1967 1594 2036 cujus
1608 1966 1769 2039 captivitatis

118 2063 170 2123 tas,
182 2055 226 2112 vel
241 2056 376 2122 remissio,
393 2054 515 2111 ubinihil
531 2063 571 2111 est
581 2055 918 2128 ligatumnihilsolutum,
970 2053 1126 2122 occasione,
1139 2054 1163 2109 si
1172 2055 1255 2109 etiam
1272 2055 1374 2111 terreni
1386 2071 1479 2127 reges,
1490 2055 1609 2113 desertis
1625 2056 1708 2113 idolis
1721 2073 1768 2129 pro

119 2145 172 2201 nisi
186 2144 259 2218 quod
274 2145 370 2202 beatus
385 2145 482 2201 Petrus
502 2152 548 2200 aut
571 2143 708 2219 ligaverit,
734 2152 780 2200 aut
795 2144 915 2201 solverit.
970 2143 1067 2216 quibus
1094 2143 1325 2215 persequebantur
1360 2143 1538 2211 Christianos,
1568 2161 1654 2201 uuum
1680 2162 1769 2203 vemm

118 2232 240 2305 Qualiter
255 2233 337 2290 etiarn
350 2232 434 2289 irater
449 2241 477 2288 et
488 2232 618 2289 sacerdos
628 2241 720 2289 noster
739 2231 810 2300 Odo,
826 2233 920 2291 Belva·
970 2231 1058 2287 Deum
1073 2240 1099 2287 et
1121 2232 1257 2287 Christum
1272 2233 1417 2288 Dominum
1431 2234 1608 2305 cognoverint
1620 2241 1649 2290 et
1670 2235 1768 2302 colant,

119 2321 210 2379 censis
224 2321 379 2392 episcopus,
395 2336 503 2377 mecum
517 2336 567 2392 pro
581 2321 804 2393 obtemperandis
821 2322 918 2378 vestris
969 2336 1020 2391 pro
1040 2320 1137 2392 quibus
1153 2320 1251 2376 Paulus
1265 2321 1403 2394 apostolus
1415 2323 1493 2392 jubet
1511 2339 1591 2378 orare
1605 2323 1768 2395 Ecclesiam,

117 2407 287 2480 iussionibus
309 2408 481 2475 laboraverit,
498 2408 580 2465 iidem
609 2409 693 2480 legati
720 2409 806 2466 vestri
838 2410 915 2466 vobis
970 2424 1033 2467 cum
1046 2404 1278 2482 persequerentur
1293 2410 1456 2480 Ecclesiam,
1467 2416 1500 2467 ut
1508 2428 1640 2469 securam
1650 2417 1681 2469 et
1693 2418 1769 2471 tram

119 2498 294 2556 innotescere
307 2504 431 2569 possunt.
455 2497 510 2554 Sed
528 2505 555 2553 et
576 2496 636 2553 abae
651 2497 875 2554 comminationes
890 2498 918 2553 in
970 2500 1092 2572 quitiam
1103 2501 1191 2555 vitum
1205 2516 1322 2572 agamus
1337 2501 1497 2557 cumomni
1512 2504 1623 2573 pietate
1637 2507 1667 2559 ct
1682 2506 1770 2560 carti-

26 2627 29 2630 «
121 2601 172 2644 nos
182 2593 246 2643 sunt
255 2585 393 2656 jaculatae,
410 2602 477 2659 quas
492 2586 582 2644 adhuc
603 2585 668 2643 nolo
682 2586 817 2659 prolerre,
834 2602 919 2660 quas·
970 2591 1029 2644 tots
1040 2587 1144 2658 (llius.
1162 2602 1190 2653 ιι,
1203 2588 1242 2659 a),
1255 2589 1323 2645 sicut
1337 2598 1363 2644 et
1378 2588 1424 2645 ille
1433 2589 1770 2663 populusinllabyloniam

121 2691 174 2748 que
188 2675 257 2745 scio,
268 2674 430 2731 siDominus
446 2675 500 2730 illis
515 2674 679 2748 permiserit,
695 2684 723 2731 ut
734 2675 790 2744 jam
813 2675 842 2730 in
856 2675 921 2732 deli·
971 2675 1067 2732 ductus
1080 2692 1131 2747 per
1145 2677 1292 2732 leremiam
1303 2677 1413 2747 iubetur
1434 2693 1513 2734 orare
1527 2694 1578 2750 pro
1596 2695 1666 2752 rege
1680 2681 1771 2754 llabg-

120 2763 269 2831 beratione,
300 2765 336 2820 ita
365 2764 424 2821 sine
445 2765 639 2822 retractatione
667 2763 864 2822 comminantes
892 2765 921 2821 in
970 2762 1059 2835 lunia,
1075 2773 1101 2820 et
1116 2766 1211 2821 beatus
1226 2766 1322 2822 Petrus
1337 2766 1401 2823 dicit
1418 2784 1424 2821 :
1443 2767 1567 2840 sabjecti
1586 2773 1675 2826 estote
1694 2775 1772 2828 omni

121 2867 206 2925 opere
219 2862 373 2911 monstrare
391 2854 537 2910 curabunt.
557 2854 590 2909 Et
612 2861 641 2909 nt
655 2853 721 2909 mihi
736 2855 921 2925 experimento
971 2854 1104 2910 humone
1128 2860 1268 2911 creaturae
1291 2860 1406 2929 propter
1430 2858 1590 2923 Dominum,
1617 2861 1677 2915 siue
1700 2863 1770 2933 regi,

121 2940 237 3012 videtur,
251 2949 364 3013 propter
381 2957 472 2998 meam
490 2942 719 3011 interdictionem,
742 2942 785 2998 vel
809 2950 922 3014 propter
936 2946 1051 3052 Cquusi
1065 2944 1275 3016 praecellantia
1288 2948 1403 3015 Petam,
1421 2946 1475 3016 ta);
1488 2946 1587 3002 etitem
1600 2963 1606 3002 :
1619 2949 1773 3006 Dominum

120 3029 223 3104 lingua
245 3031 373 3086 humanae
395 3029 526 3103 gladium,
551 3031 604 3085 nisi
626 3030 695 3086 alius
714 3030 753 3086 eis
776 3031 918 3102 obstiterit,
976 3034 1083 3098 timete,
1097 3034 1478 3105 repemhonorificats(ibid.,
1491 3034 1774 3105 tl).0mnihumanae

122 3134 172 3175 rex
185 3126 276 3175 vester
285 3118 330 3174 vel
343 3119 420 3191 regni
435 3119 493 3189 ejus
508 3118 643 3190 primores
657 3133 712 3175 non
730 3119 874 3186 dimittent,
890 3128 919 3175 ut
972 3129 1115 3188 creaturae,
1129 3121 1216 3194 iuquit
1230 3122 1326 3178 doctor
1335 3122 1542 3197 sagacissimus,
1558 3126 1634 3181 omni
1648 3125 1775 3201 dignitati

122 3207 196 3280 quod
217 3206 349 3280 coeperint
367 3215 496 3279 quantum
514 3215 640 3279 poterunt
657 3223 712 3264 non
727 3216 918 3280 exsequantur.
972 3209 1123 3277 hominum,
1139 3211 1212 3266 omni
1227 3227 1361 3283 personae,
1378 3211 1453 3268 omni
1472 3213 1646 3285 principatui,
1662 3216 1707 3272 cui
1725 3230 1774 3274 vos

121 3295 156 3353 Et
166 3295 260 3353 nescio
270 3296 408 3368 quomodo
417 3295 592 3370 ipsiusregis,
605 3296 649 3353 vel
659 3296 730 3352 inter
738 3312 807 3369 quos
818 3297 919 3365 habito,
972 3298 1063 3355 divina
1097 3299 1240 3370 dispositio
1275 3300 1354 3356 subdi
1373 3300 1499 3357 voluerit.
1528 3303 1678 3359 illuceat
1700 3304 1773 3361 enim

121 3385 296 3458 praesentiam
311 3394 338 3443 et
352 3385 621 3443 communionemvel
635 3385 803 3443 consortium
814 3386 921 3443 valeam
972 3388 1045 3462 quod
1060 3388 1097 3443 sit
1116 3393 1231 3462 propter
1245 3391 1406 3458 Dominum,
1423 3393 1488 3463 quia
1504 3408 1562 3448 non
1578 3396 1622 3448 cst
1634 3397 1770 3462 potestas,

122 3474 254 3542 devitare,
270 3489 333 3531 cum
347 3490 396 3531 rex
417 3482 444 3531 et
458 3474 647 3532 cohabitantes
662 3490 771 3532 mecum
785 3491 839 3531 una
859 3492 922 3532 oum
971 3479 1031 3534 nisi
1045 3480 1137 3545 olleo,
1153 3482 1181 3534 et
1199 3481 1248 3551 qui
1263 3481 1396 3552 potestati
1407 3481 1525 3546 resistit,
1538 3482 1588 3537 Dei
1595 3482 1773 3541 ordinationi

120 3573 196 3632 rege,
210 3572 266 3614 nou
289 3557 378 3615 solum
391 3557 420 3613 in
434 3560 602 3632 parochiam.
625 3576 720 3616 verum
735 3568 761 3616 et
774 3559 803 3614 in
825 3560 921 3616 civita·
972 3567 1341 3638 reverendorumque).
1357 3569 1390 3623 Et
1405 3568 1589 3625 itemsuuutus
1603 3571 1773 3644 Augustinus

122 3653 176 3703 tem
186 3662 276 3704 meam
293 3663 367 3720 saeps
390 3648 561 3715 conveniant,
578 3656 604 3705 et
618 3648 656 3703 ibi
670 3648 763 3704 tandiu
778 3649 848 3705 sicut
861 3649 922 3722 regi
972 3655 1000 3710 in
1011 3656 1405 3727 sermoneEvaugeliiloannis
1415 3657 1511 3730 (serm.
1523 3658 1551 3730 6)
1567 3675 1574 3712 :
1592 3680 1604 3709 ι
1621 3659 1771 3734 Legamus,

123 3736 275 3807 complacet
288 3737 400 3806 degant,
417 3744 519 3793 etcum
534 3744 608 3792 tanta
623 3736 804 3803 multitudiue,
820 3745 873 3791 tam
888 3739 922 3793 de
972 3742 1068 3815 inquit,
1078 3744 1155 3815 leges
1169 3744 1327 3814 manifestae,
1343 3746 1389 3800 ubi
1408 3755 1597 3817 praeceperunt
1620 3746 1772 3819 imperato·

122 3840 210 3896 reguo
225 3824 298 3896 quod
312 3833 393 3880 antea
406 3823 508 3891 habuit,
524 3840 604 3896 quam
632 3832 658 3880 et
682 3824 716 3879 de
736 3840 820 3895 regno
849 3825 922 3896 quod
972 3846 1028 3897 res,
1046 3831 1154 3902 eosqui
1179 3840 1276 3903 praeter
1291 3834 1432 3890 catholicae
1446 3835 1578 3892 Ecclesiae
1599 3838 1773 3895 communio·

126 3912 270 3967 Lotharius
294 3912 397 3978 habuit,
427 3927 535 3968 necnon
558 3913 593 3967 de
614 3912 675 3967 aliis
689 3911 783 3983 regnis
798 3913 832 3968 ad
860 3930 922 3969 eum
972 3934 1036 3976 nem
1056 3928 1190 3991 usurpant
1211 3920 1262 3975 sibi
1285 3938 1383 3977 nomen
1403 3923 1596 3990 Christianum,
1612 3940 1665 3982 nec
1679 3925 1775 3984 volunt

125 3999 334 4070 confluentibus,
365 4000 435 4057 sicut
455 4000 531 4056 missi
551 4000 635 4056 vestri
663 4001 799 4068 viderunt,
831 4010 857 4058 et
871 4003 923 4060 hoc
972 4006 1170 4080 inpacscolere
1185 4011 1261 4081 pacis
1276 4019 1424 4078 auctorem,
1440 4013 1625 4070 nihilnomine
1639 4014 1774 4072 Ecclesia

125 4103 207 4162 quam
221 4104 294 4160 saepe
308 4089 347 4144 illi
362 4088 479 4157 videtur,
495 4089 641 4146 incivitate
654 4106 715 4146 mea
731 4090 860 4158 sustineo,
876 4093 923 4164 qui
972 4094 1089 4148 audeant
1117 4094 1269 4165 possidere.
1295 4095 1349 4152 Sed
1373 4097 1447 4167 qnid,
1474 4097 1607 4169 inquiunt,
1637 4098 1719 4154 nobis
1747 4110 1773 4156 et

125 4177 270 4233 ecclesiam
287 4186 313 4234 et
339 4178 445 4248 plebem
462 4179 528 4234 mihi
548 4180 721 4235 commissam
735 4180 871 4249 deserere,
897 4190 923 4237 et
972 4182 1153 4253 imperatorii
1168 4183 1221 4238 Sed
1233 4184 1289 4252 jam
1311 4185 1364 4239 dixi
1380 4185 1414 4240 de
1432 4185 1493 4254 jure
1516 4186 1636 4242 humano
1656 4187 1770 4261 agitur:

123 4266 251 4324 aliorsum
266 4275 296 4323 ut
309 4268 494 4324 mercenarius
506 4285 562 4326 non
580 4268 658 4326 valeo
681 4269 785 4342 sugere,
803 4285 854 4327 nec
869 4286 922 4342 quo
973 4279 999 4326 et
1023 4280 1112 4327 tamon
1133 4272 1278 4343 Apostolus
1301 4273 1385 4328 voluit
1415 4274 1512 4329 serviri
1539 4275 1660 4347 regibus,
1686 4277 1773 4334 voluit

124 4365 200 4414 extra
215 4373 329 4431 regnum
345 4358 403 4427 ejus
425 4357 529 4431 fugiam
557 4359 645 4415 habeo
662 4377 669 4414 :
685 4360 734 4415 sed
757 4361 835 4433 regio
850 4360 923 4416 cultu
935 4347 962 4410 D
973 4361 1099 4417 honorari
1115 4378 1206 4434 reges,
1217 4370 1242 4418 et
1255 4361 1321 4417 dixit
1332 4380 1339 4416 :
1352 4365 1639 4433 Reqevitreusremini.
1656 4364 1719 4422 Noli
1731 4366 1772 4421 di-

122 4463 155 4504 eo
170 4455 290 4519 recepta,
304 4448 338 4504 ds
353 4447 546 4504 ecclesiasticis
562 4448 743 4515 facultatibus,
762 4449 830 4505 sicut
851 4466 922 4521 prae·
974 4465 1036 4506 cers
1054 4469 1060 4505 :
1077 4449 1148 4520 Quid
1159 4451 1224 4506 mihi
1241 4460 1267 4507 et
1287 4451 1370 4523 regii
1388 4451 1445 4506 ooli
1465 4452 1557 4507 dicere
1579 4455 1771 4523 possessiones

124 4537 189 4609 cipit
202 4545 228 4592 et
247 4537 368 4608 quandiu
391 4535 523 4607 praecipit,
539 4536 578 4590 illi
593 4545 620 4591 et
641 4538 692 4592 sibi
708 4537 922 4610 obsequentibus
973 4546 1044 4605 tuas,
1061 4540 1105 4610 qui
1121 4548 1147 4596 et
1163 4540 1220 4611 ipsa
1244 4542 1363 4595 humana
1389 4541 1451 4608 jura
1478 4540 1648 4607 renuntiasti,
1670 4544 1770 4614 quibus

125 4624 227 4692 servio,
241 4633 269 4680 ut
292 4626 392 4699 quiete,
423 4625 573 4680 secundum
601 4625 673 4696 quod
698 4627 780 4681 instat
802 4635 920 4699 tempus,
971 4627 1147 4699 possidentur
1169 4630 1393 4700 possessiones«
1411 4629 1445 4683 Et
1473 4630 1496 4682 si
1519 4644 1569 4700 per
1591 4630 1655 4699 jure
1671 4647 1771 4703 regum

125 4726 187 4768 cum
202 4714 267 4768 mihi
277 4713 431 4771 commissis
439 4713 541 4785 degere
556 4713 669 4784 possim.
685 4714 756 4771 Dicit
767 4715 838 4770 enim
853 4718 922 4773 hanc
971 4716 1150 4787 possidebunt
1169 4717 1368 4787 possessiones,
1394 4732 1448 4772 uon
1469 4725 1582 4788 possunt
1605 4726 1634 4772 ut
1654 4720 1714 4792 regi
1736 4721 1771 4776 de

125 4808 288 4871 potestatem
316 4819 379 4859 suos
407 4804 569 4861 decessores
593 4801 732 4870 habuisse,
754 4820 834 4874 quam
863 4805 921 4876 ipse
969 4805 1164 4861 ecclesiasticis
1187 4806 1407 4875 possessionibus
1433 4806 1594 4879 obsequium
1611 4822 1666 4862 non
1688 4809 1769 4864 exbi-

123 4887 223 4943 nullius
237 4889 426 4949 interdictione
435 4892 563 4949 dimittet.
971 4893 1062 4961 beant,
1093 4894 1161 4946 sieut
1186 4900 1376 4949 antecessores
1394 4895 1448 4952 mei
1472 4895 1528 4950 suis
1549 4897 1771 4953 antecessoribus

163 4975 231 5045 Quae
246 4978 338 5032 omnis
355 4995 435 5050 supra
450 4990 477 5037 et
494 4981 563 5037 inira
578 4981 659 5047 dicta,
680 4980 748 5036 sicut
761 4995 816 5035 non
831 4981 865 5037 ad
876 4996 921 5038 ac·
971 4981 1163 5037 exhibuerunt.

125 5064 285 5131 assandum,
315 5064 356 5121 sic
383 5081 435 5124 neo
449 5070 484 5124 ad
498 5070 682 5148 excusandum
697 5069 725 5124 in
744 5070 921 5126 advocatione
1005 5068 1188 5140 Quapropter,
1211 5070 1310 5126 domne
1325 5080 1404 5143 pater
1418 5073 1650 5144 reverentissima,
1666 5089 1769 5131 consu-

123 5153 229 5227 praesati
244 5153 318 5227 regis
331 5154 482 5225 depromo:
499 5166 605 5215 aetatem
619 5159 691 5216 enim
706 5158 796 5225 hahet,
812 5159 871 5229 ipse
886 5160 920 5215 de
969 5155 1015 5212 lite
1030 5158 1179 5214 secundum
1203 5160 1375 5232 privilegium
1391 5162 1464 5218 sadis
1488 5171 1586 5218 vestrae
1605 5163 1769 5232 subjectioni

123 5260 154 5301 se
168 5244 301 5314 loquatur,
317 5258 407 5315 neque
428 5244 462 5297 ad
485 5246 666 5303 resistendum
688 5254 784 5304 vestrae
804 5248 920 5304 auctori·
970 5253 1080 5312 nostrae,
1105 5264 1139 5303 ne
1176 5249 1238 5305 talia
1266 5250 1344 5305 nobis
1377 5251 1563 5323 cujuscunque
1590 5253 1767 5324 suggestione

123 5331 180 5398 tati,
196 5348 286 5403 neque
311 5333 346 5388 ad
363 5331 604 5402 contradicendum
619 5345 717 5392 vestrae
732 5337 918 5410 praeceptioni,
969 5336 1114 5402 mandetis,
1140 5339 1211 5394 unde
1239 5339 1310 5394 inter
1329 5340 1511 5412 episcopalem
1530 5341 1720 5397 auctoritatem
1740 5349 1766 5397 et

124 5420 174 5478 sed
188 5421 383 5484 consulendum
398 5421 516 5494 qualiter
529 5436 580 5477 nos
595 5424 724 5497 episcopi,
743 5436 770 5483 et
784 5443 836 5499 ego
851 5444 920 5499 prae-
969 5425 1089 5497 regalem
1102 5434 1273 5499 potestatem,
1290 5428 1360 5486 inter
1372 5429 1524 5487 Ecclesiam
1534 5437 1560 5485 et
1571 5430 1767 5503 rempublicam
