3794 6104
118 204 168 258 aar
747 199 895 265 loannis
922 206 1020 263 rann
1050 210 1121 266 vrri.
1719 212 1768 267 tra

120 324 259 383 beneficiis
278 334 381 384 sancta
401 329 531 385 Romanae
553 329 684 386 Ecclesiae
713 339 758 386 tua
786 329 955 390 sanctitasA
969 348 1038 400 ram,
1053 335 1129 402 cujus
1151 333 1233 389 vobIs
1257 334 1436 391 necessitates
1454 334 1488 388 ab
1508 333 1569 405 ipso
1594 339 1695 389 vestrae
1722 349 1767 390 vo·

120 429 175 468 non
189 415 298 487 ingrata
314 416 456 473 nobiscum
470 417 584 487 laboret,
601 419 744 475 nobiscum
758 436 807 491 pro
831 420 917 474 salute
967 421 1081 477 cationis
1095 422 1170 477 initio
1185 429 1263 477 notas
1278 421 1402 492 fecimus,
1427 421 1548 488 liberate,
1575 438 1611 476 ne
1626 422 1651 476 si
1665 421 1766 491 perdita

121 503 212 572 populi
228 503 277 558 liei
292 504 320 558 in
344 504 396 558 illis
421 505 543 575 partibus
568 507 735 577 cooperatrix
760 507 865 572 existat,
892 515 919 562 et
967 508 1056 577 fuerit,
1069 517 1189 565 vestmm
1204 510 1318 565 vilescat
1332 510 1486 580 imperium,
1503 518 1530 565 et
1544 516 1611 565 totae
1636 509 1764 566 Christia-

121 598 214 645 nostro
229 592 368 646 certamini
379 591 483 662 favens,
493 603 594 649 sanctae
605 595 734 651 Romanae
744 595 875 651 Ecclesiae
887 612 917 651 se
967 596 1043 651 nitati
1067 606 1196 653 noscatur
1223 598 1407 668 dispendium.
1438 597 1657 654 lleminisoimini
1688 597 1764 668 igitur

121 678 244 733 devotam
267 679 376 735 nomine
399 689 425 734 et
440 695 524 750 opere
539 696 647 753 semper
660 683 796 738 exhibeat.
814 682 883 751 Quia
895 683 918 737 si
967 694 1078 755 propter
1106 687 1202 753 Deum,
1231 685 1445 751 reminiscimini,
1469 686 1533 758 quia
1558 685 1646 740 multa
1668 701 1718 756 spe
1742 693 1764 741 et

121 774 159 834 tu,
177 766 244 822 sicut
258 774 346 837 potes,
362 769 512 838 peregeris,
529 785 580 825 nec
594 769 687 826 fratris
702 771 750 836 tui,
766 787 817 827 nec
831 770 918 826 alicu-
967 772 1067 830 fiducia
1083 773 1153 843 freti,
1181 774 1310 829 divinitus
1325 782 1350 830 et
1373 774 1528 829 humanitus
1543 774 1581 829 ab
1596 773 1706 844 imperii
1720 790 1764 845 gn-

118 855 163 923 jus
178 853 295 908 hominis
309 852 419 920 factum,
437 865 559 911 nostrum
569 873 637 928 opus
645 858 774 929 piumque
785 859 916 924 laborem,
968 861 1112 917 bernacula
1127 862 1309 931 promerenda
1320 879 1371 934 pro
1387 862 1465 917 vobis
1478 861 1633 918 certamina
1649 862 1761 932 sumpsi-

123 941 229 997 Christo
246 943 367 1011 juvante,
394 943 465 1014 apud
488 952 620 1000 vestrates
642 961 675 1002 ex
701 955 756 1002 toto
783 946 918 1016 dissipare
967 966 1038 1015 mus,
1054 949 1173 1021 nullique
1201 950 1289 1005 labori
1316 950 1500 1020 pepercimus.
1530 950 1655 1022 ideoque
1684 948 1760 1005 vicem

121 1027 239 1095 valebit;
255 1029 318 1101 quin
334 1030 423 1100 potius
451 1031 649 1088 incrementum
663 1035 820 1104 pertesum
837 1033 917 1088 Chri·
969 1038 1048 1092 nobis
1063 1038 1211 1108 rependite,
1239 1047 1268 1092 ut
1292 1054 1355 1108 spes
1383 1045 1409 1092 et
1433 1037 1511 1093 labor
1538 1044 1637 1092 noster
1662 1037 1763 1092 nonsit

121 1124 192 1171 stum
207 1117 352 1173 Dominum
374 1127 496 1174 nostrum
520 1121 674 1192 augebitur,
705 1130 731 1176 et
759 1120 837 1176 labor
851 1137 918 1192 pro·
966 1125 1055 1180 inanis
1065 1125 1093 1179 in
1107 1125 1240 1192 Domino;
1257 1125 1319 1196 quia
1335 1142 1396 1182 curn
1411 1125 1469 1181 haec
1482 1124 1564 1180 fuerit
1576 1140 1690 1195 semper
1699 1124 1760 1195 apud

120 1202 206 1259 frouus
229 1205 379 1276 apparebit.
402 1207 470 1261 Data
499 1206 636 1263 Kalendas
665 1208 816 1275 Februarii,
845 1209 918 1263 indi·
968 1229 1017 1268 vos
1032 1230 1135 1269 summa
1150 1222 1249 1269 nostrae
1262 1213 1409 1284 petitionis,
1426 1213 1448 1268 si
1463 1212 1680 1284 ampliusnobis
1699 1212 1762 1267 auri·

121 1292 210 1348 ctione
225 1309 252 1347 x.
968 1301 1034 1356 lium
1047 1309 1169 1356 vestrum
1185 1301 1382 1369 subtraxeritis,
1406 1301 1434 1355 in
1454 1300 1679 1372 desperationem
1701 1300 1761 1371 lapsi

475 1381 567 1437 LVIII.
969 1388 1136 1458 deficiemus,
1153 1397 1179 1444 et
1190 1389 1301 1444 forsitan
1312 1389 1340 1443 in
1352 1389 1425 1443 aliud
1454 1389 1610 1453 consilium,
1622 1389 1760 1459 resumptis

254 1499 430 1542 mmm
445 1500 555 1542 0,ng
570 1502 777 1544 mmmm,
969 1476 1142 1549 aliquantulis
1156 1477 1269 1545 viribus,
1287 1477 1441 1533 necessario
1458 1476 1698 1532 transcendemus.
1709 1477 1760 1531 Noa

419 1592 509 1663 (Anno
525 1593 600 1663 377.)
968 1564 1050 1633 enim,
1064 1564 1132 1620 sicut
1148 1580 1197 1620 vos
1211 1563 1324 1620 forsitan
1339 1563 1487 1629 aestimatis,
1505 1564 1647 1619 mediocre
1669 1563 1760 1619 malum

933 1660 1022 1735 Btota
1047 1659 1139 1707 nostra
1162 1652 1285 1708 Ecclesia
1312 1651 1419 1722 patitur,
1448 1651 1568 1706 minimis
1597 1659 1684 1707 status
1713 1651 1760 1707 rei-

864 1772 917 1826 em
968 1740 1084 1811 publicae
1097 1740 1203 1795 damnis
1219 1739 1333 1795 afficitur
1352 1740 1417 1795 :sed
1433 1739 1486 1794 alia
1510 1740 1709 1796 Saracenorum
1722 1740 1759 1793 in-

124 1697 243 1769 Propter
251 1698 503 1753 imminentiotcm
512 1714 529 1752 a
539 1699 698 1765 Saracenis,
711 1703 773 1754 tom
782 1716 799 1755 c
807 1700 919 1771 pother-

159 1768 224 1823 dam
235 1768 415 1835 thrittienic,
426 1769 736 1850 pravissimapericulc‚
745 1771 830 1825 enixe
836 1787 861 1894 ‹g›

159 1826 678 1910 geprommamiliaqwmpnmum
686 1841 832 1907 mgtpaget
855 1840 920 1896 0325.
968 1829 1104 1894 cursibus,
1122 1829 1172 1882 alia
1191 1836 1279 1883 autem
1294 1828 1509 1884 Christianorum
1533 1828 1569 1883 ita
1598 1837 1663 1884 sunt
1682 1838 1760 1884 exter·

158 1908 723 1978 natosecdeccasolepotoscommendat.
968 1916 1070 1970 minata
1091 1924 1116 1971 et
1140 1917 1280 1972 devastata
1303 1916 1453 1987 tyrannide,
1470 1924 1569 1971 utnon
1599 1925 1693 1972 nostra
1714 1916 1760 1971 sint

121 2053 126 2065 .
157 2014 284 2068 loannes
300 2013 446 2084 episcopus
461 2014 573 2069 (ζηοιο
587 2014 741 2085 imperatori
969 2021 1030 2076 quae
1043 2012 1134 2059 nostra
1157 2003 1266 2059 fuerunt
1282 2022 1288 2058 :
1306 2004 1370 2075 quiu
1394 2004 1484 2074 potins
1505 2004 1566 2060 solo
1580 2004 1692 2061 nornine
1705 2019 1757 2059 om·

157 2097 286 2152 Cumuos
309 2096 337 2152 in
364 2096 558 2153 ecclesiasticis
586 2099 657 2154 curis
680 2098 807 2153 Instantis
828 2099 918 2171 quoti·
968 2093 1047 2147 nibus
1071 2092 1124 2147 illie
1153 2100 1268 2158 ummur,
1297 2100 1323 2147 et
1339 2092 1383 2147 vel
1404 2093 1440 2147 ed
1460 2091 1653 2148 defensionem
1678 2091 1758 2164 patrie

121 2185 200 2240 diana
214 2184 422 2256 constringeret,
439 2185 538 2241 ethinc
557 2184 621 2241 inde
634 2186 728 2256 populi
743 2186 821 2241 nobis
840 2202 918 2242 com·
968 2181 1011 2237 vel
1027 2181 1062 2235 ad
1076 2181 1193 2252 aliquam
1209 2180 1349 2235 utilitatem
1364 2187 1462 2236 nostre
1477 2180 1621 2247 Ecclesiae,
1645 2196 1757 2252 quorum·

120 2273 198 2327 missi
212 2272 356 2328 continuus
371 2272 458 2337 dolor,
487 2272 533 2344 qui
561 2281 658 2329 cuncta
674 2281 768 2329 nostra
791 2274 918 2331 interiora
968 2268 1032 2324 libet
1047 2269 1142 2324 solatia
1156 2284 1292 2339 nunquam
1307 2269 1486 2323 inveniamus.
1512 2269 1657 2340 Praecipue
1678 2277 1755 2323 auten

121 2360 247 2430 micant,
263 2360 432 2431 pertonaret,
449 2360 524 2425 thud,
542 2368 570 2415 ut
592 2360 767 2428 indixeram,
784 2361 855 2418 inter
868 2362 919 2419 ana
968 2356 1054 2422 multi.
1071 2373 1140 2428 quos
1154 2364 1244 2412 vestra
1259 2373 1312 2411 non
1329 2357 1437 2427 ignorat
1447 2357 1589 2424 maiestas,
1607 2373 1663 2413 non
1681 2357 1755 2412 solun

120 2447 266 2515 flevimus„
283 2447 356 2519 quod
370 2463 541 2519 nuncusque
563 2455 619 2503 tam
643 2465 693 2520 per
719 2457 818 2505 terram
835 2466 919 2522 equam
968 2445 1042 2500 nulla
1057 2445 1135 2499 nobis
1151 2445 1249 2500 solatia
1263 2443 1414 2511 conferunt,
1432 2445 1625 2500 verumetiam
1640 2443 1755 2517 quidquid

119 2545 146 2592 et
160 2535 269 2608 navigio
284 2536 319 2590 ad
333 2551 383 2590 vos
397 2543 521 2591 nostrum
536 2536 650 2592 missum
663 2537 783 2609 dirigere
812 2555 919 2594 summo
969 2533 1109 2588 residuum
1124 2532 1330 2605 estapaganis,
1347 2532 1569 2603 impraetermisse
1594 2533 1753 2596 subtrabunt,

121 2623 338 2679 desideravimus
352 2623 451 2690 studio,
469 2623 586 2679 utnobis
606 2632 725 2680 vestram
748 2626 919 2696 prosperita·
970 2629 995 2676 et
1011 2637 1119 2676 omnem
1134 2629 1256 2676 nostram
1271 2620 1476 2691 dispositionem
1504 2621 1532 2675 in
1559 2620 1694 2677 territorio
1707 2621 1752 2676 llo·

65 2763 70 2771 ,
120 2719 176 2767 tem
195 2711 411 2767 desiderantibus
435 2719 462 2766 et
473 2711 551 2768 anxie
568 2712 721 2767 sitientibus
735 2713 920 2769 renuntiaren·
969 2724 1050 2763 meno
1066 2709 1121 2763 suis
1136 2708 1270 2764 violentiis
1285 2709 1410 2776 caleant,
1424 2709 1494 2764 adeo
1512 2716 1542 2763 ut
1564 2724 1618 2765 nec
1641 2707 1752 2765 viduali·

120 2806 164 2853 tur
173 2799 303 2855 citissime
318 2799 454 2865 sanitates,
471 2800 521 2855 sed
534 2801 646 2856 omnino
660 2801 840 2871 nequivifflus.
850 2802 919 2858 ilino
969 2813 1021 2853 nec
1033 2797 1089 2851 ulla
1104 2796 1293 2869 quadrupedia
1306 2797 1333 2851 in
1348 2797 1473 2852 omnibus
1484 2797 1587 2852 nostrIs
1598 2803 1750 2862 remaneant

119 2884 214 2951 fateor,
230 2885 269 2940 fili
284 2886 453 2954 charissime,
471 2894 544 2940 tanta
559 2904 609 2957 per
623 2896 768 2959 utrumque
790 2890 841 2944 itcr
865 2889 919 2944 im-
968 2901 1020 2940 neo
1035 2885 1119 2939 ullum
1134 2885 1180 2956 qui
1195 2885 1274 2939 nobis
1290 2884 1477 2954 compatiatur,
1503 2885 1548 2940 vel
1571 2892 1680 2940 nostros
1706 2883 1749 2938 sin·

120 2973 274 3044 pedimenta
296 2973 442 3039 timuImus,
465 2981 593 3045 quantum
617 2983 644 3030 et
666 2991 716 3046 per
739 2991 863 3047 paganos
892 2985 918 3032 et
933 3021 957 3085 C
970 2972 1061 3045 gultus
1075 2980 1122 3028 aut
1150 2972 1268 3045 gemitus
1293 2971 1393 3038 doleat,
1410 2971 1482 3028 oculi
1506 2972 1595 3027 nostri
1621 2972 1746 3044 aspiciant.

121 3075 171 3130 per
185 3060 293 3131 Iniquos
307 3059 484 3127 Christianos,
501 3061 560 3117 siue
575 3069 701 3133 respectu
715 3063 799 3119 divini
834 3065 915 3120 timo·
969 3060 1022 3116 Sed
1038 3061 1102 3132 quia
1116 3068 1190 3115 tanto
1218 3059 1378 3130 imperatori
1405 3075 1492 3131 pauca
1515 3058 1661 3126 sufficiunt,
1681 3067 1707 3116 et
1725 3074 1749 3114 et

120 3148 167 3214 ris,
184 3149 311 3220 generari
324 3148 404 3216 mala,
421 3165 482 3220 quae
495 3157 560 3204 aetas
584 3158 679 3205 nostra
705 3166 759 3205 non
782 3153 913 3220 meminit,
969 3148 1027 3202 istis
1039 3149 1107 3216 iam,
1123 3147 1161 3202 fili
1184 3147 1354 3213 charissime,
1385 3163 1446 3218 quse
1461 3163 1512 3202 nos
1533 3165 1592 3218 prae
1616 3147 1749 3221 gemituri

119 3235 304 3307 deploramus.
325 3237 408 3291 Tanta
423 3236 494 3292 enim
505 3245 577 3304 suut,
592 3245 620 3291 ut
635 3237 706 3293 Intra
721 3239 820 3295 moenia
835 3240 916 3296 Urbis
969 3233 1112 3291 afflictione
1122 3235 1213 3291 cordis
1221 3235 1296 3306 loqui
1310 3250 1364 3290 non
1378 3251 1535 3305 possumus,
1552 3235 1682 3292 universa
1707 3233 1747 3289 alit

118 3324 241 3397 reliquiae
253 3324 347 3396 populi
360 3325 531 3381 Innumerata
545 3334 702 3397 paupertate
731 3326 835 3384 affectae
851 3344 917 3384 cou—
968 3323 1152 3396 cognoscetis,
1168 3323 1244 3395 quasi
1258 3324 1340 3378 humo
1354 3323 1481 3394 prostrati
1497 3330 1620 3379 vestram
1640 3319 1747 3395 magnili-

119 3412 224 3480 sistant,
240 3420 267 3468 et
281 3413 408 3468 omnihus
421 3412 574 3469 forinsecus
588 3414 736 3469 devastatis
750 3430 783 3473 ac
811 3416 839 3471 in
867 3432 915 3471 so·
968 3412 1085 3467 centiam
1099 3412 1287 3482 deprecamur,
1304 3418 1331 3466 et
1353 3427 1403 3482 per
1423 3409 1546 3466 futurum
1567 3412 1698 3481 judicium
1710 3409 1747 3465 de

119 3500 261 3556 litudinem
278 3500 404 3569 redactis,
421 3501 488 3556 nihil
499 3501 557 3569 jam
571 3510 656 3557 restet
670 3503 732 3569 nisi,
750 3504 914 3575 quodDeus,
968 3507 1120 3570 precantes,
1141 3514 1201 3555 cum
1217 3507 1272 3554 tota
1299 3507 1389 3554 nostra
1404 3499 1532 3555 Ecclesia
1555 3507 1647 3556 vestro
1669 3495 1748 3554 divini·

120 3596 235 3656 avertat,
251 3588 336 3660 ipsius
346 3589 428 3644 Urbis
443 3588 586 3645 excidium.
609 3590 662 3645 Sed
679 3599 706 3646 et
720 3599 850 3663 quantum
865 3607 916 3647 nos
969 3595 1010 3643 tus
1024 3595 1147 3659 protecto
1161 3587 1276 3658 imperio
1291 3586 1354 3643 totis
1364 3587 1467 3642 viribus
1482 3587 1669 3660 suggerimus,
1684 3584 1746 3643 votis

120 3675 174 3733 Leo
190 3675 354 3732 venerabilis
368 3676 522 3748 epIscopus,
544 3678 737 3747 apocrisiarius
760 3687 786 3734 et
815 3680 916 3735 missua
968 3692 1020 3747 quc
1036 3676 1202 3747 suppbcibus
1217 3691 1313 3746 preces
1325 3675 1425 3730 multas
1448 3673 1628 3746 effundimus,
1657 3682 1746 3730 utcon-

118 3773 219 3821 sanctae
233 3766 364 3820 Romanae
377 3765 516 3828 Ecclesiae,
533 3766 913 3838 communisquoquefrdelis,
967 3765 1035 3820 tritae
1067 3773 1094 3819 et
1123 3764 1196 3819 omni
1224 3765 1343 3819 humano
1376 3763 1471 3818 solatio
1496 3763 1634 3820 destitutae
1662 3768 1745 3818 sancte

118 3870 135 3909 a
149 3860 241 3909 vestro
255 3853 365 3908 servitio
380 3852 499 3919 rediens,
517 3852 551 3907 de
560 3854 611 3908 hoc
623 3854 696 3924 quod
710 3871 725 3908 a
745 3855 822 3910 vobis
840 3864 915 3912 retu·
967 3852 1047 3906 matri
1062 3860 1160 3907 vestras
1173 3852 1304 3907 Romana
1318 3850 1449 3906 Ecclesiae
1463 3849 1664 3918 defensionem,
1684 3847 1745 3906 deti·

118 3941 158 4007 lit,
173 3949 236 4010 post
248 3956 278 3995 se
293 3947 413 3995 vestrum
427 3941 577 3995 exercitum
591 3949 685 3996 contra
699 3945 843 4014 dgarenos
854 3960 915 4001 esse
968 3947 1075 4011 temque
1109 3940 1260 4006 tuitionem,
1290 3939 1395 3995 eunetis
1425 3938 1536 3994 remotis
1565 3937 1745 3999 occasionibtt·

118 4028 288 4093 mittendum,
303 4026 497 4094 laetificaverat,
515 4036 621 4083 tantum
634 4029 774 4102 hucusque
789 4032 916 4088 eumdem
967 4027 1126 4099 cunctisque
1141 4028 1250 4082 omissis
1269 4026 1455 4094 dilationibus,
1473 4025 1748 4098 omnimodisprnbea

119 4115 199 4171 nobis
221 4115 451 4188 exspectantibus,
469 4117 541 4187 quod
566 4117 706 4173 consecuti
728 4135 783 4174 non
811 4136 913 4190 sumus,
966 4116 1001 4170 tis
1017 4134 1023 4169 ε
1041 4115 1104 4187 quia
1124 4131 1185 4171 cum
1196 4116 1252 4183 jam
1270 4115 1345 4184 Juxta
1366 4114 1545 4186 precipitium
1574 4114 1743 4175 consistenti,

117 4202 232 4260 validior
254 4218 356 4259 moeror
377 4211 403 4257 et
417 4203 564 4259 ineffabilis
582 4206 709 4276 angustia
737 4208 913 4277 contristavit,
966 4203 1018 4257 nisi
1036 4218 1118 4258 manu
1145 4211 1244 4260 vestrae
1260 4201 1437 4269 defensionis,
1454 4210 1480 4256 et
1503 4203 1668 4258 necessariis
1684 4198 1744 4256 nobis

118 4291 180 4364 quia
194 4300 250 4347 tota
264 4291 410 4362 Campania
430 4293 464 4346 ab
485 4293 552 4363 ipsis
582 4295 640 4349 Deo
663 4294 810 4351 odibilibus
833 4297 915 4351 Sara·
949 4291 1035 4347 sieut
1050 4291 1240 4362 premisimus,
1255 4290 1310 4346 imo
1324 4290 1424 4362 sapius
1439 4290 1623 4359 exoravimus,
1648 4294 1743 4362 munh·

117 4379 193 4438 cenis
208 4380 328 4436 funditus
342 4381 493 4447 devastata,
507 4382 564 4451 jam
579 4381 690 4438 fluvium
704 4383 749 4455 qui
770 4399 787 4439 a
814 4367 951 4439 Tibur-D
966 4379 1023 4435 cius
1037 4380 1134 4451 opibus
1149 4379 1294 4434 subvenire
1319 4378 1487 4445 studueritis,
1512 4395 1563 4450 spe
1590 4377 1693 4435 vivendi
1706 4387 1743 4445 per

117 4469 175 4525 tina
188 4469 256 4524 urbe
268 4470 382 4525 Romam
392 4470 521 4536 decurrit,
541 4469 631 4526 furtim
647 4479 798 4539 transeunt,
815 4481 841 4526 et
859 4479 915 4528 tam
967 4467 1133 4523 Christianos
1148 4467 1264 4534 sublata,
1280 4474 1324 4522 aut
1345 4466 1411 4537 ipsis
1439 4467 1557 4540 paganis
1578 4466 1742 4536 subjicienti.

117 4557 235 4613 Sabinos
258 4572 341 4629 quam
356 4557 407 4611 sibi
421 4558 574 4626 adjacentia
588 4558 649 4615 loca
664 4561 828 4629 praedantur.
847 4560 916 4615 San·
966 4564 1022 4622 aut,
1038 4555 1111 4628 quod
1125 4563 1228 4612 avertat
1241 4554 1332 4611 divina
1347 4554 1476 4626 potentia,
1505 4555 1542 4610 ab
1565 4570 1660 4612 eorum
1671 4547 1742 4608 multi·

117 4653 222 4701 ctorum
251 4660 359 4717 quoque
387 4644 516 4701 basilicas
540 4653 567 4700 et
589 4647 685 4701 altaria
712 4648 913 4716 destruxerunt,
965 4643 1058 4698 tudine
1085 4643 1157 4708 vieti,
1188 4643 1222 4697 nd
1249 4658 1358 4698 emnem
1384 4642 1597 4698 Christianitatis
1626 4640 1742 4697 inten'tm

117 4733 275 4789 sacerdotes
290 4741 317 4789 et
331 4734 560 4802 sanctimoniales,
575 4734 643 4789 ahos
658 4735 768 4806 quidem
792 4737 916 4807 captivos
965 4731 1070 4788 crudeli
1094 4747 1161 4787 nece
1189 4731 1345 4801 peribimus,
1372 4747 1403 4787 ac
1424 4746 1475 4801 per
1494 4731 1549 4787 boc
1562 4738 1589 4786 ct
1604 4729 1743 4786 Christico-

117 4820 261 4886 duxemnt,
277 4822 345 4878 alios
360 4830 452 4877 autem
474 4822 556 4878 variis
580 4822 711 4878 mortibus
734 4834 913 4893 necaverunt,
965 4835 1029 4874 men
1043 4819 1207 4892 ingentibus
1221 4818 1462 4890 blasphemabitur,
1479 4828 1506 4875 et
1520 4811 1744 4891 vestraeopinionit

119 4915 145 4964 et
154 4924 263 4964 omnem
277 4910 376 4965 Christi
391 4911 523 4982 sanguine
547 4911 717 4981 redemptum
732 4912 864 4983 populum
886 4912 914 4968 iu
965 4915 1028 4962 ante
1043 4915 1104 4963 acta
1118 4907 1207 4963 studia
1221 4906 1351 4962 oblivioni
1364 4907 1514 4962 trademur.
1531 4908 1619 4977 lfujus
1633 4907 1672 4963 rei
1691 4915 1744 4978 grt-

117 4997 223 5054 circuiti
235 4996 403 5053 delevemnt.
428 4999 462 5054 Et
485 4998 549 5071 qnid
571 4999 684 5056 dicam?
704 5008 749 5055 aut
779 5001 843 5072 quid
871 5001 915 5056 lo·
964 4996 1012 5066 tia,
1028 4995 1098 5050 sicut
1113 5011 1196 5066 supra
1205 4995 1387 5062 meminimus,
1397 5003 1582 5066 opportunum
1601 4991 1748 5064 adjutorium

116 5085 206 5157 quari
222 5100 285 5142 curn
308 5087 463 5156 pervenerit
483 5087 593 5159 gladius
619 5104 704 5162 usque
729 5089 762 5143 ad
784 5089 912 5158 animam,
965 5082 1116 5140 coferentes
1142 5083 1222 5138 nobis
1250 5092 1372 5139 vestrum
1399 5083 1547 5139 exercitum
1576 5083 1612 5141 ad
1640 5080 1749 5140 hostilem

117 5182 144 5229 et
157 5174 269 5247 sanguis
284 5174 404 5230 omnium
419 5174 453 5229 de
472 5176 656 5232 terraclamet
678 5177 711 5231 ad
728 5177 824 5232 Deum.
840 5177 915 5250 Ergo
964 5172 1164 5241 expeditionem
1197 5171 1429 5242 promptissimum
1464 5171 1612 5241 destinate,
1643 5172 1751 5241 anama

117 5263 368 5330 praecellentissime
384 5263 531 5330 Caesarum,
544 5264 655 5334 jamjam
677 5273 777 5320 nostra
801 5265 914 5321 calami·
964 5260 1051 5315 Deum
1067 5276 1115 5330 per
1135 5259 1224 5314 omnia
1247 5259 1392 5332 diligentes
1420 5258 1531 5325 missos,
1562 5259 1611 5331 qui
1638 5259 1752 5317 vitiomtn

118 5349 165 5403 tati
180 5352 340 5418 succurrite,
353 5352 411 5422 J'am
424 5353 518 5424 populi
533 5354 617 5408 nostri
632 5353 757 5410 miserias
785 5354 912 5425 relevate,
965 5347 1088 5402 flammas
1110 5347 1222 5417 lustitia3
1259 5346 1365 5401 {limile
1394 5345 1437 5401 usi
1465 5355 1655 5418 ⁰⁰fflP⁸⁸⁰³¹¹h
1685 5345 1770 5427 ssim,

116 5434 174 5504 jem
188 5445 286 5494 vestra
299 5440 427 5510 potentiae
440 5456 549 5496 manum
564 5441 705 5515 porrigite,
722 5449 748 5498 et
768 5443 839 5500 hana
857 5450 915 5499 ter·
965 5437 1104 5492 celeritate
1119 5435 1228 5509 dirigite
1245 5452 1251 5491 ε
1268 5442 1399 5506 quatenus
1415 5434 1461 5507 qui
1480 5435 1636 5494 innumerIs
1660 5433 1761 5493 tribule
