3794 6104
119 220 171 275 tlt

562 216 732 291 ltlnculltl
760 214 961 272 RHEllENSIS
987 211 1262 271 ansllllarlscorl.

1713 216 1762 270 tta

116 324 144 400 et
162 344 247 400 rerbo
262 343 495 412 sanctificationis,
512 345 602 401 omnia
617 360 728 415 prorsus
743 344 817 399 mala
831 343 917 398 homl·
929 339 1000 401 Alit
1014 341 1083 397 sicut
1099 357 1184 412 opera
1198 341 1269 396 bona
1283 341 1318 395 ad
1333 339 1448 395 salutem
1461 349 1590 396 aeternam
1615 355 1671 395 non
1695 355 1761 410 pro-

70 488 73 495 ,
119 449 186 488 num
205 440 427 505 regeneratorum
461 433 634 499 mundantur,
665 434 745 504 atque
777 439 915 499 sanantur,

118 537 173 578 non
189 521 275 577 solum
292 530 414 592 peecata,
430 539 490 594 quae
504 522 593 577 omnia
607 529 669 576 tnnc
694 521 868 576 remittuntur
889 519 917 573 in

119 610 265 681 baptismo,
280 611 329 666 sed
344 611 425 666 etiam
435 628 495 683 quae
502 610 638 682 posterius
653 610 772 667 bumana
785 609 917 680 ignoran-

119 699 156 753 tia
170 697 213 754 rel
228 697 383 754 infirmitate
398 700 594 755 contrahuntur
609 716 615 754 :
640 714 696 754 non
719 706 748 753 ut
771 697 915 769 baptisma,

122 787 229 859 quoties
252 795 391 858 peccatur,
419 787 500 844 toties
523 794 669 859 repetatur,
692 787 742 842 sed
765 786 828 859 quia
846 785 916 856 ipso,

123 875 446 948 qnodsemeldatur,s1t
466 885 494 931 ut
515 891 569 931 non
590 874 677 931 solum
705 882 795 941 antea,
822 888 918 930 rerum

123 964 204 1020 etiam
219 972 323 1035 postea,
340 965 519 1037 quorumlibet
533 972 708 1035 peccatorum
730 963 809 1019 venia
833 960 918 1016 tideli-

123 1052 348 1124 busimpetretur.
360 1053 431 1122 Quid
437 1053 508 1108 enim
514 1053 626 1123 prodest
632 1050 675 1107 rel
684 1059 746 1107 ante
754 1051 918 1122 baptismum

123 1141 290 1213 poenitentia,
306 1142 358 1195 nisi
378 1142 528 1213 baptismus
550 1149 720 1212 sequeretur,
745 1140 789 1195 rcl
812 1146 917 1211 postea,

122 1229 175 1284 nisi
188 1231 357 1300 praecederet
370 1229 384 1282 ‘l
399 1230 433 1284 Et
447 1230 475 1282 in
490 1229 604 1300 epistola
618 1229 653 1283 ad
667 1227 832 1284 Bonilaeium
855 1227 920 1283 scri·

122 1316 161 1372 bit
177 1335 184 1370 :
200 1319 262 1373 Non
285 1317 386 1389 aliquid
406 1326 528 1372 remanet
549 1318 576 1371 in
600 1318 743 1389 baptismo,
769 1317 841 1389 quod
864 1331 918 1372 non

123 1405 283 1470 dimittatur,
314 1406 511 1476 praeteritomm
541 1405 661 1461 omnium
694 1413 879 1477 peecatorum,
896 1403 919 1458 si

123 1475 215 1549 tamen
240 1493 298 1564 ipse
318 1494 468 1565 baptismus
499 1510 554 1550 non
574 1494 674 1549 trustra
696 1493 763 1550 loris
787 1494 920 1548 habeatur

123 1582 173 1640 sot
187 1589 231 1637 aut
246 1581 316 1637 intus
330 1583 416 1649 detur,
433 1591 477 1638 aut
490 1583 512 1638 si
527 1583 593 1639 foris
608 1584 697 1650 datur,
713 1598 767 1638 non
783 1582 847 1638 loris
858 1596 920 1637 cnm

966 438 1027 484 sunt
1043 429 1101 485 sine
1116 429 1284 502 baptismatis
1299 438 1487 485 sacramento:
1504 436 1592 485 etnon
1606 438 1646 484 est
1657 428 1763 500 baptis-

966 534 1040 573 mum
1056 534 1160 583 verum,
1187 519 1249 589 quia
1272 526 1389 573 nonest
1413 517 1569 573 Secundum
1597 517 1763 588 scripturam

967 623 1060 675 unum,
1081 606 1109 660 id
1133 614 1183 675 ost,
1199 606 1340 662 inanitate
1363 606 1504 662 catholicas
1514 604 1577 660 fidei
1587 604 1717 667 unicum,
1744 605 1766 659 si

967 694 1100 751 catholice
1116 710 1170 749 non
1183 694 1263 749 luerit
1283 694 1473 750 celebratum:
1498 694 1538 750 sic
1562 702 1588 749 et
1613 691 1764 766 legitimum

967 790 993 839 et
1008 799 1102 838 rerum
1115 798 1169 839 non
1183 790 1272 854 potest
1288 799 1348 838 esse
1364 782 1529 855 conjugium,
1547 782 1575 837 in
1590 797 1645 854 quo
1653 782 1765 836 docetur

967 871 1088 943 nuptiale
1104 887 1158 925 non
1174 887 1235 926 osse
1250 871 1419 942 mysterium,
1436 871 1479 927 rel
1493 870 1566 942 quod
1580 886 1637 925 non
1652 870 1764 926 docetur

968 959 1126 1031 nuptialiter
1141 959 1307 1031 copulatum.
1323 960 1401 1015 Unde
1416 968 1443 1014 ot
1458 959 1591 1014 Dominus
1606 959 1641 1014 dc
1665 958 1765 1030 nuptiis

967 1051 1098 1104 loannem
1115 1049 1250 1103 volentem
1265 1049 1379 1115 nubere,
1396 1057 1424 1103 ut
1441 1048 1548 1103 tradunt
1563 1047 1694 1117 historiae,
1712 1062 1765 1103 non

967 1146 1029 1209 post
1044 1137 1192 1192 celebratas
1207 1137 1321 1208 nuptias,
1339 1137 1388 1191 sod
1402 1138 1436 1193 de
1452 1136 1563 1208 nuptiis,
1579 1146 1607 1192 et
1622 1145 1685 1191 ante
1708 1152 1765 1192 oar-

968 1226 1010 1280 nis
1025 1225 1232 1296 copulationem,
1250 1227 1374 1282 vocando
1389 1227 1508 1295 retraxit,
1525 1225 1572 1297 qni
1595 1225 1688 1296 legem
1712 1240 1765 1280 non

969 1315 1085 1384 solvere,
1103 1315 1151 1369 sed
1166 1314 1315 1385 adimplere
1330 1315 1411 1369 venit.
1430 1313 1669 1384 Decujusscilicet
1682 1315 1765 1369 loan-

968 1403 1012 1457 nis
1024 1402 1113 1457 sutura
1129 1419 1223 1468 uxore,
1240 1403 1292 1457 nisi
1308 1420 1368 1458 eum
1384 1403 1526 1470 Dominus,
1542 1402 1696 1458 nonsolum
1707 1411 1766 1458 ante

969 1491 1058 1548 carnis
1072 1492 1209 1556 unionem,
1227 1508 1322 1547 verum
1338 1500 1364 1546 et
1380 1501 1442 1546 ante
1464 1492 1619 1562 nuptiarum
1641 1491 1765 1563 percele-

969 1580 1128 1646 brationem,
1156 1590 1304 1649 revocaret,
1331 1580 1399 1636 sieut
1423 1581 1457 1634 de
1482 1581 1552 1635 beati
1576 1581 1648 1635 Petri
1672 1597 1764 1647 uxore,

121 1668 169 1725 illo
184 1680 365 1726 remaneatur.
384 1672 416 1726 Et
431 1671 560 1743 quidquid
575 1673 611 1726 ab
625 1673 674 1742 oia,
691 1672 736 1743 qui
760 1681 821 1743 post
840 1686 919 1727 acce·
933 1686 1029 1757 Bquae
1043 1669 1274 1725 continentissime
1288 1669 1480 1740 perseveravit,
1498 1685 1552 1724 non
1562 1668 1663 1742 legitur
1678 1678 1767 1724 utrum

122 1766 200 1830 ptum
224 1758 385 1830 baptismum
415 1760 459 1815 hic
490 1760 592 1828 vivunt,
623 1761 741 1814 humana
765 1760 919 1816 infirmitate
971 1757 1175 1813 incontinentia
1189 1758 1331 1822 manserit,
1348 1774 1383 1812 an
1403 1757 1552 1813 secuudum
1576 1757 1671 1830 legem
1695 1766 1765 1812 rete·

123 1849 290 1904 contrahitur
304 1864 525 1920 quarumcunque
541 1847 692 1920 culparum,
707 1856 819 1920 propter
831 1848 920 1920 ipsum
970 1863 1037 1912 rem,
1053 1854 1081 1901 ut
1091 1862 1184 1901 senten
1199 1845 1227 1900 in
1236 1847 1321 1902 lsrael
1332 1846 1507 1918 relinqueret,
1520 1845 1565 1899 alii
1577 1846 1646 1901 forta
1664 1846 1766 1903 nubere

122 1934 261 1993 lavacrum
275 1936 427 1992 dimittitur.
970 1934 1126 2007 delegerit:
1146 1935 1174 1989 in
1195 1935 1274 2004 cujus
1296 1935 1410 1990 arbitrio
1432 1935 1484 1990 lroc
1507 1950 1560 1989 non
1585 1943 1719 2000 maneret,
1744 1935 1766 1990 si

158 2024 226 2080 llino
245 2025 348 2097 liquido
372 2029 583 2093 demonstratur,
606 2026 669 2098 quia
690 2025 759 2082 sicut
782 2033 811 2079 ut
835 2024 920 2080 semel
969 2032 1031 2095 post
1054 2024 1157 2097 legales
1180 2024 1288 2096 nuptias
1308 2023 1421 2078 luissent
1451 2023 1608 2095 nuptialiter
1629 2025 1765 2095 copulati;

122 2122 263 2183 acceptum
279 2113 403 2185 baptismi
419 2123 628 2181 sacramentum,
641 2130 694 2186 quo
705 2115 819 2186 quisque
833 2113 920 2169 tidelis
970 2129 1021 2168 nec
1031 2114 1126 2168 loanni
1143 2130 1204 2168 esse
1218 2113 1323 2168 licitum
1342 2112 1491 2168 secundum
1511 2113 1657 2184 Evangelii
1678 2113 1764 2169 docu-

121 2199 149 2254 in
165 2201 266 2257 unitate
281 2202 422 2259 catholicae
436 2203 568 2258 Ecclesia
590 2203 697 2258 Christo
721 2203 918 2273 incorporatur,
968 2211 1100 2270 mentum,
1118 2202 1141 2256 si
1155 2202 1357 2273 desponsatam,
1381 2201 1509 2268 dotatam,
1526 2207 1552 2257 et
1573 2201 1692 2272 publicis
1718 2217 1767 2255 nu·

122 2296 218 2360 postea
241 2289 314 2344 nulla
335 2290 533 2346 interveniente
556 2305 640 2346 causa
667 2290 797 2344 amittitur
813 2307 819 2342 :
836 2289 876 2345 sio
894 2296 920 2345 et
969 2290 1032 2362 ptiis
1045 2292 1204 2346 honoratam
1219 2291 1348 2355 duxisset,
1366 2289 1446 2345 etiam
1461 2298 1524 2345 ante
1537 2290 1667 2345 unionem
1678 2291 1767 2346 earnis

122 2376 260 2433 vinculum
274 2378 428 2450 conjugale,
446 2377 570 2450 legaliter
585 2386 611 2433 et
625 2378 781 2449 nuptialiter
796 2377 920 2433 celebra·
969 2379 1134 2449 relinquero,
1151 2379 1174 2432 si
1191 2395 1245 2432 non
1261 2378 1409 2449 delegisset
1423 2394 1456 2433 ex
1476 2394 1612 2434 consensu
1627 2378 1657 2432 in
1679 2378 1766 2434 conti·

120 2471 186 2531 tum,
203 2464 425 2521 indissolubiliter
439 2474 530 2522 manet
545 2480 697 2523 connexum
722 2465 785 2522 lieet
806 2465 921 2522 fornica·
970 2467 1060 2522 nentia
1073 2484 1245 2538 permanere,
1263 2468 1311 2523 sed
1326 2468 1407 2523 aliam
1422 2467 1532 2523 ducere.
1548 2460 1622 2523 Sicut
1637 2468 1766 2524 nonlicet

122 2552 202 2608 tionis
217 2569 297 2608 causa
310 2554 354 2610 rel
369 2571 530 2626 quacunque
545 2554 579 2609 de
595 2570 679 2611 causa
702 2554 824 2610 rideatur
843 2569 920 2626 sepa·
970 2557 1107 2626 Stephano
1121 2557 1212 2619 istam,
1230 2573 1311 2628 quam
1326 2556 1510 2627 desponsavit,
1534 2555 1637 2612 dotavit
1663 2564 1690 2612 ot
1714 2574 1765 2628 pn·

120 2648 221 2697 ratum.
237 2642 325 2698 Causa
342 2659 408 2700 vero
428 2642 613 2699 fornicationis
637 2651 793 2714 separatum
814 2644 838 2699 si
858 2650 919 2714 post
970 2644 1047 2700 blicis
1062 2644 1161 2716 nuptiis
1176 2645 1324 2711 honoravit,
1341 2644 1403 2700 licet
1418 2644 1510 2700 elnon
1526 2644 1766 2711 sitmisius,relin-

122 2730 308 2801 poenitentiam
322 2732 403 2788 fuerit
425 2733 569 2801 reunitum,
592 2749 647 2788 non
671 2740 761 2788 tamen
785 2732 846 2788 ideo
868 2732 920 2787 erit
970 2749 1063 2804 quare,
1079 2741 1105 2788 et
1120 2733 1199 2787 aliam
1216 2749 1276 2788 cum
1291 2732 1458 2804 poenitentia,
1474 2732 1517 2788 rel
1533 2732 1592 2788 sine
1606 2733 1767 2803 poenitentia

120 2818 287 2888 reiteratum,
303 2820 368 2892 qnia
382 2830 523 2891 permanet
543 2837 635 2876 unum.
662 2821 716 2877 Sed
741 2820 763 2876 si
788 2821 815 2875 in
838 2820 920 2876 conti·
969 2821 1077 2890 ducere,
1094 2821 1180 2875 nisiin
1196 2822 1273 2875 istius
1287 2821 1432 2876 concubitu
1445 2821 1574 2876 incestale
1588 2821 1691 2876 malum
1714 2838 1766 2893 po-

122 2906 215 2961 nentia
229 2908 416 2978 poenitentiali‚
432 2909 503 2981 quod
518 2909 607 2982 magis
616 2908 810 2981 poenitentibus
820 2924 918 2966 conre-
969 2909 1064 2964 luisset
1078 2909 1242 2964 intervenire
1259 2927 1265 2963 :
1282 2909 1331 2965 sed
1346 2919 1392 2964 aut
1407 2926 1439 2965 ox
1462 2924 1598 2965 consensu
1623 2925 1687 2965 cum
1707 2911 1767 2982 ipsa

122 2993 162 3049 nit
175 3008 286 3052 manere
307 2997 439 3070 conjuges
459 3013 514 3053 non
537 2997 675 3064 valebunt,
700 2997 918 3053 reconciliatione
968 2998 995 3052 in
1011 2997 1177 3053 continentia
1193 2998 1347 3068 Stephanus
1364 3007 1544 3070 permaneret,
1560 3006 1605 3053 aut
1620 2998 1643 3052 si
1659 3014 1689 3054 so
1702 3015 1767 3054 con-

121 3082 275 3140 medicinali
289 3098 322 3140 ex
345 3100 480 3141 consensu
502 3093 605 3153 mutuo,
628 3093 690 3156 post
709 3085 920 3142 ecclesiasticam
933 3055 957 3118 C
970 3086 1054 3142 tinere
1069 3102 1123 3142 non
1134 3095 1238 3157 posset,
1254 3102 1316 3142 oum
1332 3102 1363 3142 ea
1376 3086 1533 3157 nuptialiter
1547 3086 1690 3157 copulatus
1705 3102 1766 3142 ma-

121 3171 380 3243 reconciliationem,
396 3173 566 3246 indulgentia
577 3174 778 3246 computabitur
797 3189 859 3230 esse
879 3190 920 3229 sa·
969 3183 1054 3231 neret.
1071 3176 1099 3231 Si
1114 3183 1205 3230 autem
1220 3175 1277 3231 sine
1292 3176 1407 3244 incestu,
1423 3190 1484 3230 cnm
1497 3176 1550 3231 hoc
1565 3176 1658 3231 debito
1672 3176 1766 3232 ordine

120 3267 238 3316 natum:
263 3261 332 3317 sicut
361 3277 412 3318 neo
444 3262 616 3334 baptismum,
653 3263 759 3335 quoties
780 3270 918 3334 peccatur,
970 3263 1106 3319 commisti
1127 3263 1224 3330 forent,
1248 3263 1300 3318 nisi
1324 3280 1358 3318 ex
1381 3270 1475 3319 mutuo
1498 3278 1634 3319 consensu
1656 3272 1766 3336 propter

119 3348 198 3405 toties
213 3348 373 3417 reiteratur;
390 3351 439 3406 sed
462 3351 629 3423 poenitentiae
650 3342 848 3407 medicamento
871 3367 921 3422 per
970 3351 1160 3408 continentiam
1176 3352 1296 3423 separari
1309 3368 1364 3408 non
1377 3359 1498 3422 possent,
1515 3360 1560 3406 aut
1576 3360 1689 3423 propter
1712 3352 1765 3409 lor·

121 3437 369 3496 reconciliationem
384 3439 611 3508 ecclesiasticam,
632 3456 687 3497 non
707 3440 835 3496 iteratum
859 3457 920 3497 ere·
971 3441 1133 3497 nicationem
1163 3441 1289 3511 separati,
1320 3439 1364 3495 vel
1395 3440 1491 3511 inuptii
1521 3455 1696 3510 permanere,
1724 3440 1765 3496 uel

120 3525 200 3594 ditur,
217 3529 266 3584 sed
281 3529 372 3585 divina
386 3530 475 3602 gratia
498 3537 648 3600 reparatur.
671 3529 805 3601 Reparari
829 3536 921 3586 autem
971 3529 1079 3585 sibimet
1103 3530 1273 3585 reconciliari
1298 3528 1452 3584 deberent:
1478 3536 1504 3583 et
1530 3528 1552 3583 si
1576 3543 1639 3584 cum
1660 3529 1765 3585 incestu

120 3614 154 3670 de
169 3631 224 3672 non
239 3617 340 3673 amisso
354 3633 386 3673 eo
401 3618 483 3674 modo
498 3617 606 3686 dicitur,
624 3618 693 3674 sicut
712 3634 790 3674 mens
815 3626 841 3673 et
865 3634 920 3674 cor·
971 3618 1085 3674 luissent
1099 3618 1245 3686 conjuncti,
1261 3617 1432 3688 separatione
1448 3632 1544 3672 eorum
1561 3632 1593 3673 ae
1608 3617 1767 3687 poenitontia

118 3719 170 3775 pus
185 3705 354 3762 eucharistiae
363 3707 540 3778 perceptione
556 3707 688 3777 reparari,
702 3713 728 3761 et
737 3705 921 3762 satisfactione
970 3707 1132 3762 adulterium
1143 3707 1292 3763 secundum
1303 3705 1492 3762 auctoritatem
1505 3706 1664 3762 canonicam
1679 3706 1766 3762 sanari

122 3807 246 3865 congrua
261 3795 386 3850 renovari
401 3795 500 3849 mentis
515 3803 617 3850 nostrae
638 3793 749 3864 spiritus
762 3793 872 3867 legitur.
888 3796 921 3849 Et
971 3795 1092 3850 deberet.

121 3879 189 3936 Sicu!
205 3894 265 3953 (1¹¹ae
278 3888 341 3936 ³⁰¹⁰
356 3882 529 3953 bellismum,
546 3883 589 3938 Vel
610 3891 673 3954 POSl
696 3881 860 3953 baptismum
874 3882 921 3937 hu·
1006 3893 1040 3947 Ει
1054 3893 1111 3948 haec
1133 3892 1240 3947 sibimet
1265 3892 1302 3947 ita
1323 3894 1467 3950 concinere
1489 3909 1568 3951 sacra
1597 3895 1766 3952 demonstrat

120 3983 200 4022 mana
214 3968 369 4039 ignorantia
385 3969 428 4025 vel
442 3969 597 4025 infirmitate
612 3978 767 4042 peccantur,
775 3970 921 4042 baptisma·
970 3981 1125 4047 auctoritas,
1141 3981 1236 4036 <licens
1251 3980 1285 4037 de
1295 3982 1379 4038 Maria
1406 3991 1432 4037 et
1451 3983 1552 4054 loseph
1571 4000 1577 4038 :
1595 3985 1764 4058 Antequam,

116 4055 151 4110 tis
166 4072 278 4112 mernere
294 4064 336 4111 est
350 4066 378 4112 ut
394 4058 485 4131 dignis
500 4059 666 4129 poenitentias
680 4058 815 4115 fructibus
829 4060 918 4115 remit·
970 4071 1065 4142 inquit,
1091 4072 1276 4126 conuenirent
1300 4072 1407 4142 (llattlt.
1431 4073 1462 4139 rt,
1493 4071 1522 4126 id
1543 4079 1595 4137 est,
1619 4081 1766 4146 antequam

119 4151 227 4199 tantur:
243 4145 281 4200 ita
303 4146 456 4217 nuptiarum
471 4147 543 4202 bono
558 4146 723 4214 defenditur,
745 4164 780 4204 ne
804 4148 918 4204 crimina
970 4159 1126 4230 nuptiarum
1141 4158 1272 4214 solemnia
1297 4159 1347 4215 rite
1375 4158 1555 4215 celebrarent,
1580 4161 1672 4217 Verbo
1695 4164 1766 4218 enim

118 4232 280 4300 habeantur,
296 4252 356 4307 quae
370 4236 404 4290 ab
420 4236 708 4308 Apostolosccundnm
720 4236 916 4309 indulgentiam
970 4248 1159 4313 conveniendi,
1175 4263 1230 4302 non
1253 4248 1341 4317 ipsum
1364 4248 1548 4315 concubitum,
1574 4250 1623 4304 sed
1646 4252 1765 4321 nuptias,

117 4322 325 4380 conceduntur:
343 4324 538 4392 illaridelicet,
556 4341 616 4398 quae
638 4325 856 4397 concupiscentia
871 4326 920 4380 im·
970 4354 1030 4409 qum
1052 4337 1308 4407 psaecederesolem
1331 4337 1529 4392 concumbendi
1551 4345 1669 4408 tempus,
1696 4339 1766 4394 insi.

117 4412 236 4483 pellente
249 4429 304 4468 non
319 4413 370 4468 nisi
386 4413 548 4486 conjugibus
558 4414 744 4471 conceduntur
755 4433 763 4482 3
774 4422 915 4471 tantumut
930 4412 1038 4492 Duum,
1055 4427 1165 4497 quando
1181 4441 1212 4480 ea
1231 4442 1292 4496 qum
1315 4425 1391 4496 prius
1411 4425 1574 4496 desponsata
1585 4425 1683 4495 luerat,
1705 4442 1767 4482 esse

116 4516 179 4558 cum
193 4500 317 4575 ¹⁰S³lst⁰l
330 4502 421 4575 ¹¹l¹ll¹is
436 4502 594 4558 flamiam&
608 4504 815 4560 0⁰ss⁰l¹fflllflil¹l=
831 4504 915 4559 Nelu-
965 4515 1062 4583 conjux
1078 4508 1188 4584 incepit.
1198 4514 1232 4567 Et
1241 4512 1406 4584 paulopost:
1421 4514 1510 4570 l'oluit
1520 4515 1629 4571 occulte
1639 4515 1768 4571 dimitte-

117 4590 209 4646 Γθῑῑῑθῐ
227 4600 315 4647 aulem
341 4592 467 4658 dicimus,
493 4590 557 4663 ‘luia
578 4592 612 4646 (Ῑθ
634 4591 695 4647 011³
719 4592 818 4664 legitur
832 4593 913 4663 (Gen.
964 4621 995 4659 re
1010 4621 1073 4659 earn
1087 4603 1189 4674 (titul.
1206 4602 1309 4658 Videas
1330 4603 1431 4672 loseph
1454 4617 1583 4672 sponsam
1603 4604 1766 4675 concepisse

117 4678 248 4751 imm),
265 4681 337 4752 quod
352 4696 415 4738 cum
430 4695 515 4736 11¹0r⁰
534 4679 690 4734 naturaiiter
713 4695 768 4736 11⁰n
789 4695 914 4738 concum-
966 4709 1052 4760 suam,
1069 4708 1150 4763 quam
1166 4691 1235 4745 bene
1251 4697 1363 4745 noverat
1382 4690 1488 4744 anullo
1512 4690 1571 4745 viro
1595 4690 1680 4747 luisse
1700 4702 1768 4748 atta-

119 4767 186 4820 b0¹¹³
201 4767 300 4823 interfit
313 4786 462 4840 Peleussus
477 4786 494 4824 ἃ
508 4768 634 4825 ΒΟῙΠῙΗΟ·
965 4789 1047 4848 ctam,
1064 4797 1126 4835 cum
1141 4795 1202 4833 esse
1212 4779 1302 4847 justus
1317 4787 1343 4833 et
1354 4779 1426 4847 juste
1448 4778 1540 4833 omnia
1562 4779 1645 4834 vellet
1669 4796 1765 4853 agere,

155 4861 233 4918 Unde
244 4863 338 4921 beatus
352 4868 518 4940 Augustinus
533 4867 561 4920 in
572 4866 644 4921 libro
654 4863 768 4921 debono
783 4866 912 4939 conjugii,
966 4865 1097 4937 optimum
1111 4863 1196 4932 duxit,
1212 4871 1239 4917 ut
1254 4879 1343 4933 neque
1357 4864 1409 4919 hoc
1431 4863 1491 4918 aliis
1512 4864 1649 4934 proderet,
1676 4880 1767 4936 neque

119 4957 145 5004 ot
160 4950 195 5005 de
208 4949 315 5020 Nuptiis
330 4961 357 5006 et
372 4954 605 5026 Concupiscentia,
623 4962 649 5009 et
663 4953 690 5007 in
699 4953 760 5008 aliis
774 4952 916 5009 suislibris
967 4970 1027 5010 eam
1059 4953 1118 5024 ipse
1148 4951 1285 5022 acciperet
1317 4967 1440 5018 uxorem,
1464 4952 1513 5006 sod
1534 4959 1637 5006 mutato
1659 4954 1765 5008 occulte

119 5037 345 5094 sufficientissime
366 5041 492 5113 disputat.
518 5044 572 5099 Sed
597 5050 624 5099 et
648 5042 747 5097 ibidem
770 5041 840 5096 inter
863 5043 917 5097 alia
966 5041 1119 5112 nuptinmm
1150 5040 1299 5111 proposito,
1323 5040 1350 5095 in
1374 5040 1529 5095 conditione
1561 5056 1622 5094 earn
1658 5057 1767 5111 sponsae

118 5127 207 5184 dicit:
232 5127 313 5197 Quod
337 5143 404 5200 ergo
428 5132 589 5202 praecipiunt
603 5130 718 5203 apostoli
742 5131 913 5203 conjugibus,
966 5145 1079 5185 manere
1093 5137 1271 5192 petereturut
1286 5136 1352 5184 erat.
1379 5128 1433 5183 Sed
1458 5129 1481 5183 si
1503 5145 1563 5184 eam
1586 5129 1693 5185 occulte
1724 5130 1765 5185 di-

118 5217 170 5274 boc
183 5225 225 5273 est
240 5217 410 5288 nuptiarum;
426 5218 538 5289 scilicet,
555 5221 634 5276 uxori
649 5222 689 5275 vir
714 5220 835 5275 debitum
858 5219 918 5275 red·
967 5219 1094 5288 mitteret,
1110 5234 1198 5288 neque
1221 5217 1359 5288 acciperet
1378 5218 1531 5289 conjugem,
1549 5226 1575 5273 et
1598 5217 1642 5272 illa
1666 5234 1766 5289 sponsa

117 5307 172 5372 dat,
184 5313 211 5361 ot
222 5321 290 5361 uxor
298 5306 366 5373 rire,
376 5314 402 5362 et
412 5305 484 5361 filios
493 5323 651 5377 procreare,
677 5318 780 5365 matres
803 5308 917 5364 familias
967 5313 1084 5378 pareret,
1100 5306 1228 5360 nimirum
1242 5306 1372 5377 perpauci
1391 5314 1493 5373 essent,
1520 5305 1566 5378 qui
1588 5322 1647 5361 eam
1678 5307 1766 5381 virgi-

118 5409 188 5449 esse.
206 5394 286 5463 Quod
309 5402 399 5451 autem
422 5394 564 5451 venialiter
589 5399 751 5464 concedunt,
778 5405 823 5453 aut
844 5397 917 5468 quod
969 5411 1040 5461 nem,
1058 5403 1084 5450 et
1102 5411 1157 5449 non
1170 5393 1259 5465 potius
1273 5402 1442 5450 autumarent
1457 5412 1519 5450 osse
1538 5397 1722 5465 meretricem,
1740 5404 1765 5451 et

117 5482 228 5556 impedit
242 5483 278 5538 ad
292 5485 434 5553 orandum,
452 5500 506 5540 non
522 5493 622 5558 cogunt
635 5487 745 5558 nuptiae,
758 5487 807 5543 sed
817 5485 915 5543 lerunt.
969 5483 1047 5555 qnasi
1062 5484 1184 5541 adultera
1197 5483 1389 5555 lapidaretura
1403 5483 1512 5539 ludaeis.
