3794 6104
60 117 89 171 a
718 106 908 171 arenosa
1416 160 1425 179 .
1681 110 1720 176 to
1742 108 1745 112 ’

59 247 130 295 taras
146 237 305 308 eidederat,
324 246 351 295 et
367 239 403 295 ub
425 255 459 296 eo
477 247 632 311 acceperat,
652 240 803 297 secundum
819 237 901 299 re·A
917 238 1054 310 baptismi,
1071 238 1170 312 inquit,
1182 247 1356 297 sacramento
1382 256 1433 298 eos
1458 240 1534 310 emit,
1556 256 1613 298 non
1631 250 1723 299 nmen

57 325 153 399 gulam
163 324 194 381 in
208 325 383 398 gravioribus
412 327 499 399 culpis
520 328 621 383 missus
642 327 701 395 fuit,
726 337 753 384 et
767 328 866 384 dicitur
915 344 966 399 pro
981 328 1020 384 eis
1034 344 1144 384 crucem
1161 327 1252 397 subiit,
1265 344 1354 401 neque
1369 329 1615 401 mentempertulit,
1631 346 1721 404 neque

53 415 116 470 illus
133 432 272 486 perversa
296 416 417 473 doctrina
440 417 614 488 depravatus.
643 419 677 473 ln
706 417 773 473 sicut
800 416 866 471 mibi
916 418 1078 489 sanguinem
1094 416 1171 473 ludit.
1189 418 1267 474 Unde
1283 418 1364 473 latius
1382 418 1454 474 dicla
1479 419 1508 472 in
1531 419 1588 474 suis
1614 419 1723 491 scriptis

50 503 163 559 dictum
180 513 233 567 est,
250 505 326 577 quasi
350 505 437 576 ipsius
456 507 630 562 Gothescalci
645 507 865 562 reclamationem
916 505 1102 571 inveniuntur,
1120 525 1180 578 qum
1194 507 1222 561 in
1238 508 1322 562 altera
1352 507 1485 563 schedula
1503 507 1581 563 vobis
1596 509 1684 576 mitto,
1695 516 1726 563 nt

48 593 110 648 vult
126 593 258 665 perferre
273 595 306 648 ad
321 594 452 650 domnum
467 596 657 666 apostolicum,
681 596 777 650 videns
799 610 866 667 qua·

45 681 115 737 liter
126 682 177 736 illa
193 683 340 737 advorsum
348 700 401 748 me,
417 701 477 756 quae
488 685 522 738 de
537 684 595 738 istis
611 684 732 754 partibus
747 684 866 739 adillnm

45 770 184 836 veniunt,
201 788 281 826 suum
296 789 406 826 cursum
428 773 574 843 accipiunt.
597 775 631 828 Et
645 773 767 840 audiens,
792 774 865 844 quod

42 859 176 915 domnus
192 861 358 931 apostolicus
373 862 472 918 domno
487 863 546 934 regi
562 862 658 917 Carolo
680 863 714 918 de
736 878 780 917 me
797 862 865 918 scri·

42 949 114 1021 psit,
135 949 205 1020 quia
221 966 332 1020 semper
341 966 385 1005 rna
397 957 491 1023 tegere
502 967 556 1006 non
566 951 648 1005 debet
662 951 798 1019 atalibus,
815 968 865 1007 nco

43 1037 126 1093 valet
143 1055 150 1090 :
166 1047 196 1093 ut
210 1038 384 1109 providerem
399 1055 433 1094 ne
453 1054 503 1110 pro
531 1039 573 1095 eis
589 1040 700 1095 tandem
717 1040 864 1111 aliqnando

45 1126 199 1182 incurram
210 1142 334 1197 quaenon
350 1135 424 1198 opto,
441 1136 467 1182 et
481 1127 539 1198 ipse
555 1126 640 1183 frater
650 1136 675 1183 et
690 1128 736 1183 alii
751 1128 865 1184 licenter

48 1232 115 1287 quae
143 1215 241 1270 volunt
263 1223 310 1269 aut
337 1216 496 1279 moliuntur,
517 1225 562 1271 ant
585 1216 696 1272 faciunt.
719 1218 791 1273 Nam
811 1233 865 1291 ego

50 1299 152 1355 nescio
167 1299 197 1352 in
216 1299 314 1369 quibus
338 1299 454 1355 domnus
476 1301 641 1370 apostolicus
666 1309 720 1355 tam
735 1318 807 1372 saepe
834 1318 864 1356 se

917 594 939 648 si
954 594 1035 649 fuerit
1050 596 1129 650 vobis
1143 597 1242 662 visum,
1259 597 1359 652 domno
1381 597 1532 667 apostolico
1559 613 1619 652 eam
1642 613 1723 652 mon-

917 683 1008 739 stretis
1022 700 1039 737 a
1052 700 1096 737 me
1112 685 1189 738 vobis
1204 685 1346 749 directam,
1364 700 1419 740 non
1433 686 1467 739 ad
1478 685 1516 739 illi
1531 702 1563 739 ex
1575 693 1723 757 meoparte

916 772 1121 834 ostendendam,
1135 773 1183 826 sed
1198 774 1233 827 ad
1247 773 1325 828 vobis
1341 773 1502 828 habendam.
1520 774 1587 829 Sunt
1613 783 1639 829 et
1669 774 1722 830 alia

917 878 977 933 qum
992 860 1067 929 dicit,
1080 877 1141 931 qum
1155 861 1221 915 mihi
1238 861 1364 916 videntur
1374 878 1436 917 esse
1447 863 1602 933 perniciosa
1618 871 1645 919 et
1659 863 1723 919 lidei

916 950 1058 1006 catholice
1077 948 1225 1015 contraria,
1242 967 1303 1021 quae
1314 950 1337 1003 si
1348 950 1382 1004 ad
1396 951 1448 1006 hoc
1457 952 1723 1022 veneritprobabunt

916 1039 1053 1109 sapientes
1069 1047 1150 1110 atque
1169 1037 1306 1094 catholici.
1322 1038 1385 1092 blihi
1408 1039 1442 1094 de
1467 1040 1548 1094 tantis
1572 1055 1604 1095 ac
1620 1042 1720 1096 talibus

915 1127 1006 1181 taliter
1021 1127 1143 1198 impetito
1160 1126 1257 1182 sullicit
1272 1128 1367 1182 sedere
1382 1127 1409 1180 in
1425 1128 1526 1200 angulo
1553 1129 1679 1197 domatis,
1697 1137 1725 1184 ct

915 1233 969 1272 non
997 1232 1142 1272 conserere
1163 1216 1376 1271 ⁴contentionum
1396 1231 1492 1270 manns
1508 1233 1569 1272 eum
1604 1217 1720 1272 muliere

915 1304 1034 1376 litigiosa
1046 1305 1165 1360 indomo
1180 1305 1318 1359 communi
1335 1322 1342 1358 ε
1361 1312 1387 1360 et
1411 1303 1510 1359 sufficit
1540 1314 1568 1359 ut
1598 1306 1632 1359 sit
1653 1306 1719 1361 mibi

51 1389 160 1442 texisse
175 1403 220 1442 me
236 1387 317 1442 dicat.
334 1387 362 1442 Si
376 1388 449 1442 enim
464 1389 498 1443 dc
516 1389 638 1445 llotlrado
648 1389 721 1455 dicit,
735 1407 789 1445 non
804 1389 863 1444 sin·
914 1393 1003 1448 anima
1019 1410 1078 1447 mea
1092 1410 1143 1464 pro
1158 1393 1255 1464 spolio.
1271 1395 1339 1447 Nam
1356 1393 1429 1448 idem
1446 1394 1652 1459 Gothescalcns,
1673 1394 1717 1451 vel

53 1477 195 1549 gulariter
222 1492 283 1532 mea
312 1477 468 1544 auctoritas,
498 1478 548 1533 scd
576 1477 765 1549 episcoporum
785 1478 864 1551 regni
915 1482 1050 1555 quiajam
1064 1490 1171 1553 tempus
1187 1491 1226 1537 est
1242 1491 1269 1535 ιιι
1285 1483 1376 1538 veniat
1401 1483 1474 1555 quod
1503 1483 1600 1538 Paulus
1623 1483 1722 1554 praedi-

56 1565 254 1620 domninostri
270 1565 370 1634 Caroli,
392 1567 426 1620 ad
442 1574 615 1638 quoscontra
629 1584 673 1622 mc
692 1568 860 1638 provocavit,
876 1567 952 1655 Brit
980 1567 1121 1638 apostolus
1149 1568 1184 1622 de
1209 1566 1310 1621 ultimis
1338 1568 1516 1637 temporibus,
1548 1568 1591 1623 vel
1619 1568 1721 1623 invidia

56 1670 118 1708 eum
134 1654 246 1723 deiecit,
263 1653 330 1709 sicut
344 1655 542 1725 subcriptiones
557 1672 651 1710 corum
666 1657 861 1711 demonstrant.
914 1655 977 1717 mei,
995 1655 1072 1727 quasi
1086 1672 1129 1710 rne
1141 1663 1237 1728 tangat
1250 1655 1324 1727 quod
1336 1656 1414 1724 jussu
1438 1656 1629 1727 episcoporum
1643 1656 1720 1712 illum

58 1742 84 1799 Si
99 1744 136 1798 de
151 1743 214 1798 istis
226 1744 360 1799 ordinatis
374 1744 449 1810 dicit,
466 1744 631 1801 sicutmodo
659 1746 866 1817 compmbatum
914 1744 1047 1808 custodio,
1064 1744 1163 1799 dicitur
1173 1744 1274 1798 multos
1289 1744 1532 1810 haboreiautores‚
1547 1744 1615 1800 sieut
1626 1746 1720 1800 habuit

59 1833 164 1887 vidistis
179 1819 210 1887 et
220 1833 347 1898 audistis,
360 1849 413 1906 ego
429 1849 476 1890 eos
490 1849 545 1890 non
556 1835 686 1904 judicavi,
708 1851 798 1906 neque
814 1836 865 1890 dc·
916 1833 1045 1888 domnum
1062 1834 1246 1898 Prudentium,
1264 1832 1334 1888 sicut
1358 1833 1459 1903 scripta
1475 1833 1559 1904 ipsius
1575 1841 1717 1900 testantur,

57 1921 116 1990 ieci,
135 1937 226 1993 neque
236 1937 298 1976 cum
310 1922 448 1990 judicibus
469 1938 562 1978 eorum
591 1923 749 1994 subscripsi,
774 1924 802 1979 Si
831 1925 865 1980 dc
916 1921 1146 1993 qumapluribus
1162 1922 1207 1992 qni
1218 1921 1265 1975 illa
1275 1922 1375 1976 habent
1390 1928 1503 1991 possunt
1517 1922 1644 1993 prolerri.
1666 1921 1720 1990 Qui

61 2009 241 2066 Golheacalco
256 2010 329 2076 dicit,
347 2011 382 2067 de
393 2027 456 2082 quo,
473 2012 523 2067 sed
543 2020 569 2067 et
589 2013 623 2067 de
640 2011 760 2084 prelatis
789 2013 865 2068 ordi·
915 2011 1004 2074 etiam,
1043 2009 1168 2066 videlieet
1197 2011 1314 2065 domnus
1344 2011 1531 2074 Prudentius,
1563 2011 1590 2065 in
1621 2010 1721 2066 Annali

60 2100 135 2165 natis,
148 2100 186 2153 ab
202 2100 429 2170 Arsenioscripto
444 2100 626 2174 interrogatus
655 2101 765 2171 scriptis
779 2102 865 2158 ratio·
917 2108 1058 2171 gestomm
1081 2107 1239 2155 nostrornm
1267 2115 1374 2172 regum,
1404 2116 1465 2170 quae
1493 2099 1655 2170 composuit,
1686 2100 1721 2154 ad

61 2205 120 2243 nem
134 2188 256 2258 reddidi,
273 2190 399 2244 eumdem
413 2189 621 2245 Gothescalcnm
637 2206 653 2245 a
669 2191 773 2246 duabus
784 2208 867 2263 syno-
917 2188 1136 2244 confirmandum
1152 2204 1230 2242 suam
1246 2187 1419 2253 sententiam,
1435 2187 1521 2261 gestis
1536 2187 1600 2243 anni
1624 2188 1721 2243 Domi-

62 2277 101 2333 dis
115 2277 286 2343 damnatum,
300 2277 461 2347 jubentibus
476 2278 612 2350 episcopis
626 2287 769 2350 postquam
790 2279 865 2348 judi·
915 2277 984 2332 nicee
995 2276 1190 2332 lucarnationis
1205 2279 1256 2330 859
1272 2277 1368 2331 indidit
1385 2277 1489 2345 dicens,
1504 2277 1633 2332 Nicotaus
1648 2293 1721 2348 pon·

61 2375 134 2421 catus
148 2365 201 2420 fuit
217 2365 539 2437 custodiendumaccepi,
552 2384 586 2422 ue
598 2367 725 2423 aliossua
735 2385 866 2439 perversa
915 2365 981 2420 tifex
997 2367 1135 2421 Romanus
1149 2367 1184 2421 de
1199 2366 1285 2437 gratia
1301 2365 1351 2420 Dei
1366 2372 1392 2419 et
1420 2365 1507 2420 libero
1534 2365 1656 2430 arbitrio,
1681 2366 1716 2422 de

60 2455 432 2527 doctrinanoceretquisibi
447 2455 580 2527 prodesse
611 2456 729 2511 nolebat.
751 2458 791 2512 De
811 2472 865 2528 quo
914 2462 1028 2511 veritate
1044 2454 1161 2527 geminae
1175 2453 1436 2524 predestinationis,
1468 2462 1494 2508 et
1522 2455 1556 2509 de
1586 2455 1721 2528 sanguino

60 2544 136 2597 edam
151 2543 252 2599 litteris
268 2543 368 2598 domno
379 2544 530 2614 apostolico
548 2545 686 2617 suggessi,
703 2544 791 2616 qualis
806 2545 866 2614 ejus
915 2542 1023 2611 Christi,
1038 2552 1067 2598 nt
1085 2560 1134 2613 pro
1149 2543 1324 2598 credentibus
1340 2542 1466 2596 omnibus
1482 2541 1557 2596 susus
1574 2544 1621 2609 sit,
1647 2543 1719 2599 fide-

62 2632 93 2686 sit
103 2632 241 2697 doctrina,
255 2640 282 2686 et
296 2640 385 2686 utrum
406 2632 487 2687 vellet
506 2640 534 2686 ut
556 2632 581 2686 ei
595 2633 733 2688 licentiam
752 2634 786 2688 ab
802 2650 866 2688 eum
915 2632 977 2686 liter
990 2630 1133 2687 confirmat
1147 2639 1173 2687 et
1187 2630 1466 2687 catholicaedccernit.
1485 2629 1564 2700 Quod
1579 2633 1719 2702 paralium

62 2721 140 2775 eundi
156 2721 263 2784 darent,
293 2736 330 2774 an
357 2720 435 2776 alteri
455 2737 517 2776 eum
541 2738 590 2791 per
615 2738 691 2776 suam
713 2722 866 2792 jussionem
915 2736 969 2775 non
984 2720 1146 2786 andivimus,
1164 2737 1214 2776 nec
1238 2720 1301 2774 alibi
1331 2719 1456 2793 legimus.
1488 2721 1566 2776 Unde
1589 2722 1719 2792 quoniam

62 2810 293 2875 commendarem,
310 2826 345 2864 ne
360 2809 418 2864 sine
429 2809 587 2865 auctoritate
609 2812 722 2866 duarum
747 2812 865 2883 synodo·
915 2810 974 2881 ipsa
987 2818 1075 2883 gesta,
1093 2810 1193 2881 quibus
1207 2825 1257 2865 neo
1271 2808 1425 2879 conscripta
1441 2816 1512 2873 sunt,
1529 2809 1629 2878 jamin
1651 2811 1716 2881 plu-

62 2916 116 2953 mm
136 2897 326 2954 diffinitionem
349 2898 538 2953 dissolverem.
570 2899 599 2954 Si
627 2899 665 2954 illi
698 2899 788 2970 placet
817 2917 866 2971 per
917 2899 1049 2955 rimorum
1063 2915 1159 2953 manus
1174 2899 1351 2964 devenerunt,
1379 2914 1492 2954 neccsse
1509 2906 1550 2955 est
1576 2907 1605 2953 ut
1629 2899 1719 2956 taliter

63 2988 180 3057 seipsum
191 2987 294 3056 eumne,
311 2988 431 3056 mandet,
449 2995 475 3043 et
490 3004 542 3058 ego
556 2987 633 3042 illum
647 2988 780 3043 dimittam
793 2989 865 3043 utad
916 2989 951 3044 de
965 2990 1017 3044 hoc
1033 2988 1133 3042 domno
1147 2987 1298 3057 apostolico
1314 2987 1481 3060 suggeratis,
1499 3003 1533 3041 ue
1557 2989 1718 3044 scandalum

65 3092 122 3129 eum
133 3076 216 3130 vadat
232 3094 239 3129 ι
255 3076 350 3147 quiesi
366 3093 413 3130 rex
424 3076 499 3130 illuni
527 3093 582 3131 non
597 3076 711 3142 miserit,
732 3092 784 3150 ego
809 3094 864 3132 non

64 3165 149 3219 babeo
164 3173 255 3218 tantos
265 3165 393 3219 custodes
409 3165 454 3236 qui
469 3181 532 3219 eum
560 3166 704 3221 deducant.
730 3166 759 3222 Si
783 3165 865 3221 etiam

64 3252 98 3306 illi
112 3253 203 3324 placet
219 3262 247 3307 ut
261 3252 329 3307 alius
344 3269 406 3307 curn
421 3253 541 3324 recipiat.
561 3262 587 3309 et
610 3270 688 3309 suam
713 3255 865 3310 doctrinam

65 3342 115 3397 sive
130 3342 264 3414 synodus,
281 3341 339 3397 siva
353 3342 465 3414 quilibet
488 3343 632 3414 episcopus
660 3344 761 3409 audiat,
791 3353 817 3398 et
842 3344 865 3398 si

66 3430 132 3485 bona
147 3440 189 3487 est
203 3439 341 3501 sequatur,
359 3430 381 3485 si
395 3446 480 3501 prava
494 3430 595 3497 est,’ab
611 3432 651 3486 eis
666 3433 712 3504 qni
736 3449 799 3487 eum
813 3449 863 3488 au·

66 3519 159 3575 dietim
173 3519 322 3575 refellatur.
339 3520 373 3574 llt
387 3519 425 3574 illi
436 3520 534 3591 quibus
556 3522 608 3577 hoc
623 3521 862 3586 commendaverit,

65 3606 157 3663 lanient
172 3607 208 3663 de
223 3607 352 3678 illoquod
367 3607 452 3663 sacris
466 3609 569 3682 regulis
577 3608 695 3664 viderint
705 3610 862 3675 convenire,

66 3694 127 3750 siout
141 3695 229 3750 illide
237 3711 272 3751 eo
285 3695 408 3752 lecerunt
423 3696 468 3768 qui
486 3713 516 3753 se
540 3713 634 3753 sacras
658 3699 769 3769 regulas
784 3698 864 3754 intel·

66 3782 161 3839 lavisse
187 3792 340 3855 putamnt,
364 3785 432 3839 nihil
460 3802 520 3841 mea
544 3786 666 3841 interest.
702 3788 805 3842 Tamen
841 3788 865 3842 si

64 3872 157 3944 aliquis
172 3888 224 3928 vos
233 3873 444 3944 interrogaverit
454 3874 489 3929 dc
499 3890 550 3929 sua
562 3875 696 3944 doctrina,
710 3862 778 3931 niue
803 3892 864 3931 esse

67 3961 282 4032 illiresponderc
302 3963 425 4032 potestis,
450 3962 519 4018 sicut
547 3971 573 4018 et
599 3964 683 4020 verba
708 3973 734 4019 et
763 3964 864 4035 scripta

68 4048 123 4105 illos
138 4051 337 4106 demonstrant.

97 4179 125 4231 l.
146 4176 218 4231 Dicit
232 4175 306 4231 enim
327 4175 454 4232 deitatem
475 4184 574 4233 senche
603 4177 742 4232 Trinitatis
766 4176 863 4233 trinam

72 4279 135 4334 esse,
165 4264 235 4320 sieut
264 4274 326 4318 sunt
350 4272 405 4320 tres
432 4273 534 4322 sanctae
560 4265 698 4320 Trinitatis
727 4282 860 4337 personae.

71 4356 92 4408 l.
104 4353 173 4409 Dicit
184 4353 224 4407 ita
238 4353 376 4424 geminam
395 4370 457 4409 esse
472 4354 521 4409 Dei
541 4354 816 4425 praedestinationem,
833 4362 861 4410 nt

73 4440 131 4495 sieut
141 4443 217 4497 Deus
232 4441 364 4512 quosdam
378 4443 412 4497 ad
427 4443 508 4498 vitam
524 4452 663 4509 aternam,
680 4443 716 4497 itn
732 4445 865 4515 quosdam

71 4530 296 4598 praedestinaverit
311 4531 346 4585 ad
358 4539 476 4587 mortem
490 4540 630 4588 aeternam.
648 4537 673 4588 3.
697 4533 768 4588 Dicit
791 4534 865 4605 quod

71 4620 181 4674 nouvult
191 4620 266 4674 Deus
281 4635 377 4676 omncs
394 4620 518 4676 homines
533 4621 625 4676 salvos
637 4619 704 4686 heri,
732 4622 780 4677 sed
801 4630 865 4677 tan-

73 4713 120 4761 tum
134 4710 241 4780 eosqui
257 4708 416 4765 salvantur:
433 4726 529 4765 omncs
543 4718 632 4766 autem
661 4710 759 4765 salvari
780 4727 865 4783 qnos-

72 4808 169 4868 cunque
182 4797 242 4868 ipse
258 4798 365 4853 salvare
393 4799 518 4865 voluerit,
536 4815 569 4854 ac
583 4815 632 4870 per
646 4800 697 4855 hoc
712 4799 866 4872 quicunque

72 4905 119 4947 non
132 4893 281 4960 salvantur,
299 4896 405 4965 penitus
428 4912 483 4950 non
497 4913 558 4952 esse
582 4897 728 4952 voluntatis
751 4897 822 4951 illius
838 4904 867 4951 ut

72 4989 211 5045 salventur.
227 4993 254 5046 t.
265 4992 335 5047 Dicit
350 4994 423 5064 quod
445 5010 500 5049 non
523 5011 575 5065 pro
599 4994 680 5049 totius
706 4994 799 5049 mundi
819 5011 866 5050 re·

71 5085 227 5159 demptione,
246 5090 377 5146 Dominus
401 5100 427 5146 et
443 5092 561 5148 salvator
577 5102 670 5149 noster
683 5094 762 5148 Jesus
790 5094 866 5148 Chri·

71 5192 120 5240 stus
132 5186 167 5241 sit
181 5185 327 5243 cmxifixns
341 5198 369 5245 et
392 5199 525 5257 mortuus,
547 5190 596 5246 scd
624 5197 729 5246 tantum
744 5207 795 5263 pro
824 5191 867 5247 his

915 3076 979 3132 inde
994 3076 1020 3129 in
1036 3075 1158 3131 Ecclesia
1173 3076 1270 3139 veniat,
1288 3075 1365 3147 quasi
1381 3075 1440 3145 ipse
1459 3076 1532 3148 quod
1546 3067 1625 3130 ¹absit
1654 3077 1717 3130 talia

915 3165 985 3220 sicut
999 3164 1195 3220 Gothescalcus
1210 3164 1315 3218 sentiat.
1326 3165 1359 3218 Et
1370 3179 1469 3234 precor
1483 3172 1511 3218 ut
1527 3163 1561 3219 de
1570 3181 1631 3220 mea
1642 3173 1718 3237 parte

915 3253 981 3308 nihil
1010 3253 1034 3308 ei
1062 3253 1188 3318 dicatur,
1219 3253 1265 3324 qui
1292 3260 1458 3308 commotum
1488 3252 1588 3308 dieitur
1616 3254 1716 3310 habere

915 3341 1123 3397 snumanimnm
1139 3358 1204 3414 erga
1218 3357 1272 3405 me,
1302 3340 1393 3395 multis
1412 3341 1445 3395 ad
1464 3357 1526 3397 eum
1555 3348 1648 3396 contra
1672 3357 1716 3396 me

915 3430 1107 3500 scribentibus,
1118 3438 1145 3485 et
1157 3429 1222 3484 mihi
1237 3429 1442 3502 derogantibus,
1464 3446 1498 3484 ne
1514 3418 1674 3485 scandalum
1688 3430 1716 3485 in

914 3519 1032 3579 meinde
1045 3525 1200 3591 retorqueat
1216 3518 1288 3573 unde
1303 3517 1411 3587 culpam
1426 3532 1481 3572 non
1504 3518 1602 3572 habeo.
1625 3519 1718 3590 lpsum

915 3615 1004 3664 autem
1019 3608 1123 3664 Annale
1139 3607 1211 3680 quod
1226 3607 1288 3663 dico
1303 3623 1350 3662 rex
1366 3606 1456 3671 habet,
1473 3614 1499 3661 et
1519 3606 1578 3677 ipse
1601 3614 1642 3662 est
1670 3607 1715 3664 illa

914 3695 993 3761 liber,
1010 3713 1090 3768 quern
1106 3712 1198 3751 coram
1213 3695 1291 3751 vobis
1306 3695 1333 3749 in
1348 3694 1482 3762 Ecclesia,
1495 3694 1541 3750 ubi
1563 3711 1614 3751 vos
1635 3695 1715 3751 nobis

914 3786 1124 3850 commendavit,
1135 3800 1227 3841 coram
1242 3783 1320 3839 vobis
1335 3784 1369 3838 ab
1385 3784 1431 3838 illo
1446 3783 1512 3838 nihi
1527 3785 1679 3855 prestitum
1691 3785 1716 3840 ei

915 3874 1030 3929 reddidi.
1048 3873 1130 3928 Plura
1152 3874 1270 3944 denique
1298 3873 1376 3928 vobis
1402 3872 1436 3927 de
1460 3873 1520 3944 ipso
1536 3873 1718 3930 Gotbescalco

916 3963 1187 4032 seriberepotcrarn,
1205 3977 1287 4033 quam
1316 3961 1487 4033 perniciosus
1502 3962 1544 4027 sit,
1575 3970 1602 4017 et
1630 3964 1716 4019 multo

915 4051 1003 4124 magis
1018 4051 1114 4106 noxius
1131 4051 1182 4106 erit
1197 4050 1298 4114 multis,
1316 4050 1338 4104 si
1354 4051 1388 4104 ab
1403 4049 1462 4120 ipsa
1485 4051 1610 4106 custodia
1636 4051 1719 4107 luerit

914 4140 1054 4195 absolutus
1070 4156 1077 4192 ι
1093 4139 1156 4210 quia
1171 4145 1304 4211 procerte
1320 4137 1382 4192 talia
1405 4139 1470 4194 dicit
1494 4147 1520 4195 et
1549 4140 1612 4194 talia
1640 4140 1715 4208 facit,

914 4228 942 4282 in
954 4229 1053 4300 quibus
1064 4227 1203 4283 evidenter
1213 4228 1387 4301 cognoscitur
1395 4236 1440 4282 aut
1448 4228 1633 4284 daemoniacus
1644 4246 1716 4295 csse,

876 4311 963 4372 Dant
979 4317 1137 4372 maniaticus
1153 4334 1159 4370 :
1176 4325 1202 4371 et
1219 4317 1294 4372 scitis
1306 4317 1436 4388 quoniam
1458 4317 1547 4371 mania
1575 4333 1636 4372 esse
1663 4334 1718 4373 non

914 4406 984 4462 solet
997 4407 1101 4478 absque
1114 4406 1247 4460 damone.
1263 4408 1296 4460 Et
1312 4406 1334 4460 si
1349 4405 1448 4477 aliquis
1463 4422 1512 4461 vos
1527 4406 1717 4478 interrogave-

916 4497 950 4551 rit
965 4496 999 4550 de
1016 4495 1101 4566 ipsius
1117 4495 1251 4558 custodia,
1273 4495 1356 4549 talem
1372 4510 1433 4549 esse
1449 4494 1581 4548 veraciter
1605 4493 1643 4547 illi
1668 4510 1716 4549 re-

917 4585 1054 4656 spondere
1064 4585 1198 4656 potestis:
1215 4583 1351 4656 Quidquid
1367 4583 1463 4637 iratres
1479 4582 1506 4635 in
1520 4581 1581 4637 cibo
1602 4590 1629 4636 et
1651 4592 1716 4653 potu

916 4675 1025 4743 babent,
1043 4676 1094 4730 boo
1109 4674 1134 4730 ei
1149 4674 1269 4746 quotidie
1285 4673 1343 4727 sine
1359 4672 1411 4726 ulla
1427 4670 1594 4743 negligentia
1622 4671 1718 4728 minis-

916 4771 1013 4830 tratur;
1030 4763 1191 4819 vestimenta
1210 4762 1249 4816 illi
1264 4761 1297 4815 ad
1318 4759 1503 4815 sufficientiam
1514 4759 1676 4829 offeruntur,
1694 4762 1717 4817 si

918 4854 975 4909 vult
989 4853 1034 4908 ille
1045 4853 1170 4923 accipere
1187 4868 1194 4905 :
1211 4851 1285 4921 ligna
1300 4850 1334 4904 ad
1346 4847 1435 4905 locum
1451 4848 1604 4905 laciendum
1615 4850 1654 4905 illi
1663 4850 1718 4906 sni·

918 4940 1039 4998 ficienter
1053 4942 1162 4997 dantur.
1179 4940 1209 4993 ln
1221 4937 1362 4992 mansione
1377 4937 1405 4992 in
1420 4955 1474 5009 qna
1490 4940 1566 5012 degit
1593 4940 1715 4995 camina-

918 5038 975 5086 tum
991 5031 1080 5096 habet,
1097 5038 1123 5086 et
1136 5028 1331 5083 necessarium.
1362 5027 1481 5084 Lavacra
1496 5028 1536 5082 illi
1551 5044 1605 5083 non
1628 5028 1716 5083 dene·

917 5129 1038 5194 gantur:
1056 5119 1104 5174 sed
1118 5125 1262 5188 postquam
1283 5115 1312 5170 in
1327 5118 1453 5172 eamdem
1475 5115 1645 5171 mansionem
1672 5115 1716 5172 in-

917 5210 1007 5275 travit,
1022 5224 1078 5263 non
1092 5206 1181 5262 solum
1196 5220 1297 5277 corpus
1321 5205 1415 5263 lavare
1436 5206 1532 5272 uoluit,
1555 5221 1651 5260 aarum
1665 5221 1717 5264 neo
1813 5232 1816 5236 ·

69 5284 109 5354 qul
122 5286 272 5343 solvamur·
290 5290 317 5343 5·
342 5288 414 5346 Dicit
439 5306 580 5362 exponens
609 5291 776 5348 sententiam
804 5308 868 5365 apo·
917 5313 1088 5363 manus‚nec
1103 5294 1210 5352 faciem.
1226 5298 1313 5352 Antea
1327 5296 1410 5364 enim,
1435 5294 1505 5351 siout
1523 5293 1561 5350 illi
1586 5302 1719 5352 testantur

71 5380 128 5437 soh
140 5382 225 5454 Patri,
242 5400 308 5442 eunt
326 5387 374 5459 qai
397 5389 467 5444 emit
486 5405 531 5446 aas
550 5389 704 5446 Dominam
717 5394 865 5460 negantes,
916 5389 987 5444 inter
1001 5401 1070 5459 qum
1088 5393 1268 5444 conversatus
1283 5393 1350 5450 erat,
1376 5383 1547 5470 turpissimus
1575 5393 1602 5440 et
1628 5385 1720 5442 adbuc·
