3794 6104
207 262 260 317 307
597 263 769 320 nthunnt
782 261 985 320 nnsmsttsts
999 259 1265 320 sncnffletscopt
1809 267 1862 320 308

207 387 348 442 decretum
362 385 485 443 invenies
501 387 631 458 (Bonitas.
648 390 670 454 l,
681 391 763 462 epist.
779 390 817 459 t),
829 412 840 436 a
851 389 919 444 intra
935 403 1000 459 pro·
1014 384 1087 447 naa
1102 389 1175 444 diem
1189 390 1229 444 sui
1249 390 1338 445 obitus
1359 389 1473 444 deberet
1496 389 1611 457 retrudi,
1634 389 1733 445 viatico
1754 396 1861 444 tanturn

205 472 1001 550 sinciamessedeberejudicium,etcongregarisynodum,
1053 492 1167 532 munere
1183 477 1341 533 redonatus.

207 569 237 618 ut
252 562 276 617 si
291 562 388 618 adesse
403 561 519 619 voluerit
533 580 666 634 presens,
682 565 834 633 sicoulidit,
849 566 1003 634 adobjecta
1087 566 1160 637 tege
1191 582 1298 638 quoque
1312 567 1425 623 decreta
1452 565 1562 631 Gelasii,
1596 573 1623 620 et
1646 565 1773 621 invenies
1796 582 1858 622 eum

207 650 1003 726 respondeat:siadessenegligeret,dilationemsententiae
1051 667 1268 709 commemorare
1284 670 1345 726 quae
1363 655 1445 727 longa
1468 661 1530 709 anto
1551 670 1599 709 sua
1614 662 1740 725 tempora
1756 655 1857 710 consti·

208 739 243 795 de
250 738 376 795 absentia
388 755 443 795 aon
449 739 608 798 lucraretur.
620 742 655 796 Et
665 742 795 814 quidqud
805 743 878 800 deeo
892 743 1002 814 provin·
1052 749 1152 807 terunt,
1163 743 1198 797 de
1212 743 1370 810 Athanasio,
1386 743 1531 798 deleanne
1542 742 1856 814 Constantinopolitano,

208 827 291 884 ciales
301 827 422 898 episcopi
428 829 558 885 ducerent
564 830 777 898 decernendum,
785 831 1001 902 adapostolicam
1051 837 1133 901 atque
1148 828 1287 899 Flaviano,
1303 831 1426 887 eamdem
1440 831 1557 902 primam
1569 831 1664 886 sedem
1675 830 1779 902 egisse,
1789 831 1857 886 sieut

207 915 302 972 sedem
314 915 457 983 referrent,
476 925 504 973 ut
519 919 579 987 ejus
593 919 750 975 auctoritate
764 918 927 975 firmaretur.
940 942 950 969 ι

232 1039 264 1094 ln
276 1039 394 1096 decretis
405 1055 514 1114 quoque
529 1042 678 1098 lnnocantii
695 1044 846 1109 (Innocent.
863 1045 884 1113 l,
900 1061 942 1117 ep.
955 1048 1000 1113 27,

206 1128 235 1183 ia
263 1125 328 1198 sina)
355 1128 509 1194 Photidem,
538 1128 574 1186 de
601 1146 655 1202 qno
684 1131 742 1187 sedi
768 1131 924 1203 apostolicae
951 1150 1002 1205 per

204 1214 304 1272 falsum
339 1231 476 1272 rumorem
507 1217 665 1289 subreptum
689 1227 716 1274 et
740 1219 859 1276 elicitum
881 1237 931 1292 per
957 1222 1001 1278 in-

203 1303 286 1359 sidias
301 1303 452 1375 dicebatur,
469 1306 533 1377 qnia
547 1321 628 1362 causa
642 1308 802 1365 adsalutem
816 1310 945 1379 redierat,
962 1311 1003 1367 in-

202 1391 297 1447 venies
312 1391 473 1448 restitutum.
491 1393 545 1449 Sed
560 1403 585 1449 et
599 1410 614 1449 a
629 1394 717 1452 Felice
745 1413 816 1468 papa
840 1397 926 1468 (Felix
954 1398 999 1467 lll,

203 1481 286 1552 epist.
303 1480 341 1551 l),
357 1495 413 1536 non
428 1496 478 1552 per
491 1481 704 1554 subreptionem,
735 1485 784 1540 sed
809 1502 858 1556 per
872 1486 1002 1542 rationem

203 1565 361 1622 damnatum
383 1568 526 1638 Misenum,
552 1580 680 1643 suscepto
704 1572 739 1628 ab
753 1589 786 1629 eo
805 1573 897 1630 libello
911 1575 1001 1645 poeni·

202 1649 303 1717 tentiae,
318 1651 437 1723 legimus
450 1669 465 1708 a
480 1654 560 1711 beato
577 1654 687 1712 Gelasio
697 1657 847 1713 absolutum
863 1659 905 1730 (in
922 1676 1002 1731 syno-

202 1738 236 1794 do
252 1741 353 1811 liam).
369 1741 400 1795 ln
421 1750 531 1815 regesto
545 1744 720 1800 nibilominus
731 1746 802 1801 beati
821 1746 960 1818 Gregorii,
971 1748 999 1803 in

201 1826 313 1899 epistola
328 1829 363 1883 ad
378 1829 531 1899 Maximum,
548 1832 690 1889 manifesta
704 1834 821 1891 lectione
830 1835 950 1906 reperies
960 1837 1001 1891 di·

200 1929 273 1983 cere,
290 1917 446 1975 nullomodo
460 1935 543 1990 posse
552 1922 760 1991 ordinationem,
770 1939 830 1996 quae
844 1924 877 1979 ab
892 1939 1001 1981 excom·

199 2005 343 2062 manicatis
357 2007 385 2062 in
401 2010 635 2067 excommunicato
645 2020 687 2067 est
701 2019 775 2069 acta.
794 2013 829 2068 Et
842 2013 869 2068 in
884 2014 1000 2085 epistola

199 2095 234 2149 ad
249 2093 410 2152 Columbum
420 2097 479 2167 (lib.
497 2115 517 2165 t,
528 2102 611 2172 epist.
621 2100 771 2170 33),oblata
781 2102 832 2156 sibi
842 2103 999 2174 petitiones

200 2182 360 2240 diaconibus
380 2186 511 2264 Ecclesiae
533 2188 717 2256 Pudentianae,
731 2191 812 2260 jussit
826 2191 854 2245 in
872 2191 998 2247 Numidia

198 2272 339 2342 provincia
354 2289 416 2328 cum
430 2274 515 2330 misso
530 2292 580 2333 suo
594 2276 749 2333 universale
763 2279 906 2335 concilium
929 2295 996 2335 con-

196 2359 318 2432 gregari,
344 2368 370 2416 et
405 2361 596 2420 Maximianum
636 2367 794 2438 episcopum
836 2368 997 2439 regulariter

198 2447 352 2503 convictum
381 2449 480 2522 deponi
510 2469 516 2505 :
547 2461 574 2508 et
602 2454 626 2508 si
655 2464 827 2512 accusatores
863 2473 914 2528 pro
947 2472 996 2512 sua

196 2535 278 2607 culpa
291 2535 407 2594 feriendi
421 2538 520 2608 forent,
536 2557 585 2612 pro
598 2557 631 2600 eo
645 2544 718 2616 quod
732 2561 761 2600 se
772 2547 886 2602 Romam
901 2545 996 2618 latiga-

196 2632 293 2680 verunt
308 2640 362 2682 non
378 2628 418 2684 eis
446 2645 507 2686 esse
520 2633 701 2702 parcendum.
732 2634 767 2689 Et
781 2634 809 2689 in
828 2635 942 2706 epistola
960 2634 994 2689 ad

194 2713 326 2770 loannem
342 2716 542 2787 Syracusanum
558 2719 617 2792 (lib.
630 2736 679 2788 vn,
692 2723 754 2779 ind.
773 2726 815 2790 ll,
833 2728 914 2797 epist.
936 2725 991 2792 62),

194 2800 327 2857 Lucillum
350 2804 509 2864 llelicitanae
524 2809 639 2877 civitatis
667 2813 834 2883 episcopum,
865 2815 993 2872 adhibitis

199 2904 291 2945 secum
303 2892 389 2947 tribus
399 2893 443 2948 vel
455 2903 570 2966 quatuor
579 2898 791 2971 coepiscopis,ut
800 2901 993 2973 ipsispraesen-

196 2975 269 3030 tibus
284 2978 422 3036 satisfacta
436 2982 558 3053 veritate,
574 2986 673 3042 debere
689 2988 789 3058 deponi
806 3006 812 3042 :
843 2997 869 3045 et
882 2991 949 3046 alter
964 2993 992 3048 in

195 3064 255 3133 eJus
264 3065 325 3123 loco
340 3070 481 3140 pecipitur
490 3071 563 3144 eligi,
576 3075 649 3145 quia,
660 3084 688 3131 ut
702 3076 762 3147 ipse
776 3077 870 3134 beatus
881 3078 1030 3156 Grego-(g
1109 3131 1140 3140 ..
1249 3132 1254 3141 .
1300 3133 1305 3143 .
1348 3132 1353 3141 .
1505 3131 1510 3141 .
1556 3132 1562 3142 .
1678 3133 1684 3143 ·
1807 3133 1814 3146 ·

193 3152 250 3208 ,ius
263 3154 496 3228 &Neapolitanos
507 3162 601 3217 scribit
615 3164 674 3235 (lib.
687 3180 728 3231 n,
745 3182 788 3239 ep·
800 3169 838 3237 3),
858 3171 992 3225 “canoni-
1041 3140 1157 3229 stastrers
1172 3131 1206 3185 ad
1220 3132 1403 3230 alrosJudrces
1412 3132 1622 3231 ecclesiasticos,
1638 3132 1686 3187 ubi
1699 3141 1744 3231 est
1759 3149 1849 3205 maror

1042 3224 1196 3285 auotoritas,
1213 3219 1295 3274 luerit
1311 3228 1496 3290 provocatum,
1522 3235 1575 3276 non
1592 3236 1632 3276 ers
1645 3221 1717 3276 obsit
1731 3238 1848 3293 quorum

194 3240 234 3297 cis
248 3250 290 3298 est
301 3245 404 3319 regulis
425 3250 609 3322 constitutum,
634 3261 662 3308 ut
677 3253 804 3311 defuncto
827 3257 871 3313 rel
883 3259 989 3316 sublato
1048 3307 1052 3318 .

192 3332 446 3401 pastore,llcclesia
460 3338 505 3394 diu
521 3341 660 3398 sacerdote
675 3344 773 3414 privari
784 3360 840 3400 non
853 3345 987 3404 debeat.»
1040 3308 1120 3406 {uerit
1131 3307 1218 3363 soluta
1234 3309 1376 3376 semenfia'
1392 3309 1414 3362 Si
1436 3309 1561 3364 “minei
1576 3324 1630 3363 ⁰⁰¹¹
1651 3310 1790 3380 merim
1804 3313 1848 3367 Vel

192 3417 229 3474 Et
240 3419 269 3474 in
284 3421 399 3493 epistola
417 3427 451 3482 ad
465 3428 591 3485 Natalem
606 3431 790 3489 Salonitanum
804 3435 989 3507 archiepisco-

193 3522 268 3580 pum,
286 3512 373 3568 sedet
387 3514 415 3570 in
429 3516 545 3588 epistola
558 3519 592 3574 ad
608 3521 772 3578 Antoninum
794 3524 990 3582 subdiaconum

194 3595 253 3666 (lib.
270 3614 311 3667 ιιι,
329 3603 389 3658 ind.
407 3607 450 3672 ll,
467 3622 509 3679 ep.
536 3612 561 3675 8,
587 3612 625 3680 9),
650 3610 744 3679 habes,
774 3618 803 3667 ut
823 3612 990 3670 Florentium
1068 3662 1072 3672 .

190 3686 349 3760 episcopum
362 3707 378 3746 a
389 3693 550 3764 quibusdam
565 3696 592 3751 in
606 3698 792 3754 criminalibus
806 3702 895 3756 causis
910 3718 991 3758 accu-

190 3781 290 3842 satum,
306 3785 333 3833 et
347 3779 428 3835 nullis
447 3783 586 3839 canonicis
610 3786 815 3856 probationibus
838 3791 988 3861 exquisitis,

192 3879 244 3920 nec
262 3867 439 3924 sacerdotalis
463 3871 570 3927 concilii
596 3875 772 3944 proveniente
783 3877 894 3945 judicio.
920 3880 990 3936 asui

190 3967 253 4009 eum
271 3954 384 4011 honoris
399 3955 495 4027 officio,
513 3976 568 4015 non
579 3961 642 4030 jure
656 3963 705 4018 sed
730 3971 862 4035 potestate
877 3967 989 4039 deposi-

191 4046 259 4108 tum,
277 4042 410 4114 quianon
430 4055 519 4117 potest
534 4049 677 4121 quisquam
703 4052 876 4125 episcopatus
890 4057 986 4129 gradu,
1069 4103 1074 4112 .

190 4128 243 4184 nisi
253 4129 334 4198 justis
349 4147 382 4188 ex
397 4134 487 4190 causis
502 4151 619 4193 concors
633 4141 807 4197 sacerdotum
827 4145 989 4202 submovere

188 4219 331 4288 sententia,
347 4223 474 4279 eumdem
486 4224 650 4283 Florentium
666 4230 827 4302 episcopum
842 4234 877 4286 ab
893 4234 988 4290 exsilio

188 4320 243 4380 quo
258 4316 316 4364 erat
329 4318 452 4368 retrusus
463 4314 562 4372 debere
573 4317 642 4387 ejici,
653 4327 680 4374 at
695 4335 805 4374 causam
816 4323 874 4389 ejus
882 4323 989 4393 episcc

186 4395 244 4469 pali
266 4396 463 4471 disceptatione
486 4405 606 4476 perquiri
631 4426 637 4474 ;
654 4415 680 4464 et
701 4408 724 4462 si
739 4408 766 4462 in
779 4410 832 4479 his,
849 4411 876 4464 in
891 4411 1029 4506 quibusD

185 4495 331 4544 accusatus
345 4488 583 4557 luerat,canoniaa
606 4493 675 4551 loret
698 4496 859 4567 probatione
891 4514 987 4555 conri-

186 4590 254 4651 ctus,
271 4579 401 4636 aaronica
429 4581 524 4651 procul
539 4581 621 4638 dubio
636 4584 737 4640 ultione
758 4585 939 4657 plectendum,
962 4599 989 4645 et

182 4669 289 4743 praefati
303 4669 502 4741 archiepiscopi
517 4670 545 4724 in
556 4686 619 4726 eum
634 4675 864 4744 propriumrobur
879 4677 987 4733 obtine·

182 4773 213 4813 re
223 4758 325 4813 debere
335 4759 506 4825 sententiam
524 4759 666 4816 sinautem
681 4763 804 4833 generali
814 4765 916 4832 jndicio
924 4765 987 4821 suis.

182 4852 225 4903 set
239 4845 388 4912 absolutus,
417 4847 517 4904 nullius
532 4848 663 4921 deinceps
686 4852 844 4921 praejudicio
859 4854 985 4923 subjace-

184 4941 233 5000 ret,
252 4939 279 4989 et
291 4950 349 4990 suae
363 4951 408 4991 rea
423 4937 474 4992 sibi
489 4937 708 4995 restituerentur.
733 4941 769 4995 Et
783 4941 811 4995 iu
824 4942 937 5013 epistola
951 4946 986 4999 ad

185 5022 319 5081 loannem
333 5022 428 5094 primae
442 5025 601 5084 lastinianae
623 5028 860 5101 arehiepiscopum
873 5032 933 5103 (lib.
954 5048 983 5102 x,

182 5135 225 5194 cp.
243 5119 299 5192 33),
315 5119 349 5174 de
361 5119 444 5176 Paulo
455 5121 576 5180 Diadinae
587 5124 704 5181 civitatis
714 5127 984 5199 episeopoinvenies,

181 5224 209 5272 ut
224 5217 270 5290 qui
283 5225 345 5289 post
355 5216 553 5287 depositionem
563 5236 649 5288 suam,
661 5222 843 5281 inverecunde
852 5241 885 5281 ac
894 5234 985 5282 mente

175 5326 314 5385 perversa
326 5315 361 5369 de
377 5313 534 5385 episcopatu
552 5315 626 5388 loqui
640 5325 682 5373 est
694 5335 787 5388 ausus,
804 5328 831 5377 et
845 5338 939 5376 rursus
949 5324 985 5377 ad

181 5410 234 5467 hoc
248 5412 371 5481 aspirare
392 5413 575 5486 praesumpsit,
603 5423 631 5470 ut
654 5418 791 5474 Dominici
815 5421 939 5492 corporis
958 5431 985 5477 et

183 5507 324 5581 sanguinis
335 5512 524 5569 commuuione
534 5511 665 5585 privatus,
680 5514 709 5571 in
719 5517 887 5574 monasterio
897 5534 985 5591 usque

1052 927 1078 973 et
1091 917 1125 974 de
1138 919 1229 973 multis
1244 919 1304 974 aliis
1326 920 1354 974 in
1373 919 1545 976 documentis
1568 918 1732 976 certissimis
1751 920 1855 991 reperi-

1050 1020 1122 1062 mus.
1135 1008 1208 1080 Lege
1223 1009 1305 1063 etiarn
1317 1008 1433 1079 qualiter
1447 1008 1609 1063 Athanasius
1624 1007 1653 1062 in
1668 1007 1777 1080 synodo
1793 1007 1856 1063 Hie·

1051 1095 1256 1166 rosolymitana,
1273 1097 1321 1151 sed
1338 1097 1406 1151 etin
1422 1096 1615 1164 Alexandrina,
1631 1112 1689 1151 suae
1702 1095 1855 1152 absolutio·

1050 1185 1093 1239 nis
1108 1199 1141 1239 ac
1159 1185 1339 1240 restitutionis
1361 1186 1551 1241 auctoritatem
1572 1201 1588 1240 a
1613 1185 1680 1241 seda
1703 1185 1855 1256 apostolica

1052 1281 1195 1344 sumptam,
1212 1281 1238 1328 et
1252 1274 1280 1328 in
1295 1273 1447 1329 Sardiccnsi
1463 1275 1567 1345 synodo
1576 1281 1737 1330 exsecutam
1746 1273 1853 1348 relegit,

1052 1368 1078 1417 et
1092 1361 1297 1417 unanimitatem
1318 1360 1490 1417 iratemitatis
1514 1361 1649 1434 quaesivit,
1679 1362 1752 1418 sicut
1781 1369 1809 1417 et
1828 1363 1853 1417 in

1051 1457 1143 1505 nostra
1159 1451 1264 1521 synodo
1279 1450 1313 1505 de
1327 1448 1413 1505 fratre
1428 1458 1454 1505 et
1477 1451 1675 1507 consacerdote
1700 1458 1797 1506 nostro
1820 1451 1853 1506 de

1052 1554 1105 1609 quo
1134 1538 1223 1609 agitur
1251 1537 1350 1594 facturn
1380 1538 1438 1594 luit.
1456 1537 1526 1607 Quia
1552 1540 1622 1595 sicut
1636 1547 1664 1594 et
1685 1539 1722 1594 de
1745 1539 1852 1595 redem-

1050 1634 1127 1696 ptore
1143 1636 1233 1682 nostro
1248 1627 1276 1681 in
1305 1627 1448 1682 Ezechiele
1476 1627 1610 1698 propheta
1635 1627 1755 1700 legimus
1776 1630 1852 1697 (Eac-

1013 1716 1095 1802 Bcb.
1130 1715 1234 1782 xxvii),
1257 1715 1406 1786 apostolica
1430 1715 1509 1771 sodes
1534 1713 1684 1770 funiculum
1719 1715 1747 1770 in
1772 1732 1852 1771 manu

1052 1810 1156 1871 tenens,
1182 1803 1280 1859 ditinae
1303 1803 1489 1874 dispositionis
1511 1803 1617 1871 intuitu,
1641 1804 1760 1859 alterum
1784 1805 1852 1860 iutra

1050 1907 1204 1946 mensuram
1228 1893 1377 1950 electorum
1405 1891 1594 1949 misericordia
1621 1893 1744 1963 asciscit,
1771 1901 1797 1948 et
1812 1893 1851 1948 al-

1050 1987 1136 2034 temm
1158 1979 1260 2048 judicio
1285 1979 1357 2035 foras
1383 1980 1511 2051 relinquit
1542 1998 1549 2034 ι
1574 1989 1603 2035 ut
1626 1989 1652 2035 et
1685 1981 1852 2052 Redemptor

1049 2076 1150 2134 noster,
1168 2069 1231 2123 dum
1260 2068 1330 2122 alios
1354 2084 1369 2122 a
1384 2069 1441 2123 suis
1456 2068 1643 2139 iniquitatibus
1658 2069 1802 2137 abstrahit,
1825 2079 1850 2126 et

1048 2156 1116 2211 alios
1139 2157 1168 2210 in
1190 2172 1236 2211 sua
1252 2157 1391 2229 iniquitate
1415 2156 1587 2229 derelinquit,
1613 2156 1678 2212 alibi
1700 2158 1847 2215 funiculum

1047 2245 1138 2310 trahit,
1156 2251 1182 2299 et
1196 2244 1306 2299 aliunde
1322 2245 1473 2312 retrahit,et
1488 2246 1540 2300 buc
1555 2244 1629 2301 ducit
1643 2262 1727 2316 quern
1737 2246 1843 2303 aliunde

1047 2332 1181 2399 subducit,
1199 2333 1327 2405 quoniam
1341 2333 1369 2388 in
1384 2333 1479 2389 eadem
1496 2334 1561 2388 sede
1575 2334 1722 2402 Dominus,
1738 2335 1845 2391 velutin

1046 2423 1143 2477 throno
1166 2438 1215 2477 suo
1241 2422 1403 2492 praesidens,
1420 2422 1534 2478 aliorum
1557 2422 1631 2478 facta
1660 2424 1807 2492 examinat,
1824 2434 1846 2479 et

1046 2518 1142 2566 cuncta
1157 2510 1326 2577 mirabiliter,
1342 2519 1371 2565 ut
1384 2510 1511 2567 videlieet
1525 2511 1559 2566 de
1575 2511 1641 2566 sede
1656 2527 1719 2578 sua,
1735 2512 1845 2584 dispen-

1045 2605 1097 2655 sat.
1113 2599 1215 2655 Verum
1230 2599 1301 2655 sicut
1330 2615 1380 2654 nos
1405 2601 1491 2671 ipsius
1514 2600 1672 2670 apostolicae
1687 2600 1763 2656 sedis
1777 2618 1845 2673 prte-

1045 2688 1169 2743 stantiam
1184 2687 1283 2743 suimus
1298 2689 1425 2759 amplexi,
1437 2689 1473 2742 ita
1489 2696 1515 2743 et
1529 2688 1587 2759 ipsa
1601 2690 1685 2744 sedes
1699 2690 1847 2761 apostolica

1044 2777 1145 2847 scripto
1161 2792 1301 2832 sacrorum
1312 2792 1446 2833 canonum
1461 2777 1647 2833 auctoritatem
1658 2779 1740 2834 nobis
1751 2796 1847 2851 repen·

1043 2865 1092 2931 dit,
1109 2873 1136 2919 et
1150 2865 1349 2937 benignitatem
1364 2865 1533 2936 paternitatis
1548 2866 1679 2937 exhibuit,
1697 2867 1774 2923 velut
1787 2884 1850 2924 eon·

1043 2953 1134 3010 cilium
1146 2954 1361 3024 carthaginense
1372 2954 1493 3010 decrevit
1501 2955 1590 3025 (conc.
1605 2956 1780 3028 Carthuq.,c.
1793 2958 1847 3029 l5):

1042 3041 1156 3108 Placuit,
1174 3042 1308 3114 inquiens,
1321 3051 1351 3098 ut
1364 3060 1379 3096 a
1390 3043 1596 3115 quibuscunque
1608 3044 1749 3113 judicibus
1765 3045 1849 3102 eccle

1040 3396 1149 3451 mimico
1173 3396 1263 3451 animo
1283 3397 1431 3465 iudicasse,
1461 3397 1503 3452 vel
1528 3396 1617 3468 aliqua
1631 3398 1782 3469 cupiditate
1801 3409 1847 3456 aut

1040 3484 1129 3557 gratia
1144 3484 1294 3556 depravati.
1313 3485 1385 3540 Sane
1400 3485 1422 3539 si
1438 3501 1471 3540 ex
1490 3500 1627 3542 consensu
1635 3487 1757 3558 partium
1766 3489 1846 3544 electi

1040 3571 1138 3628 tuerint
1149 3573 1265 3642 judices,
1282 3573 1365 3628 etiam
1380 3590 1395 3627 a
1410 3574 1538 3645 pauciore
1551 3589 1667 3630 nurnero
1682 3591 1767 3648 quarn
1781 3592 1847 3633 con-

1040 3669 1161 3716 stitutum
1177 3670 1226 3727 est,
1244 3661 1348 3717 scilicet
1361 3662 1387 3717 in
1403 3663 1539 3732 superiori
1551 3663 1681 3733 capitulo,
1697 3679 1755 3720 non
1764 3663 1847 3723 liceat

1039 3750 1195 3820 provocari.
1215 3749 1398 3820 Quapropter,
1416 3751 1544 3821 quoniam
1558 3750 1715 3823 benignitas
1731 3761 1845 3825 aposto·

1040 3837 1099 3893 licta
1114 3838 1187 3892 sedis
1201 3854 1250 3894 nos
1265 3838 1375 3894 inimico
1402 3838 1502 3903 animo,
1528 3840 1571 3895 vel
1586 3838 1679 3911 aliqua
1698 3841 1845 3912 cupiditate

1040 3934 1085 3981 aut
1107 3927 1194 3997 gratia
1227 3927 1388 3997 depravatos
1402 3928 1540 3996 judicasse
1552 3943 1606 3983 non
1623 3927 1740 3999 inuenit,
1756 3947 1844 4002 nequa

1040 4029 1203 4071 succensere
1218 4015 1341 4071 decrevit
1365 4034 1371 4069 :
1389 4024 1416 4070 et
1431 4016 1498 4072 sicut
1516 4024 1616 4072 sanctae
1629 4019 1776 4075 memoriae
1796 4020 1843 4075 do-

1039 4118 1113 4157 mmo
1129 4118 1207 4174 papae
1229 4103 1344 4159 Nicolao
1360 4104 1459 4159 litteris
1472 4104 1572 4159 nostris
1583 4107 1768 4163 communiter
1784 4107 1845 4162 inti·

1038 4191 1180 4255 mavimns,
1196 4207 1277 4247 causa
1294 4193 1372 4261 liujus
1392 4193 1545 4260 sententiae,
1563 4193 1591 4247 in
1605 4193 1666 4250 loeo
1681 4193 1778 4251 fratris
1792 4212 1842 4252 no·

1039 4279 1089 4333 stri
1102 4280 1240 4336 ordinatus
1254 4281 1382 4350 decessit,
1393 4283 1427 4336 ad
1442 4298 1472 4336 se
1488 4281 1655 4354 confugienti
1672 4298 1733 4340 suas
1747 4292 1841 4341 aucto·

1039 4369 1126 4424 ritatis
1141 4385 1252 4424 manum
1276 4371 1409 4441 porrexit,
1426 4378 1452 4425 et
1468 4371 1540 4443 quod
1573 4371 1780 4442 sapientissimo
1795 4389 1841 4429 suo

1040 4457 1156 4514 coasilio
1167 4458 1423 4531 judicavit,exsequi
1438 4459 1606 4529 procuravit,
1621 4467 1648 4514 et
1663 4461 1747 4516 nobis
1762 4477 1841 4518 exse-

1039 4554 1101 4603 cuta
1116 4562 1226 4603 servare
1240 4547 1379 4603 mandarit
1395 4549 1490 4617 :quus
1513 4549 1729 4619 praeceptionem
1749 4560 1841 4607 nostra

1038 4634 1185 4699 humilitas,
1198 4643 1226 4690 ut
1239 4636 1352 4708 dignum
1368 4635 1425 4702 luit,
1447 4636 1606 4692 obedienter
1628 4639 1762 4710 suscepit.
1777 4638 1841 4711 Quis

1038 4723 1109 4778 enim
1124 4739 1187 4780 cum
1202 4724 1317 4790 Christo,
1335 4725 1380 4796 qui
1395 4732 1436 4778 est
1446 4741 1498 4795 pax
1512 4733 1617 4792 nostra,
1634 4734 1661 4781 et
1676 4727 1767 4784 soluto
1781 4744 1840 4783 me·

1037 4811 1082 4866 dio
1097 4812 1199 4882 pariete
1215 4811 1278 4868 lecit
1301 4820 1415 4884 utraque
1437 4830 1520 4867 unum
1538 4814 1649 4886 (Epiros.
1674 4814 1718 4886 ιι),
1744 4831 1840 4888 pacem

1036 4899 1137 4954 babere
1153 4901 1321 4969 desiderans,
1336 4917 1391 4956 non
1406 4901 1583 4972 amplectatur
1598 4901 1671 4973 quod
1681 4903 1751 4960 dicit
1765 4907 1840 4978 Apo-

1036 4988 1137 5043 stolus:
1148 4990 1271 5045 Solliciti
1283 5006 1394 5046 scruorc
1406 4991 1547 5046 ueritatem
1557 4991 1677 5071 spiritus
1684 4994 1718 5048 in
1728 4994 1840 5050 vinculo

1037 5079 1114 5149 pacis
1130 5083 1141 5133 ,⁹
1170 5078 1281 5150 (Epiros.
1300 5094 1338 5145 rr,
1355 5078 1393 5148 3.)
1418 5078 1497 5148 Quod
1512 5078 1547 5133 ab
1563 5080 1694 5150 Apostolo
1710 5090 1786 5138 recte
1798 5082 1839 5137 di·

1036 5172 1118 5233 ctum,
1135 5172 1164 5220 tu
1178 5166 1206 5220 in
1222 5167 1340 5237 quadam
1355 5167 1563 5238 praesumptiosa
1578 5167 1785 5240 subscriptione
1796 5178 1838 5225 tua

1034 5252 1183 5326 incongrue
1206 5255 1329 5325 posuisti.
1356 5253 1423 5322 Quis
1445 5254 1577 5311 Ecclesia
1603 5256 1749 5314 catholicas
1769 5255 1839 5312 lilius

1034 5356 1090 5396 non
1102 5343 1241 5411 potissime
1256 5343 1395 5398 desiderat
1411 5342 1501 5398 fratris
1516 5343 1729 5413 correctionem,
1760 5361 1837 5418 atque

1035 5430 1211 5498 erectionem,
1228 5437 1253 5485 et
1277 5446 1331 5486 non
1354 5430 1443 5486 doleat
1458 5431 1638 5501 dejectionem
1662 5433 1761 5503 ‘tQuis
1785 5449 1836 5490 non

1034 5520 1097 5575 totis
1123 5519 1282 5593 precordiis
1318 5520 1488 5593 congaudeat
1509 5522 1537 5577 iu
1566 5522 1640 5578 omni
1672 5522 1835 5589 Christiano,
