3794 6104
575 220 755 280 EPISLOLAE
781 219 828 277 ΕΤ
850 221 1024 281 DECRETA.
1589 223 1641 280 d'fl

91 347 136 419 lii,
161 348 207 421 qui
228 362 324 420 pacem
348 347 526 405 confundunt.
554 348 625 404 Nam
653 344 829 408 discordesA
843 363 893 403 vos
906 346 1004 404 fecisse
1015 345 1167 419 probamin,
1184 345 1371 419 compulisset,
1396 347 1420 403 si
1434 362 1531 419 pacem
1552 347 1641 422 regni,

98 436 201 493 nahum
216 436 378 509 bonioperis
391 438 448 493 Deo
463 434 627 493 sacrificium
642 433 793 502 immolant,
846 434 915 490 sicut
928 451 978 492 vos
993 434 1091 502 facitis,
1107 442 1278 492 temerasset.
1294 435 1374 493 Nunc
1388 452 1464 504 vero,
1490 451 1553 492 cum
1576 435 1645 492 divi·

91 542 111 580 u
125 539 142 580 a
158 524 346 597 proximorum
370 525 503 581 charitate
527 523 693 581 discordant.
717 522 796 578 Unde
846 523 918 579 nitus
946 524 1089 595 praescitus
1105 531 1132 580 ot
1149 524 1366 596 praedestinatus,
1383 541 1438 581 non
1453 541 1470 580 a
1484 524 1642 596 semetipso,

91 614 209 671 ttthaeum
221 614 377 686 praecipitur
392 615 440 670 :Si
447 614 529 686 offers
544 629 649 671 munus
665 615 747 669 fuum
760 612 796 668 od
846 613 895 668 aad
916 612 951 667 ab
969 612 1101 669 acclesiae
1123 613 1174 669 Dei
1191 611 1254 668 filiis
1268 613 1397 671 invitatus
1412 612 1564 679 advenerit,
1582 612 1641 668 siue

91 703 183 769 ,etibt'
194 703 357 759 recordatus
366 703 456 774 fucris
467 704 705 776 quiufrufertuus
714 701 796 756 lubet
846 699 980 773 sanguine
995 699 1051 756 sola
1066 715 1116 755 sua
1132 700 1320 757 benevolentia
1334 701 1415 770 hujus
1430 700 1514 756 ltaliu
1527 699 1645 756 fortissi-

91 791 260 848 foduersum
273 795 307 856 te,
321 791 448 864 relinque
464 790 795 847 ruunusfuumanfcof-
845 804 905 843 mos
921 788 973 843 sibi
1000 788 1087 845 duces
1106 789 1269 856 devinxerit,
1297 789 1422 861 angelico
1445 804 1561 857 munere
1584 788 1644 846 vias

93 878 794 952 tsacepriusrcconcttiorisratrttuo‚ettuaeve·
846 892 974 948 suasper
996 877 1070 933 invia
1097 877 1158 934 loca
1184 878 1304 935 directas
1332 877 1491 950 inspexerit,
1521 876 1645 934 frustulis

91 966 273 1040 offermunus
283 966 482 1036 fuumlllotfli.
494 966 534 1036 v).
551 966 581 1019 ln
593 963 795 1037 quaDominica
845 963 951 1020 insidiis
969 965 993 1021 ei
1003 966 1162 1037 compositis
1170 965 1299 1022 divinitus
1309 965 1454 1022 liberatum
1470 981 1500 1020 se
1517 966 1644 1033 senserit,

91 1054 179 1128 ptione
194 1045 363 1126 pensandum
379 1061 430 1121 est,
446 1070 561 1126 qnorum
581 1052 671 1108 hostia
685 1051 795 1125 respui·
845 1053 961 1124 paludes
975 1053 1063 1109 invias
1078 1054 1130 1110 sibi
1153 1055 1264 1126 pervias
1292 1053 1378 1111 factas
1402 1053 1548 1121 invenerit,
1574 1054 1646 1111 vada

91 1158 147 1200 ram
159 1142 340 1199 intolerabilis
350 1141 431 1213 eulpa
444 1149 619 1197 monstratur.
636 1141 703 1197 Cum
723 1139 796 1195 euim
845 1141 1043 1213 profundorum
1058 1141 1210 1209 fluminum,
1228 1143 1300 1199 volut
1315 1143 1384 1199 alter
1399 1142 1454 1198 dux
1468 1141 1643 1214 israeliticus,

91 1231 231 1304 praeterita
249 1230 328 1287 bonis
349 1230 479 1302 operibus
503 1229 651 1298 diluuntur,
678 1243 795 1300 pensare
846 1229 1009 1286 exercitibus
1025 1230 1082 1286 suis
1111 1248 1181 1302 pene
1207 1231 1281 1287 sicca
1305 1231 1447 1302 repererit,
1472 1230 1604 1287 mhamur
1617 1239 1645 1286 et

91 1336 111 1389 s,
127 1336 144 1376 o
158 1319 364 1392 prudentissimi
378 1320 502 1386 comites,
519 1326 620 1391 quanta
636 1325 699 1373 sunt
712 1316 793 1383 mala,
845 1317 1072 1389 obstupescimus,
1089 1335 1138 1375 cur
1159 1336 1222 1374 aum
1244 1336 1259 1374 a
1287 1319 1404 1375 Domino
1428 1320 1569 1390 praelatum
1588 1334 1644 1377 non

91 1406 150 1474 diae,
167 1406 547 1479 qumnisierstinctafuerint,
559 1407 661 1462 bonum
671 1403 796 1462 sacrificii
843 1405 993 1479 intelligitis
1006 1422 1064 1474 vos,
1077 1407 1124 1478 qui
1148 1407 1293 1463 sensibiles
1309 1407 1385 1477 ostis,
1403 1422 1485 1478 quem
1509 1406 1643 1464 elementa

91 1496 127 1570 [ui
141 1510 195 1551 uon
210 1495 377 1566 permittunt.
409 1494 476 1564 Quis
498 1495 599 1566 itaque,
615 1492 792 1558 dilectissimi,
844 1491 1013 1549 insensibilia
1028 1493 1148 1550 sensisse
1163 1495 1299 1551 videntur.
1315 1495 1446 1550 lfiramur
1461 1503 1487 1551 et
1514 1495 1645 1567 obstupe-

91 1582 96 1639 l
110 1591 193 1652 ωριτε
208 1583 352 1639 discordia
366 1582 538 1639 criminanisi
548 1582 676 1653 antiquus
685 1580 795 1638 humani
843 1581 955 1653 scimus,
971 1598 1020 1639 cnr
1033 1582 1208 1654 parricidalia
1223 1591 1319 1640 contra
1327 1600 1391 1639 eum
1405 1598 1484 1638 arma
1492 1582 1644 1651 sustollitis,

91 1670 304 1741 sedversarius,
315 1669 546 1742 provocavithui
555 1670 693 1742 exangelo
705 1668 794 1727 factus
809 1687 926 1760 Bquem
939 1671 1045 1743 abipsa
1059 1687 1110 1727 sua
1132 1671 1246 1727 infantia
1261 1671 1353 1727 multis
1378 1671 1588 1728 adversitatibus
1602 1671 1647 1729 fa·

91 1758 188 1816 .bouaa
201 1759 285 1815 messi
313 1775 423 1830 semper
446 1758 548 1813 zizania
575 1757 795 1828 superseminare
847 1758 960 1830 ligatum
974 1759 1091 1828 vidistis,
1107 1767 1267 1831 superatum
1280 1775 1347 1817 vero
1362 1768 1523 1834 protegente
1531 1759 1648 1817 Domino

93 1856 113 1904 t.
129 1847 170 1903 De
184 1847 261 1917 cujus
285 1846 413 1902 aviditate
435 1863 486 1918 ρετ
509 1845 661 1917 apostolum
675 1845 796 1901 dicitur:
847 1847 959 1904 minime
973 1848 1150 1921 cognovistis.
1181 1848 1319 1915 Miramur,
1340 1847 1460 1920 inquam,
1477 1856 1504 1904 et
1517 1849 1649 1920 obstupe·

91 1936 164 1992 arius
193 1938 286 1990 uester
308 1935 434 1992 diabolus
454 1939 591 2008 tauquam
617 1934 659 1992 ico
682 1934 797 2006 rupiana
848 1936 959 2004 scincus,
976 1951 1026 1993 cur
1041 1953 1113 2005 enm,
1131 1952 1214 2009 quem
1228 1936 1392 1992 obedieutiae
1402 1952 1452 1992 suo
1462 1936 1560 1991 merito
1568 1935 1648 1992 vobis

91 2025 119 2091 il,
134 2023 477 2097 querensquamdevoret
494 2023 694 2078 :ruinosistitc
708 2024 797 2093 sortes
848 2024 976 2081 divinitus
997 2025 1141 2096 praelatum
1160 2023 1339 2098 cognoscitis,
1369 2040 1424 2080 nou
1453 2025 1523 2080 siout
1549 2039 1649 2080 revera

91 2112 130 2183 =(1
137 2113 212 2167 Petr.
224 2111 395 2182 vt).Etcorte
405 2109 677 2183 fidesaineoperidus
685 2113 798 2167 mmfun
848 2111 1006 2168 imitabilem
1022 2113 1177 2186 sequimini,
1193 2113 1242 2170 sed
1258 2112 1326 2170 sieut
1342 2112 1543 2179 detestabilem,
1560 2127 1648 2184 quau·

91 2216 124 2256 tc.
137 2199 188 2272 n);
205 2206 230 2255 et
242 2198 337 2255 beatus
351 2197 460 2268 l‘aulus,
477 2197 581 2253 collatis
595 2197 689 2254 multis
710 2197 798 2254 virtu-
848 2207 905 2255 tum
916 2200 1031 2257 invobis
1046 2210 1096 2268 est,
1112 2201 1241 2274 persequi
1251 2201 1390 2257 laboratis.
1407 2200 1508 2257 Cumsi
1523 2200 1647 2272 exemplo

115 2287 284 2357 alteritatem,
310 2303 371 2359 quae
393 2286 592 2342 multitudinem
622 2293 798 2358 pcccatorum
848 2288 921 2344 illins
935 2288 1098 2345 obedientiae
1112 2298 1268 2346 rossancta
1282 2289 1364 2346 sedes
1377 2288 1649 2360 apostolicasibiali·

91 2417 98 2443 ,
128 2374 796 2448 rutulidicens:Siueprophetioeeuccuabuntur,
848 2377 954 2450 quoties
977 2377 1133 2435 devotiores
1155 2385 1343 2451 cognosceret,
1367 2377 1566 2434 benedictionis
1591 2393 1648 2434 suae

91 2464 191 2537 dapum
221 2463 380 2532 cessabunt,
406 2465 465 2518 siue
498 2463 620 2519 amentio
634 2463 799 2519 destruetur
849 2481 898 2522 vos
908 2473 935 2520 ot
948 2465 977 2521 in
986 2466 1039 2522 hoc
1053 2466 1154 2522 saeculo
1168 2465 1256 2539 gratia
1269 2466 1417 2535 debriaret,
1429 2473 1456 2522 et
1469 2466 1498 2521 in
1507 2464 1598 2521 futuro
1612 2465 1648 2521 ad

91 2593 97 2609 .
117 2555 199 2623 1111);
216 2561 241 2608 et
256 2551 328 2607 infra
346 2553 447 2607 :Nunc
457 2556 555 2608 autem
572 2554 693 2607 mouent
717 2550 797 2620 fider,
848 2553 1035 2611 hereditatem
1056 2554 1136 2625 regni
1159 2555 1278 2610 coelestis
1301 2554 1405 2609 admitti
1427 2553 1484 2609 suis
1512 2552 1648 2610 continuis

91 2641 233 2708 chamum
249 2643 306 2696 trio
321 2639 390 2707 hec,
402 2642 493 2712 major
503 2640 801 2696 nutcmbisesfchnri·
848 2642 977 2714 precibus
993 2642 1160 2712 impetraret.
1176 2642 1232 2698 Sed
1246 2642 1356 2714 quando
1370 2649 1470 2698 sanctae
1483 2641 1557 2697 sedis
1577 2656 1648 2713 apo-

91 2729 166 2800 lfd.).
194 2728 271 2784 Unde
293 2728 363 2783 boue
378 2744 429 2799 per
442 2728 575 2783 loannem
587 2726 685 2784 dicitur
702 2743 709 2783 :
724 2729 798 2784 Deua
849 2731 952 2787 stolicae
966 2730 1087 2786 debitam
1102 2746 1151 2787 vos
1166 2729 1351 2786 obedientiam
1366 2737 1521 2786 servaturos
1539 2729 1648 2802 putabi-

91 2820 190 2885 ιεειτί,
202 2821 231 2873 et
239 2819 392 2890 quimonet
400 2818 432 2872 in
440 2816 630 2887 cucufatem
639 2817 693 2872 lieo
701 2818 800 2873 monet
848 2835 918 2886 mus,
935 2834 1004 2892 quos
1026 2828 1123 2875 contra
1150 2818 1201 2874 Dei
1229 2817 1423 2889 omnipotentis
1450 2817 1648 2875 ordinationem

92 2921 125 2963 aa
143 2907 176 2960 in
199 2921 230 2961 eo
251 2905 289 2974 (ll
301 2908 381 2963 loon.
402 2907 453 2975 tv).
468 2903 579 2961 Constat
593 2919 659 2976 ergo
675 2904 740 2977 quia
754 2902 801 2977 qul
848 2921 905 2962 tam
926 2906 1077 2963 manifestis
1105 2906 1213 2963 indiciis
1234 2905 1369 2962 rebellare
1393 2905 1537 2963 videmus?
1557 2921 1648 2978 neque

91 3006 165 3050 >non
179 3000 281 3062 manet,
297 2993 324 3048 in
334 2992 443 3050 diabolo
457 2999 558 3060 manet,
583 2993 661 3063 cujus
675 2992 799 3050 membra
849 2996 923 3052 enim
935 3003 1032 3052 eontra
1044 2996 1172 3052 carolum
1181 3003 1223 3051 est
1237 3011 1360 3051 murmur
1374 3001 1505 3066 vestrum,
1522 2995 1571 3050 sed
1586 3008 1650 3052 con-

91 3096 174 3138 unnes
189 3081 236 3153 qui
251 3082 343 3154 jurgia
366 3082 508 3149 seminant,
534 3088 561 3136 et
583 3080 799 3139 ecclesiasticam
814 3051 892 3140 Ctra
908 3084 1075 3141 Dominum?
1090 3085 1167 3154 cujus
1184 3091 1361 3156 astragum,
1378 3090 1405 3138 et
1412 3083 1456 3139 cui
1466 3081 1581 3139 voluerit
1590 3081 1650 3154 ipse

91 3168 173 3227 Ιὶτιετττ
187 3177 327 3240 recusant,
345 3170 444 3242 quibus
458 3169 593 3228 veraciter
607 3170 707 3227 dioitm
723 3188 729 3224 :
752 3171 799 3227 l'os
850 3174 897 3228 dat
911 3171 988 3243 illud,
1005 3172 1051 3246 qui
1065 3173 1148 3230 etiam
1162 3189 1213 3244 per
1241 3171 1416 3228 Solomouem
1431 3170 1497 3228 dicit
1512 3188 1520 3224 ι
1535 3173 1591 3227 Per
1603 3186 1649 3226 me

91 3262 134 3316 tre
146 3258 254 3316 diabolo
269 3260 339 3315 estis
349 3260 441 3329 (locu.
460 3261 532 3322 vnrl.
550 3257 740 3327 Quividelicet
753 3258 801 3315 Ca·
850 3265 1058 3333 repeerepnont
1073 3261 1165 3332 (Pron.
1181 3259 1263 3331 vni),
1278 3260 1342 3316 item
1356 3274 1407 3330 per
1420 3258 1561 3315 doctorem
1576 3274 1648 3331 gen-

91 3346 209 3404 rtutihus
223 3346 259 3402 ab
273 3347 390 3404 ineuntis
401 3347 486 3403 aetatis
508 3346 652 3419 principiis
662 3344 798 3402 invidens.
849 3349 918 3404 tium
930 3355 1049 3405 testatur
1067 3348 1162 3405 dicens
1180 3366 1186 3402 :
1203 3349 1263 3404 Nou
1277 3351 1321 3404 cst
1334 3349 1470 3421 potestus,
1486 3348 1545 3403 niu
1558 3363 1577 3402 a
1590 3347 1646 3403 Deo

91 3450 115 3494 ve
147 3435 305 3509 religiosum
326 3435 495 3509 propositum
514 3434 622 3507 longius
650 3434 801 3508 propagari
851 3437 940 3509 (Rom.
957 3436 1045 3510 n);et
1056 3436 1172 3492 iterum:
1190 3436 1244 3504 Qui
1258 3437 1394 3510 potestati
1403 3437 1525 3502 resistit,
1539 3435 1590 3492 Dei
1603 3449 1649 3491 or·

91 3539 163 3592 cens,
184 3523 276 3579 multis
294 3524 503 3581 adversitatibus
528 3521 678 3591 lacessivit,
704 3522 801 3580 fideles
850 3523 1219 3597 diuofionfrcsirtit(ibid.).
1232 3521 1649 3596 Rediteigitnrpraevaricatores

91 3611 293 3685 equentisstme
311 3612 444 3669 rebellare
454 3611 559 3680 suasit;
574 3611 603 3667 in
616 3610 689 3667 bello
704 3618 802 3668 contra
851 3615 953 3682 adeor,
966 3620 993 3671 et
1004 3613 1069 3686 quia
1083 3629 1158 3669 mors
1180 3628 1235 3669 non
1255 3612 1352 3679 tardet,
1377 3610 1460 3669 nolite
1483 3609 1592 3668 differre
1614 3609 1649 3667 de

91 3714 224 3757 mannos
230 3715 280 3771 pro
289 3699 421 3757 Ecclesiae
430 3699 481 3756 Dei
491 3699 650 3756 liberatione
657 3698 800 3771 pugnanti,
851 3702 896 3760 die
909 3703 938 3759 in
950 3701 1034 3759 diem
1049 3700 1141 3758 Nolite
1149 3700 1261 3758 socialia
1271 3699 1363 3757 libella
1373 3699 1554 3768 committere,
1564 3698 1648 3756 nolite

91 3804 200 3861 easque
209 3787 244 3844 ad
253 3787 376 3845 ultimam
385 3788 551 3846 deditionem
561 3787 727 3860 compellere
736 3794 802 3844 sata·
850 3790 1029 3864 parricidales
1044 3789 1153 3864 gladios
1167 3789 1196 3846 in
1216 3788 1366 3862 perniciem
1387 3788 1470 3846 vestri
1492 3788 1647 3845 sustollere.

95 3876 664 3950 saniorisvostri,parentumquoque,sive
681 3883 802 3933 vestrum
849 3879 941 3936 Nolite
963 3879 1139 3937 Fontauicum
1163 3877 1323 3935 detestabile
1344 3876 1468 3949 praelium
1491 3891 1648 3935 revocare:

91 3980 124 4021 nu
134 3965 170 4022 ad
179 3964 348 4022 invasionem
358 3965 445 4023 relicti
469 3965 527 4034 ejus
548 3964 666 4038 imperii,
692 3964 762 4022 sicut
776 3971 803 4021 et
852 3968 916 4042 quia
930 3967 1000 4025 sicin
1013 3968 1060 4041 qui
1069 3984 1121 4041 pro
1133 3967 1266 4024 Ecclesiae
1280 3966 1331 4023 Dei
1345 3965 1504 4023 defensione
1523 3965 1647 4033 moritur,

92 4052 193 4112 fecisse
201 4053 381 4127 dignoscitur,
389 4053 539 4113 suscitavit.
553 4054 631 4125 lpsos
641 4052 800 4121 familiares,
852 4074 901 4113 suo
916 4057 1049 4131 sanguim
1065 4063 1219 4126 coronatur,
1229 4056 1265 4111 ita
1275 4055 1322 4129 qui
1332 4054 1650 4112 contraheiEcclesiam

111 4150 252 4216 postremo
267 4142 365 4210 filium,
387 4142 421 4198 ad
436 4143 495 4211 eius
510 4141 699 4198 exterminium
713 4141 802 4198 hosti·
850 4161 978 4219 pugnans
993 4154 1022 4201 ut
1037 4145 1134 4218 refuga
1148 4144 1359 4201 Christianitatis
1377 4143 1530 4217 perimitur,
1555 4142 1651 4217 procul

91 4230 234 4288 ›rovocavit
250 4249 257 4284 ι
274 4238 302 4287 et
314 4247 348 4287 ne
372 4231 481 4304 quando
504 4231 540 4287 ad
555 4230 712 4302 imperium,
729 4229 803 4304 quod
852 4234 935 4290 dubio
949 4235 1155 4292 condemnatur.
1166 4232 1267 4299 Nolite,
1284 4232 1449 4299 charissimi,
1459 4248 1510 4303 pro
1519 4232 1649 4288 brevibus

91 4326 150 4377 stat
162 4335 218 4376 non
231 4320 351 4376 humano
365 4319 495 4376 collatum
510 4316 654 4387 beneficio,
670 4318 735 4375 licet
753 4333 804 4390 per
851 4323 914 4379 vitm
927 4322 1078 4379 commodis
1090 4329 1200 4378 aeternae
1213 4319 1439 4376 remunerationis
1453 4319 1531 4374 vobis
1538 4320 1649 4387 januam

91 4407 313 4466 emediocritatis
327 4407 518 4473 ministerium,
543 4407 593 4464 sed
612 4407 714 4474 divino,
735 4422 802 4478 per·
816 4407 988 4467 Delaudere.
1003 4409 1093 4466 Nolite
1114 4424 1164 4481 pro
1188 4408 1271 4463 rebus
1300 4405 1462 4464 transitoriis
1484 4415 1650 4462 aeternorum

92 4512 108 4553 a
120 4495 265 4570 potuisset,
282 4504 337 4552 tota
351 4496 538 4554 fraudulentiae
552 4510 609 4551 suaa
621 4494 728 4551 virtutae
737 4509 803 4567 pro·
852 4500 984 4556 bonorum
994 4498 1139 4556 commoda
1151 4496 1301 4570 praetcrire.
1315 4495 1386 4566 Quia
1397 4491 1651 4565 juxtabeatiblarci

93 4592 172 4654 ,tota
186 4585 292 4641 consilii
310 4584 352 4640 sui
379 4584 499 4641 versalia
521 4583 657 4640 debellare
678 4583 800 4640 certavil.
853 4586 1014 4644 sententium
1030 4605 1036 4642 :
1053 4586 1131 4643 Nihil
1136 4586 1251 4660 prodest
1261 4585 1370 4643 hoinini
1380 4586 1406 4640 si
1421 4585 1647 4640 lucraturfotum

91 4684 147 4731 teus
162 4673 342 4745 omnipotens,
360 4673 437 4742 cujus
451 4672 620 4745 providentia
648 4688 697 4745 per
711 4680 802 4727 muta·
852 4675 1002 4746 mundum,
1017 4675 1122 4732 anime
1134 4691 1198 4733 uero
1220 4691 1278 4731 suu
1294 4673 1499 4732 detrimentum
1516 4670 1649 4743 potiatur

91 4777 97 4818 ι
111 4777 205 4818 samm
220 4762 357 4835 principes
372 4762 454 4817 totius
468 4761 562 4817 mundi
577 4761 690 4817 latitudo
705 4760 805 4836 guber·
853 4766 963 4838 (lfottlt.
980 4767 1050 4837 vna).
1067 4765 1152 4835 liuius
1167 4763 1205 4820 rei
1213 4762 1303 4836 gratia
1311 4760 1518 4835 generalitatem
1528 4766 1649 4815 vestram

96 4857 125 4908 et
137 4851 254 4923 regitur,
269 4852 342 4907 huuc
356 4849 472 4923 flagellis
488 4849 592 4907 erudiri
614 4849 804 4922 frequentibus
853 4871 935 4927 quam
948 4862 1062 4927 patemo
1078 4852 1177 4911 affectu
1191 4849 1338 4924 complecti
1367 4848 1504 4914 volumus,
1521 4846 1566 4904 his
1579 4863 1652 4921 apo-

98 4957 107 5008 ;
123 4938 239 5017 deprimi
248 4939 366 5011 penitus,
381 4939 451 4994 sicut
464 4954 481 4994 a
495 4938 573 4994 vohis
589 4938 687 4995 crebro
702 4938 804 5011 proba·
853 4943 956 5000 stolicae
972 4942 1140 5000 auctoritatis
1161 4939 1260 4996 litteris
1283 4937 1430 4994 identidem
1454 4937 1594 4994 hortamur
1617 4951 1651 4993 aa

91 5043 126 5104 st,
141 5052 279 5108 nunquam
293 5037 426 5109 permisit,
444 5045 473 5092 ut
487 5037 591 5094 scilicet
619 5036 725 5093 futurus
748 5037 803 5093 im·
853 5032 1039 5088 obsteutamur
1052 5030 1198 5086 uttandem
1217 5026 1365 5098 aliquando
1388 5025 1530 5082 uobiscum
1548 5023 1651 5097 pariter

91 5141 110 5180 u·
122 5124 152 5182 in
166 5127 243 5199 regui
257 5133 392 5197 potestate
416 5126 546 5194 disceret,
563 5134 694 5199 quantum
709 5125 804 5181 timere
853 5119 1011 5184 sentientes,
1026 5126 1081 5174 tam
1095 5117 1225 5174 dilectum
1235 5123 1358 5170 nostrum
1371 5113 1539 5171 Ludovioum
1553 5111 1653 5185 glorio·

91 5229 148 5270 rum
172 5213 200 5269 iu
220 5215 370 5285 prosperis,
394 5215 565 5287 quantumin
595 5214 719 5272 adversis
745 5214 803 5271 Deo
853 5225 913 5265 sum
928 5223 1024 5282 regem
1039 5214 1160 5263 vestrum
1175 5204 1211 5276 (si
1231 5211 1322 5261 tamen
1346 5202 1417 5259 filius
1441 5202 1496 5258 dici
1522 5208 1650 5268 meretur,

91 5317 140 5359 are
155 5303 306 5358 debuisset.
322 5304 356 5358 Et
367 5303 476 5376 quidem
486 5302 710 5375 reprehensibilis
718 5310 801 5369 essct,
852 5297 898 5370 qui
920 5295 1076 5368 apostolicae
1091 5294 1165 5351 sedis
1180 5293 1289 5349 monitis
1307 5309 1417 5364 semper
1435 5289 1652 5347 inobedientissi-

91 5407 121 5447 aa
137 5391 179 5446 sui
194 5393 273 5465 regni
288 5392 447 5465 ingrediens
461 5391 530 5449 fines
546 5392 657 5449 alterius
673 5406 804 5464 usurpas-
852 5396 913 5435 mus
927 5377 1037 5448 exstitit,
1055 5378 1078 5434 si
1101 5377 1239 5450 gloriosus
1262 5375 1316 5432 dici
1338 5375 1430 5442 debet,
1451 5373 1496 5448 qui
1519 5374 1610 5432 adhuc
1624 5373 1653 5430 in

101 5478 198 5536 fideles
207 5480 316 5537 alterins
331 5479 491 5549 sollicitans,
508 5481 542 5536 ad
556 5479 717 5553 perjurium,
731 5478 803 5537 sicut
852 5484 991 5535 senectute
1006 5475 1148 5550 decrepita
1162 5473 1309 5532 Christiani
1327 5474 1467 5548 sauguinis
1490 5474 1652 5532 effusionem
1673 5534 1681 5545 ,
