3794 6104
115 232 169 289 tor
629 226 801 309 mucules
818 223 1021 284 ιιιιειιειιειε
1038 222 1319 311 ιιιειιιιιιιεεοιι
1501 174 1576 187 ”
1721 225 1771 280 ιιι

115 354 237 423 monem,
251 354 325 412 illius
340 370 403 413 cum
416 353 564 411 universali
578 352 709 419 Ecclesia,
724 367 760 407 sn
775 357 848 407 tuam
862 364 914 423 op·
930 350 1033 418 Asius.
1054 371 1065 399 ι
1083 350 1148 406 Haec
1162 349 1266 406 idcirco
1280 347 1366 405 tribus
1386 347 1528 420 promissis
1542 347 1578 405 de
1592 346 1687 404 verbis
1701 346 1774 402 besti

118 443 215 518 pidaui
228 444 351 516 episcopi
364 459 425 499 eum
444 443 495 499 tuis
509 442 687 513 complicibus
706 440 804 496 debeat
818 440 916 496 catho-
968 437 1114 511 Augustini
1150 454 1167 493 s
1194 453 1238 494 me
1259 438 1306 493 tibi
1329 437 1515 509 proponendis
1533 437 1683 508 preposui,
1703 452 1774 508 quo-

117 531 187 589 lieus
214 532 329 606 quisque
360 531 474 604 eligere,
504 530 657 602 praesertim
679 543 741 585 curn
768 528 842 584 idem
863 528 918 582 Leo
968 527 1040 581 uiam
1056 526 1115 583 zelo
1123 532 1149 582 et
1159 525 1251 581 surore
1266 526 1312 581 illa
1326 525 1482 597 perniciosa
1493 525 1653 598 ligamenta,
1668 525 1704 580 de
1720 524 1776 595 qui·

118 620 215 678 dieat:
235 642 246 671 r
264 620 292 676 Si
307 620 368 692 quis
382 619 410 674 iu
424 619 573 676 decretalia
592 618 739 674 constituta
757 624 813 672 tam
832 617 918 672 beatae
968 614 1125 687 busagitur‚
1134 623 1160 669 ιε
1169 613 1270 685 egisse,
1280 621 1306 670 et
1315 612 1775 685 hauccontrasaorasregulassub·

119 708 319 767 recordationis
333 707 492 774 innocentii,
509 722 591 779 quam
605 707 726 762 omniurn
741 705 919 761 decessorum
969 703 1146 774 scriptionem
1154 702 1326 758 adinvenisse
1341 701 1633 758 veracitercredimus.
1650 701 1777 772 Quapro-

120 813 243 867 suorom,
260 812 319 868 quae
334 796 569 853 deecclesiasticis
583 795 735 861 ordinibus,
748 801 774 848 ει
784 808 919 849 canonum
969 799 1029 863 pter
1038 791 1226 849 necessarium
1237 790 1301 845 duxi
1309 789 1428 862 primum
1439 789 1549 862 quidem
1557 790 1608 846 tibi
1618 790 1775 860 ostendere,

43 955 47 962 Ι
119 884 295 960 promulgata
308 892 371 939 sunt
384 884 536 955 disciplinis
555 882 730 951 commiserit,
745 881 852 938 veniam
867 879 919 937 sibi
970 877 1778 952 quiainsolscatholiea,unitateperhaeresesuelschismata

119 972 251 1044 deinceps
265 971 370 1028 noverit
385 972 527 1045 denegari.
543 995 553 1020 a
570 971 601 1024 ln
615 987 676 1043 quae
691 968 836 1026 decretalis
850 984 919 1025 con·
971 983 1026 1023 non
1040 967 1136 1033 divisa,
1149 983 1216 1024 vera
1230 976 1293 1023 sunt
1302 968 1463 1040 ligamenta,
1479 975 1508 1022 ιιι
1520 980 1589 1023 rere
1603 975 1669 1022 sunt
1687 982 1778 1022 saera-

122 1061 212 1118 stitota
232 1068 259 1118 te
283 1059 473 1116 manisfestum
496 1065 538 1115 est
562 1058 741 1124 commisisse,
767 1056 837 1113 sicut
851 1065 877 1110 et
892 1056 919 1111 in
970 1063 1071 1112 menta.
1084 1077 1096 1108 e
1109 1057 1176 1111 Puto
1190 1072 1245 1121 me,
1262 1055 1349 1127 inquit
1363 1056 1457 1111 beatus
1472 1055 1643 1126 Augustinus
1662 1055 1723 1125 (lib.
1741 1071 1778 1113 ru

122 1147 232 1222 scriptis
246 1148 333 1206 semel
346 1156 373 1204 et
387 1148 509 1205 secundo
524 1161 596 1201 ame
610 1146 658 1201 tibi
673 1144 782 1200 directis
800 1144 920 1200 ostendi·
970 1144 1003 1199 dc
1019 1146 1112 1217 Bept„
1124 1159 1149 1200 c.
1162 1146 1218 1214 51),
1234 1158 1289 1198 non
1303 1152 1407 1199 temere
1424 1143 1528 1211 dicere,
1539 1143 1611 1199 alios
1625 1143 1665 1198 ita
1680 1159 1743 1199 esse
1752 1143 1779 1197 in

121 1245 176 1305 tur,
192 1245 219 1295 et
232 1252 298 1295 ecce
310 1235 366 1306 jam
380 1235 459 1292 tertio
474 1235 502 1289 in
511 1235 564 1291 boc
579 1234 680 1304 scripto
690 1250 773 1305 supra
788 1241 922 1289 monstra·
972 1232 1054 1288 domo
1068 1232 1129 1299 Dei,
1145 1240 1174 1287 ut
1187 1232 1239 1304 ipsi
1252 1232 1333 1288 etiam
1346 1233 1401 1288 sint
1414 1232 1509 1288 eadem
1524 1231 1624 1288 domus
1639 1232 1704 1298 Dei,
1719 1248 1778 1304 que

121 1333 167 1383 tur
179 1341 215 1384 :a
230 1340 347 1398 quorum
364 1323 517 1394 disciplina,
537 1323 592 1379 imo
607 1338 624 1377 s
638 1321 771 1378 catholica
785 1321 918 1388 Ecclesia,
973 1320 1070 1376 dicitur
1083 1319 1215 1376 aedifreari
1229 1336 1312 1392 super
1330 1329 1444 1392 petram,
1466 1337 1529 1394 quae
1548 1320 1631 1377 unica
1651 1320 1780 1377 columba

122 1414 200 1485 cujus
225 1413 354 1470 exstitere
378 1421 508 1479 rectores,
534 1413 586 1468 bac
600 1410 801 1481 subscriptione
824 1416 872 1465 tua
895 1415 921 1465 ιε
973 1409 1131 1481 appellatur,
1149 1425 1209 1480 quae
1223 1424 1323 1481 sponsa
1336 1409 1451 1481 pulchra
1465 1408 1646 1466 sinemacula
1658 1417 1689 1465 et
1702 1425 1778 1482 ruga,

123 1500 266 1573 separasti,
282 1500 315 1567 si,
332 1508 361 1556 ut
375 1500 531 1572 praedictum
547 1506 597 1565 est,
613 1506 640 1554 et
653 1514 761 1569 semper
775 1497 922 1553 dicendum
973 1504 1000 1552 et
1013 1498 1108 1553 hortus
1119 1497 1274 1565 conclusus,
1284 1498 1345 1554 fons
1353 1498 1485 1571 signatus,
1496 1504 1597 1570 puteus
1606 1514 1690 1570 aqum
1699 1497 1777 1565 iirae,

124 1596 176 1657 est,
194 1604 212 1645 a
228 1595 257 1645 ιε
280 1589 433 1660 subscripta
457 1588 561 1645 eisdern
584 1587 736 1644 constitutis
758 1601 819 1642 esse
843 1586 921 1641 inve-
975 1585 1118 1656 paradisus
1134 1602 1196 1642 cum
1212 1585 1301 1642 fructu
1317 1602 1461 1658 pomorum
1477 1604 1485 1642 ι
1502 1603 1563 1658 quas
1585 1586 1687 1642 domus
1699 1586 1780 1641 etiarn

122 1676 235 1734 niuntur
267 1676 390 1733 adversa.
413 1676 584 1748 Quapropter
606 1676 695 1731 adhuc
714 1675 794 1730 etiarn
809 1673 859 1730 tria
873 1673 923 1728 tibi
937 1673 1065 1769 Bclaves
1090 1674 1205 1745 accepit,
1223 1690 1255 1731 ac
1277 1683 1439 1746 potestatem
1466 1673 1592 1731 solvendi
1614 1682 1642 1732 et
1666 1673 1779 1746 ligandi.

123 1780 157 1823 cx
171 1765 263 1822 verbis
271 1764 344 1822 beati
353 1765 498 1838 Augustini
508 1764 648 1821 catholiea
661 1762 792 1820 Ecclesiae
803 1761 924 1818 doctoris
977 1764 1051 1818 Hanc
1072 1761 1184 1818 domum
1204 1763 1303 1835 siquis
1323 1763 1514 1835 corripientem
1537 1762 1780 1836 corrigentemque

125 1854 217 1912 eximii
230 1854 408 1927 proponenda
422 1854 563 1925 proposui,
584 1867 748 1924 praeponens
772 1851 815 1906 his
838 1851 925 1906 tribus
975 1851 1178 1922 contempserit,
1205 1852 1239 1905 sit
1261 1851 1319 1920 tibi,
1344 1851 1439 1924 inquit,
1461 1860 1592 1924 tanquam
1612 1851 1741 1908 ethnicus
1754 1858 1781 1907 et

125 1941 200 1998 beati
213 1941 343 2013 Cypriani
358 1941 529 2009 seutentiam,
546 1957 563 1996 a
582 1941 662 1996 beato
677 1938 831 2012 Augustino
845 1939 925 1995 iaro·
975 1939 1147 2010 publicanus.
1160 1960 1171 1989 ι
1183 1940 1218 1994 Et
1233 1939 1374 1996 sciendum
1390 1940 1469 1995 nobis
1484 1947 1536 2006 est,
1553 1939 1618 2012 quia
1631 1940 1781 2012 praeposite

125 2028 247 2087 rabiliter
268 2029 449 2086 collaudatam
474 2031 568 2102 (epist.
589 2032 634 2098 73,
649 2028 685 2084 ud
705 2029 875 2100 lubriscum
898 2026 926 2082 in
977 2027 1071 2100 regula
1094 2027 1258 2098 corripiendi
1282 2028 1344 2082 data
1366 2028 1430 2084 huic
1450 2028 1544 2084 domui
1567 2028 1630 2094 Dei,
1656 2028 1781 2085 videlicet

125 2114 202 2190 fine),
226 2124 253 2174 et
276 2117 312 2173 ab
333 2117 458 2172 omnibus
481 2116 622 2173 catholicis
651 2131 683 2172 ac
703 2115 747 2186 pie
771 2114 926 2171 viventibus
977 2115 1118 2172 catholicae
1133 2116 1273 2182 Ecclesiae,
1290 2116 1349 2172 haec
1364 2116 1497 2172 sententia
1512 2117 1536 2171 si
1549 2123 1711 2187 contempta
1725 2116 1782 2172 lue·

125 2205 334 2279 acceptandam.
357 2205 523 2275 «Servatur,
546 2205 633 2278 inquit
647 2204 742 2259 beatus
776 2203 927 2274 Cyprianus
978 2204 1022 2270 rit,
1040 2204 1234 2261 subditur:Sit
1248 2205 1308 2272 tibi,
1323 2205 1420 2278 inquit,
1447 2209 1584 2279 tanquam
1598 2206 1735 2262 ethnicas
1754 2211 1781 2261 et

126 2293 226 2366 (libra
239 2294 273 2351 de
288 2295 381 2367 bapt„
397 2309 458 2366 cap.
475 2296 539 2364 7),a
550 2293 630 2348 uobis
642 2293 778 2365 patienter
792 2300 819 2347 et
833 2291 930 2347 leniter
976 2292 1146 2364 publicanas
1161 2293 1275 2364 (batth.
1292 2294 1384 2365 xviri).
1402 2293 1556 2350 Secundum
1570 2301 1665 2350 autem
1679 2294 1780 2365 eapitu-

127 2380 243 2438 charitas
256 2380 349 2447 animi,
370 2382 459 2439 honor
480 2382 600 2454 collegii,
621 2381 757 2437 vinculum
771 2379 844 2447 lidei,
860 2395 928 2436 con·
979 2380 1046 2447 lum,
1062 2389 1156 2436 contra
1177 2381 1305 2449 iniustam
1325 2382 1519 2454 obligationem
1537 2382 1715 2439 innoxiorum
1728 2399 1743 2437 a
1757 2391 1781 2438 te

128 2469 223 2529 cordis
237 2469 391 2527 sacerdotii.
410 2470 511 2537 ιΗιεε,
533 2469 620 2541 inquit
643 2469 823 2541 Augustinus,
844 2468 930 2523 verba
979 2476 1123 2540 patratam,
1141 2470 1217 2541 quasi
1232 2470 1383 2540 specialiter
1397 2471 1432 2526 de
1446 2472 1499 2526 hoo
1510 2470 1582 2528 iacto
1596 2471 1746 2543 loquentis,
1757 2480 1782 2528 et

128 2558 257 2632 cypriani
271 2567 343 2615 sunt.
359 2559 481 2616 Ansorte
496 2558 596 2616 invidia
610 2566 636 2615 ει
646 2558 781 2614 malevola
795 2556 930 2612 dissensio
981 2565 1007 2612 te
1021 2572 1073 2611 una
1094 2573 1156 2614 cum
1177 2559 1217 2612 eis
1233 2574 1301 2630 quos
1325 2559 1513 2631 alloquebatur
1536 2560 1733 2630 computantis,
1751 2576 1782 2616 ει

125 2662 242 2722 parrum
250 2648 353 2704 malum
361 2649 425 2706 esti
436 2646 579 2716 Quomodo
598 2662 667 2721 ergo
682 2647 725 2702 isti
741 2653 818 2703 erant
831 2644 930 2700 inuni-
982 2644 1072 2700 verbis
1085 2646 1208 2714 ejusdem
1230 2647 1349 2703 doctoris
1362 2647 1501 2719 magnifici
1516 2648 1565 2704 tibi
1585 2663 1723 2720 propono,
1740 2649 1782 2704 di-

127 2743 195 2804 tate,
212 2737 328 2810 quinon
343 2737 456 2792 erantiu
470 2736 630 2808 paceiVox
646 2735 719 2791 enirn
734 2751 789 2791 non
803 2740 931 2800 mea,aut
983 2734 1068 2790 centis
1093 2736 1137 2805 (D.
1164 2738 1234 2807 Aug.
1250 2737 1271 2790 l.
1289 2751 1309 2790 ιι
1327 2736 1360 2792 de
1375 2739 1467 2808 Daph,
1483 2752 1508 2794 c.
1526 2737 1553 2808 6)
1570 2754 1577 2791 :
1593 2758 1605 2788 ι
1624 2736 1655 2793 Si
1669 2746 1734 2794 tunc
1757 2737 1784 2792 in
1880 2772 1897 2794 .

128 2824 382 2895 monueramus,
399 2827 449 2880 sed
462 2825 548 2896 ipsius
567 2824 685 2894 Domini,
702 2839 753 2880 nec
773 2839 824 2894 per
840 2822 932 2878 borni-
983 2822 1043 2877 illos
1057 2838 1126 2895 quos
1141 2824 1299 2896 arguebatis
1313 2841 1376 2881 vera
1385 2825 1523 2894 diceretis,
1538 2841 1652 2883 causam
1667 2835 1784 2882 vestram

129 2927 190 2984 nes,
207 2912 257 2969 aed
272 2928 322 2983 per
337 2912 450 2985 angelos
470 2912 559 2967 sonuit
579 2912 686 2968 Christo
701 2918 765 2967 nato
782 2912 887 2966 :Gloria
900 2911 932 2964 ire
984 2910 1078 2967 unitati
1093 2912 1167 2966 orbis
1182 2921 1315 2969 terrarum
1329 2914 1546 2986 persuasissetis,
1557 2923 1587 2971 ut
1600 2915 1682 2972 vobis
1697 2923 1785 2972 reten-
1808 2949 1871 2961 —

131 3000 253 3058 excelsis
263 3002 328 3067 Deo,
341 3001 409 3055 etin
419 3001 734 3072 terrcpcelrominibcs
745 2999 930 3055 benevolam-
984 3000 1019 3054 tis
1034 2998 1073 3055 illi
1086 3000 1307 3057 excluderentur.
1324 3002 1403 3071 Quod
1417 3004 1440 3058 si
1450 3003 1538 3059 conati
1557 3003 1625 3060 estis
1640 3003 1744 3072 lacere,
1760 3013 1844 3061 ets

131 3087 202 3145 tatis
223 3088 301 3159 (Luc.
317 3088 360 3158 ιι).
386 3087 465 3157 Quod
486 3088 579 3158 utique
594 3095 657 3143 nato
667 3087 696 3142 in
710 3087 790 3142 terris
820 3086 928 3141 Christo
944 3060 1033 3144 Cnou
1049 3089 1213 3157 obtinuistis,
1228 3090 1359 3147 innocens
1387 3092 1459 3147 orbis
1473 3099 1608 3147 terrerum
1625 3093 1673 3165 qui
1683 3092 1891 3162 judici—n

130 3190 186 3235 non
201 3185 309 3233 sonaret
323 3191 373 3234 ore
386 3175 521 3249 angelico,
533 3176 587 3232 nisi
601 3177 675 3232 Deus
689 3177 742 3233 hoc
752 3174 834 3232 uellet
848 3172 929 3231 intel·
980 3177 1031 3232 bus
1046 3177 1237 3234 ecclesiasticis
1251 3178 1340 3249 potius
1351 3195 1432 3251 quam
1442 3179 1520 3236 victis
1527 3179 1715 3254 litigatoribus
1726 3197 1834 3239 cre—
1845 3201 1893 3242 ε

128 3265 189 3340 ligi,
205 3280 254 3324 eos
277 3281 339 3322 esse
354 3266 383 3321 in
398 3265 499 3322 unitate
522 3265 645 3338 eorporis
670 3265 777 3334 Christi,
804 3263 851 3336 qui
869 3269 931 3318 sunt
980 3264 1058 3320 didit.
1075 3265 1104 3322 Si
1118 3274 1209 3322 autem
1224 3266 1348 3323 noluistis
1368 3283 1452 3341 agere
1467 3283 1579 3325 causam
1592 3277 1728 3338 vestram,
1741 3271 1889 3326 in-s

127 3355 157 3411 in
176 3369 245 3428 pace
269 3354 379 3422 Christi,
404 3370 452 3411 eos
480 3362 571 3410 autern
594 3368 658 3410 esse
680 3354 708 3409 in
728 3366 797 3426 paee
819 3351 928 3417 Christi,
981 3368 1084 3410 nocens
1106 3361 1148 3410 est
1162 3355 1237 3411 orbis
1261 3363 1394 3411 terrarum
1410 3357 1456 3429 qui
1474 3357 1606 3413 damnare
1624 3373 1681 3414 non
1700 3359 1893 3431 potuitiui

127 3443 175 3516 qni
198 3450 261 3500 sunt
284 3443 363 3500 bouae
395 3442 552 3500 voluntatis.
581 3443 669 3499 Porro
699 3442 769 3498 sieut
791 3441 820 3496 in
843 3441 930 3495 bene·
981 3441 1125 3498 inauditos.
1142 3441 1234 3512 Quare
1256 3460 1325 3516 ergo
1338 3459 1388 3501 vos
1402 3446 1436 3499 ab
1455 3445 1649 3502 innocentibus
1668 3461 1887 3520 separa—s

129 3528 249 3589 volentia
271 3531 345 3588 bons
368 3530 505 3602 voluutas,
530 3531 571 3589 sic
590 3531 620 3587 in
640 3530 829 3589 malevolentis
859 3526 931 3583 mala
981 3530 1052 3585 stis?
1073 3530 1252 3603 sacrilegium
1275 3532 1431 3589 schismatis
1453 3534 1537 3590 vestri
1558 3533 1711 3591 defendere
1732 3549 1896 3592 nomn

129 3618 255 3678 voluntas
281 3628 333 3676 est.
364 3621 425 3676 Jam
452 3635 519 3677 vero
552 3620 614 3692 ipsa
647 3620 759 3687 invidia,
789 3633 849 3690 quae
876 3632 931 3671 non
981 3618 1113 3675 valetis.»
1136 3619 1276 3690 Spiritales
1299 3629 1399 3690 autem,
1420 3621 1478 3678 siue
1497 3622 1532 3678 ad
1552 3623 1607 3680 boc
1628 3623 1723 3696 ipsum
1741 3621 1861 3695 pioi
1874 3620 1896 3674 i

130 3715 221 3782 potest
245 3724 307 3766 esse
331 3708 385 3765 nisi
413 3708 557 3775 malevola,
584 3715 713 3780 quantum
739 3706 840 3763 malum
867 3705 932 3760 esti
981 3707 1267 3780 studioprolrcieutes,
1284 3710 1516 3779 noneuntioras,
1531 3711 1596 3784 quia
1611 3719 1720 3769 etcum
1734 3707 1887 3768 oli-ini

129 3797 193 3854 Nou
224 3811 380 3869 queramus
410 3796 479 3851 alios
509 3804 602 3862 testes,
631 3795 728 3852 suffieit
761 3794 841 3851 nobis
873 3793 933 3864 ipse
983 3810 1037 3866 qua
1050 3796 1285 3866 velperversitate
1299 3798 1342 3855 vel
1356 3799 1520 3856 necessitate
1534 3799 1681 3857 hominum
1691 3801 1888 3858 ridenm

132 3883 295 3957 Cyprianus,
311 3899 362 3955 per
383 3899 466 3956 quem
488 3891 542 3939 tam
564 3885 648 3940 multe
661 3884 696 3940 de
719 3883 778 3940 zelo
799 3890 825 3938 et
848 3881 932 3938 livore
981 3891 1024 3938 tur
1037 3884 1145 3956 expelli,
1161 3885 1199 3940 ibi
1213 3888 1302 3959 magis
1330 3888 1447 3958 probant
1469 3903 1553 3961 quam
1574 3888 1651 3946 intus
1672 3897 1883 3964 perron-,n

130 3970 265 4030 Dominus
283 3971 459 4028 veracissima
471 3972 596 4042 intonuit,
614 3980 641 4028 ει
655 3972 774 4029 salubria
802 3969 933 4043 praecepit
982 3979 1074 4041 neant,
1087 3974 1618 4036 cumadrersusEcclesiamnullateuus
1633 3979 1833 4054 eriguntur-1
1848 3987 1890 4038 lb

133 4059 271 4133 ιεςειιιιιε
283 4075 352 4132 ergo
365 4058 515 4131 Epistolam
530 4061 658 4131 Cypriani
671 4061 706 4117 de
721 4060 779 4116 zelo
794 4069 821 4116 et
835 4061 930 4128 livore,
982 4060 1073 4115 sedin
1088 4062 1175 4118 solida
1189 4064 1297 4119 unitatis
1311 4073 1388 4136 petre
1403 4064 1551 4122 fortissimo
1578 4067 1726 4124 charitatis
1741 4074 1885 4125 rod:c

133 4154 161 4207 et
173 4146 315 4205 rideamus
325 4155 455 4220 quamam
469 4149 569 4205 malurn
581 4149 615 4205 sit
627 4149 747 4206 invidere
762 4148 931 4217 melioribus,
981 4150 1048 4205 bore
1062 4149 1228 4207 radicantur.
1245 4153 1287 4208 Ad
1302 4154 1354 4210 boc
1376 4152 1449 4210 enim
1463 4154 1584 4226 pertinet
1608 4157 1686 4229 quod
1700 4157 1729 4214 in
1743 4157 1772 4212 ill
1787 4146 1880 4207 110

134 4236 213 4307 cujus
226 4237 290 4293 mali
311 4237 447 4310 originem
462 4237 569 4310 abipso
584 4238 693 4296 diabolo
715 4238 850 4295 exstitisse
871 4254 931 4294 me·
981 4237 1098 4294 Abrahae
1113 4238 1248 4297 sacrificio
1261 4241 1380 4300 dicitur:
1397 4244 1466 4300 Aves
1487 4248 1585 4300 cutem
1607 4261 1668 4302 nori
1691 4236 1873 4303 ambiat

132 4324 301 4383 motabiliter
323 4325 412 4382 docet.
440 4348 451 4378 r
472 4327 578 4394 Zelare,
604 4326 701 4400 iuquit,
731 4327 804 4399 quod
832 4327 932 4383 bonum
981 4328 1062 4395 (Gerr.
1078 4329 1140 4401 xv),
1157 4329 1284 4386 videlicet
1294 4332 1358 4403 quia
1372 4348 1402 4388 se
1411 4333 1446 4388 ab
1459 4332 1563 4389 unitate
1578 4332 1722 4406 spiritales
1735 4339 1860 4392 not·ll

131 4414 236 4484 videm,
252 4421 279 4470 et
292 4414 417 4472 inridere
439 4416 608 4483 melioribus,
631 4415 691 4472 leve
715 4416 786 4487 apud
801 4416 932 4487 quosdam
944 4419 969 4479 D
980 4415 1142 4484 praeciduut.
1167 4417 1227 4486 Quo
1251 4425 1347 4475 contra
1365 4420 1565 4476 Antiochenam
1585 4422 1740 4479 concilium
1757 4415 1849 4480 't‘

131 4508 158 4561 et
172 4502 311 4560 medicum
330 4503 435 4560 crimen
458 4503 574 4572 videtur,
598 4503 696 4561 iratres
720 4504 898 4561 dilectissimi.
918 4525 929 4554 ι
981 4503 1033 4570 his,
1049 4503 1096 4575 qui
1110 4520 1140 4559 se
1155 4520 1172 4560 a
1186 4507 1337 4564 ministerio
1358 4509 1544 4566 ecclesiastico
1559 4508 1741 4579 subtrahunt,
1767 4509 1836 4564 el

133 4590 239 4649 Deinde
252 4590 334 4665 paulo
349 4599 420 4662 post,
439 4607 500 4648 cum
510 4592 569 4660 ejus
582 4591 647 4647 mali
661 4600 741 4664 caput
756 4601 835 4665 atque
847 4592 933 4664 origi·
982 4607 1107 4648 seorsum
1119 4594 1261 4668 colligunt,
1286 4613 1369 4669 seque
1388 4597 1422 4652 ab
1437 4598 1539 4653 aniate
1559 4597 1700 4669 ᾱίιὶἀιιιιι,
1727 4596 1822 4657 dicit

132 4694 197 4738 nem
210 4687 347 4754 quereret
363 4697 370 4735 ι
390 4702 400 4730 ι
418 4679 488 4736 Hinc
501 4679 637 4747 diabolus,
661 4680 757 4751 inquit,
772 4681 843 4736 inter
857 4681 933 4736 initia
982 4681 1071 4752 (conc.
1087 4682 1228 4749 Actiaci„
1241 4699 1302 4740 can.
1315 4688 1342 4749 5)
1356 4702 1363 4741 :
1376 4707 1387 4733 ι
1401 4685 1430 4740 Si
1440 4684 1501 4757 quis
1514 4685 1664 4760 presbyter
1677 4697 1726 4744 aut
1735 4689 1804 4744 diar-

132 4767 224 4825 radin
238 4768 343 4834 mundi,
360 4767 473 4839 etperiit
482 4766 588 4838 primus
598 4775 625 4823 et
638 4768 767 4839 perdidit.
780 4789 791 4818 ι
803 4770 838 4823 Ει
851 4769 932 4839 paulo
982 4783 1078 4835 conus,
1095 4770 1253 4843 episcopum
1267 4773 1408 4854 proprium
1429 4779 1621 4842 contemnens,
1637 4790 1670 4831 εε
1684 4777 1723 4832 ab
1737 4778 1792 4833 lic·

132 4862 211 4929 pcat:
226 4854 336 4925 «Quale
349 4857 452 4912 malum
466 4864 516 4923 est,
542 4856 636 4929 inquit,
652 4855 759 4925 fratres,
777 4873 831 4930 quo
845 4873 932 4929 ange·
983 4858 1066 4914 alesia
1088 4861 1313 4932 sequestraverit,
1338 4869 1365 4917 ει
1389 4875 1512 4916 seorsum
1534 4860 1675 4935 colligens
1705 4865 1787 4920 altare

130 4943 175 5000 lus
185 4942 292 5013 cecidit,
309 4960 361 5016 quo
375 4944 567 5001 circumueniri
581 4952 607 5000 ει
621 4944 753 5012 subverti,
779 4945 834 5001 alta
847 4945 893 5000 illa
907 4954 934 5001 et
983 4952 1161 5018 constituerit,
1180 4958 1205 5006 er
1219 4950 1402 5007 commonenti
1420 4949 1550 5021 episeopo
1565 4965 1625 5006 non
1638 4953 1780 5026 acquieve.

133 5031 268 5106 praaclara
290 5032 442 5088 sublimitas
466 5035 561 5105 potuit,
587 5048 641 5105 quo
665 5034 795 5106 deceptus
819 5042 861 5089 est
875 5035 933 5105 ipse
983 5043 1024 5107 rit,
1042 5056 1093 5099 nec
1109 5039 1263 5097 consentire
1276 5039 1323 5093 vel
1336 5038 1449 5094 obedire
1468 5037 1585 5096 voluerit
1601 5025 1692 5097 semel
1705 5050 1732 5096 ει
1743 5042 1781 5099 ite

133 5121 180 5194 qui
192 5120 325 5194 decepit?
337 5121 443 5177 Exinde
456 5122 556 5177 invidia
571 5130 715 5195 grassatur
725 5123 752 5177 iu
768 5123 858 5190 terris,
870 5123 933 5177 dum
984 5144 1043 5184 rum
1057 5127 1227 5193 convocanti,
1245 5127 1289 5183 hie
1309 5125 1453 5181 damnatus
1474 5126 1635 5182 omnimodo
1650 5143 1706 5185 nee
1719 5129 1781 5188 ultre

131 5208 218 5267 beers
226 5210 362 5283 periturus
373 5210 672 5281 magistroperditionis
683 5209 852 5283 obsequitur,
869 5211 934 5265 dum
984 5217 1134 5272 remedium
1157 5223 1340 5287 consequatur
1361 5215 1449 5286 :quia
1475 5229 1553 5270 suam
1579 5215 1710 5287 recipere
1735 5232 1783 5277 nor

133 5294 273 5356 diabolum
295 5298 341 5372 qui
367 5297 435 5354 zelat
458 5297 587 5367 imitatur,
613 5299 683 5355 sicut
706 5299 838 5371 scripturn
862 5307 904 5355 est
927 5317 933 5354 :
984 5306 1083 5375 poterit
1096 5305 1266 5376 dignitatern.
1283 5303 1363 5373 Quod
1378 5303 1402 5358 si
1415 5302 1568 5360 Ecclesiam
1582 5304 1785 5364 conturbareet

135 5383 245 5442 incidie
263 5387 723 5443 autemdiabolimorrintrabitis
742 5389 935 5445 orbemterrc-
986 5393 1131 5450 sollicitare
1156 5392 1315 5464 perstiterit,
1330 5400 1459 5465 tanquam
1482 5391 1632 5448 seditiosus
1649 5408 1702 5465 per
1714 5401 1785 5466 pots·

134 5494 200 5538 rum
213 5481 289 5556 (Sep.
306 5483 348 5555 u).
357 5484 498 5541 Imitantur
510 5499 578 5556 ergo
592 5484 667 5540 illum
682 5484 803 5557 quisunt
817 5493 935 5558 exparte
986 5490 1070 5538 states
1083 5489 1190 5538 exteras
1210 5480 1384 5554 opprimatur.
1403 5500 1415 5533 ι
1430 5481 1466 5536 Ει
1480 5479 1701 5557 carthaginense
1720 5495 1786 5540 cen·
