<?xml version="1.0" encoding="UTF-8"?>
<!DOCTYPE html PUBLIC "-//W3C//DTD XHTML 1.0 Transitional//EN"
    "http://www.w3.org/TR/xhtml1/DTD/xhtml1-transitional.dtd">
<html xmlns="http://www.w3.org/1999/xhtml" xml:lang="en" lang="en">
 <head>
  <title>
</title>
<meta http-equiv="Content-Type" content="text/html;charset=utf-8" />
  <meta name='ocr-system' content='tesseract 3.04.00' />
  <meta name='ocr-capabilities' content='ocr_page ocr_carea ocr_par ocr_line ocrx_word'/>
</head>
<body>
  <div class='ocr_page' id='page_1' title='image "./patrologiaecurs81unkngoog/patrologiaecurs81unkngoog_0104.png"; bbox 0 0 3794 6104; ppageno 0'>
   <div class='ocr_carea' id='block_1_1' title="bbox 113 223 1769 289">
    <p class='ocr_par' dir='ltr' id='par_1_1' title="bbox 113 223 1769 289">
     <span class='ocr_line' id='line_1_1' title="bbox 113 223 1769 289; baseline 0.002 -11"><span class='ocrx_word' id='word_1_1' title='bbox 113 233 169 289; x_wconf 67' lang='lat'><strong>197</strong></span> <span class='ocrx_word' id='word_1_2' title='bbox 866 223 1055 282; x_wconf 80' lang='lat' dir='ltr'><strong>EPISTOLAE.</strong></span> <span class='ocrx_word' id='word_1_3' title='bbox 1718 230 1769 283; x_wconf 78' lang='lat' dir='ltr'><strong>tas</strong></span> 
     </span>
    </p>
   </div>
   <div class='ocr_carea' id='block_1_2' title="bbox 113 348 1782 3795">
    <p class='ocr_par' dir='ltr' id='par_1_2' title="bbox 113 348 1782 3795">
     <span class='ocr_line' id='line_1_2' title="bbox 113 348 1769 424; baseline -0.004 -11"><span class='ocrx_word' id='word_1_4' title='bbox 113 373 237 413; x_wconf 88' lang='lat' dir='ltr'><strong>canones</strong></span> <span class='ocrx_word' id='word_1_5' title='bbox 253 357 433 413; x_wconf 89' lang='lat' dir='ltr'><strong>decreverunt</strong></span> <span class='ocrx_word' id='word_1_6' title='bbox 454 356 529 423; x_wconf 81' lang='lat' dir='ltr'><strong>(cen.</strong></span> <span class='ocrx_word' id='word_1_7' title='bbox 546 353 585 424; x_wconf 56' lang='grc' dir='ltr'><strong>ι),</strong></span> <span class='ocrx_word' id='word_1_8' title='bbox 601 361 630 408; x_wconf 90' lang='grc' dir='ltr'><strong>ιιι</strong></span> <span class='ocrx_word' id='word_1_9' title='bbox 645 353 690 408; x_wconf 89' lang='lat' dir='ltr'><strong>illa</strong></span> <span class='ocrx_word' id='word_1_10' title='bbox 709 368 769 424; x_wconf 86' lang='lat' dir='ltr'><strong>quae</strong></span> <span class='ocrx_word' id='word_1_11' title='bbox 789 358 850 406; x_wconf 88' lang='lat' dir='ltr'><strong>sunt</strong></span> <span class='ocrx_word' id='word_1_12' title='bbox 870 367 920 422; x_wconf 89' lang='lat' dir='ltr'><strong>per</strong></span> <span class='ocrx_word' id='word_1_13' title='bbox 935 348 960 411; x_wconf 82' lang='lat' dir='ltr'><strong>A</strong></span> <span class='ocrx_word' id='word_1_14' title='bbox 975 373 985 398; x_wconf 73' lang='grc' dir='ltr'>ιι</span> <span class='ocrx_word' id='word_1_15' title='bbox 1005 351 1034 404; x_wconf 86' lang='grc' dir='ltr'>Ιιι</span> <span class='ocrx_word' id='word_1_16' title='bbox 1052 349 1213 418; x_wconf 87' lang='lat' dir='ltr'><strong>Galliarum,</strong></span> <span class='ocrx_word' id='word_1_17' title='bbox 1226 349 1322 422; x_wconf 89' lang='lat' dir='ltr'><strong>inquit,</strong></span> <span class='ocrx_word' id='word_1_18' title='bbox 1339 349 1484 422; x_wconf 91' lang='lat' dir='ltr'><strong>episcopis,</strong></span> <span class='ocrx_word' id='word_1_19' title='bbox 1500 349 1602 406; x_wconf 88' lang='lat' dir='ltr'><strong>nullam</strong></span> <span class='ocrx_word' id='word_1_20' title='bbox 1617 349 1666 406; x_wconf 90' lang='lat' dir='ltr'><strong>tibi</strong></span> <span class='ocrx_word' id='word_1_21' title='bbox 1679 360 1769 407; x_wconf 89' lang='lat' dir='ltr'><strong>aucto·</strong></span> 
     </span>
     <span class='ocr_line' id='line_1_3' title="bbox 114 433 1771 518; baseline -0.006 -18"><span class='ocrx_word' id='word_1_22' title='bbox 114 461 339 518; x_wconf 78' lang='lat' dir='ltr'><strong>unamquamque</strong></span> <span class='ocrx_word' id='word_1_23' title='bbox 352 444 523 516; x_wconf 90' lang='lat' dir='ltr'><strong>provinciam</strong></span> <span class='ocrx_word' id='word_1_24' title='bbox 538 442 625 514; x_wconf 89' lang='lat' dir='ltr'><strong>ipsius</strong></span> <span class='ocrx_word' id='word_1_25' title='bbox 639 441 786 513; x_wconf 66' lang='lat' dir='ltr'><strong>provinciae</strong></span> <span class='ocrx_word' id='word_1_26' title='bbox 801 438 923 512; x_wconf 76' lang='lat' dir='ltr'><strong>synodus</strong></span> <span class='ocrx_word' id='word_1_27' title='bbox 971 434 1079 490; x_wconf 90' lang='lat' dir='ltr'><strong>ritatem</strong></span> <span class='ocrx_word' id='word_1_28' title='bbox 1101 435 1254 505; x_wconf 78' lang='lat' dir='ltr'><strong>tribuimus,</strong></span> <span class='ocrx_word' id='word_1_29' title='bbox 1270 435 1333 508; x_wconf 89' lang='lat' dir='ltr'><strong>quia</strong></span> <span class='ocrx_word' id='word_1_30' title='bbox 1346 435 1382 491; x_wconf 88' lang='lat' dir='ltr'><strong>ab</strong></span> <span class='ocrx_word' id='word_1_31' title='bbox 1397 435 1514 507; x_wconf 75' lang='lat' dir='ltr'><strong>antiquis</strong></span> <span class='ocrx_word' id='word_1_32' title='bbox 1537 433 1771 506; x_wconf 73' lang='lat' dir='ltr'><strong>predecessorum</strong></span> 
     </span>
     <span class='ocr_line' id='line_1_4' title="bbox 114 523 1771 605; baseline -0.005 -16"><span class='ocrx_word' id='word_1_33' title='bbox 114 535 268 605; x_wconf 77' lang='lat' dir='ltr'><strong>dispenset,</strong></span> <span class='ocrx_word' id='word_1_34' title='bbox 283 534 354 589; x_wconf 92' lang='lat' dir='ltr'><strong>sicut</strong></span> <span class='ocrx_word' id='word_1_35' title='bbox 369 533 483 589; x_wconf 85' lang='lat' dir='ltr'><strong>Nicaeno</strong></span> <span class='ocrx_word' id='word_1_36' title='bbox 498 540 603 588; x_wconf 86' lang='lat' dir='ltr'><strong>constat</strong></span> <span class='ocrx_word' id='word_1_37' title='bbox 622 531 762 586; x_wconf 90' lang='lat' dir='ltr'><strong>decretum</strong></span> <span class='ocrx_word' id='word_1_38' title='bbox 776 544 838 584; x_wconf 88' lang='lat' dir='ltr'><strong>esse</strong></span> <span class='ocrx_word' id='word_1_39' title='bbox 853 544 921 584; x_wconf 91' lang='lat' dir='ltr'><strong>con·</strong></span> <span class='ocrx_word' id='word_1_40' title='bbox 971 539 1097 578; x_wconf 90' lang='lat' dir='ltr'><strong>meorum</strong></span> <span class='ocrx_word' id='word_1_41' title='bbox 1111 524 1281 596; x_wconf 86' lang='lat' dir='ltr'><strong>temporibus</strong></span> <span class='ocrx_word' id='word_1_42' title='bbox 1300 524 1413 596; x_wconf 89' lang='lat' dir='ltr'><strong>pallium</strong></span> <span class='ocrx_word' id='word_1_43' title='bbox 1436 523 1605 580; x_wconf 80' lang='lat' dir='ltr'><strong>Arelatensis</strong></span> <span class='ocrx_word' id='word_1_44' title='bbox 1627 523 1771 597; x_wconf 88' lang='lat' dir='ltr'><strong>episcopus</strong></span> 
     </span>
     <span class='ocr_line' id='line_1_5' title="bbox 114 612 1772 685; baseline -0.007 -6"><span class='ocrx_word' id='word_1_45' title='bbox 114 622 186 679; x_wconf 86' lang='lat' dir='ltr'><strong>cilio.</strong></span> <span class='ocrx_word' id='word_1_46' title='bbox 208 624 244 678; x_wconf 85' lang='lat' dir='ltr'><strong>Et</strong></span> <span class='ocrx_word' id='word_1_47' title='bbox 264 622 422 678; x_wconf 90' lang='lat' dir='ltr'><strong>universale</strong></span> <span class='ocrx_word' id='word_1_48' title='bbox 447 620 672 677; x_wconf 78' lang='lat' dir='ltr'><strong>chalcedonense</strong></span> <span class='ocrx_word' id='word_1_49' title='bbox 697 618 842 676; x_wconf 90' lang='lat' dir='ltr'><strong>concilium</strong></span> <span class='ocrx_word' id='word_1_50' title='bbox 857 616 923 673; x_wconf 90' lang='lat' dir='ltr'><strong>dicit</strong></span> <span class='ocrx_word' id='word_1_51' title='bbox 973 612 1087 684; x_wconf 89' lang='lat' dir='ltr'><strong>accepit,</strong></span> <span class='ocrx_word' id='word_1_52' title='bbox 1104 630 1184 685; x_wconf 92' lang='lat' dir='ltr'><strong>quem</strong></span> <span class='ocrx_word' id='word_1_53' title='bbox 1199 629 1250 669; x_wconf 91' lang='lat' dir='ltr'><strong>nos</strong></span> <span class='ocrx_word' id='word_1_54' title='bbox 1264 613 1371 684; x_wconf 89' lang='lat' dir='ltr'><strong>privare</strong></span> <span class='ocrx_word' id='word_1_55' title='bbox 1392 613 1555 670; x_wconf 88' lang='lat' dir='ltr'><strong>auctoritate</strong></span> <span class='ocrx_word' id='word_1_56' title='bbox 1574 622 1704 685; x_wconf 89' lang='lat' dir='ltr'><strong>percepta</strong></span> <span class='ocrx_word' id='word_1_57' title='bbox 1718 613 1772 668; x_wconf 92' lang='lat' dir='ltr'><strong>mi-</strong></span> 
     </span>
     <span class='ocr_line' id='line_1_6' title="bbox 116 701 1773 781; baseline -0.005 -14"><span class='ocrx_word' id='word_1_58' title='bbox 116 711 192 780; x_wconf 83' lang='lat' dir='ltr'><strong>(cmr.</strong></span> <span class='ocrx_word' id='word_1_59' title='bbox 207 713 233 781; x_wconf 87' lang='lat' dir='ltr'><strong>t)</strong></span> <span class='ocrx_word' id='word_1_60' title='bbox 246 728 253 766; x_wconf 75' lang='grc' dir='ltr'>ε</span> <span class='ocrx_word' id='word_1_61' title='bbox 268 733 280 761; x_wconf 78' lang='grc' dir='ltr'>ι</span> <span class='ocrx_word' id='word_1_62' title='bbox 293 710 423 781; x_wconf 79' lang='lat' dir='ltr'><strong>Regulus,</strong></span> <span class='ocrx_word' id='word_1_63' title='bbox 439 709 576 780; x_wconf 93' lang='lat' dir='ltr'><strong>inquiens,</strong></span> <span class='ocrx_word' id='word_1_64' title='bbox 590 717 746 764; x_wconf 79' lang='lat' dir='ltr'><strong>sanatorum</strong></span> <span class='ocrx_word' id='word_1_65' title='bbox 757 708 923 776; x_wconf 87' lang='lat' dir='ltr'><strong>Patrumpcr</strong></span> <span class='ocrx_word' id='word_1_66' title='bbox 972 701 1045 757; x_wconf 90' lang='lat' dir='ltr'><strong>nime</strong></span> <span class='ocrx_word' id='word_1_67' title='bbox 1060 702 1201 757; x_wconf 90' lang='lat' dir='ltr'><strong>debemus.</strong></span> <span class='ocrx_word' id='word_1_68' title='bbox 1222 723 1233 752; x_wconf 73' lang='grc' dir='ltr'>ι</span> <span class='ocrx_word' id='word_1_69' title='bbox 1249 702 1284 757; x_wconf 85' lang='grc' dir='ltr'>Ει</span> <span class='ocrx_word' id='word_1_70' title='bbox 1299 711 1360 773; x_wconf 89' lang='lat' dir='ltr'><strong>post</strong></span> <span class='ocrx_word' id='word_1_71' title='bbox 1374 703 1508 774; x_wconf 87' lang='lat' dir='ltr'><strong>aliquanta</strong></span> <span class='ocrx_word' id='word_1_72' title='bbox 1525 721 1532 756; x_wconf 92' lang='lat'>:</span> <span class='ocrx_word' id='word_1_73' title='bbox 1550 724 1561 753; x_wconf 79' lang='grc' dir='ltr'>ι</span> <span class='ocrx_word' id='word_1_74' title='bbox 1578 703 1639 774; x_wconf 89' lang='lat' dir='ltr'><strong>lpse</strong></span> <span class='ocrx_word' id='word_1_75' title='bbox 1653 703 1773 761; x_wconf 88' lang='lat' dir='ltr'><strong>auctori-</strong></span> 
     </span>
     <span class='ocr_line' id='line_1_7' title="bbox 116 791 1774 871; baseline -0.004 -15"><span class='ocrx_word' id='word_1_76' title='bbox 116 800 227 871; x_wconf 87' lang='lat' dir='ltr'><strong>singula</strong></span> <span class='ocrx_word' id='word_1_77' title='bbox 252 815 327 855; x_wconf 92' lang='lat' dir='ltr'><strong>nunc</strong></span> <span class='ocrx_word' id='word_1_78' title='bbox 351 814 437 870; x_wconf 91' lang='lat' dir='ltr'><strong>usque</strong></span> <span class='ocrx_word' id='word_1_79' title='bbox 460 798 576 854; x_wconf 91' lang='lat' dir='ltr'><strong>concilia</strong></span> <span class='ocrx_word' id='word_1_80' title='bbox 600 796 761 854; x_wconf 87' lang='lat' dir='ltr'><strong>constitutas</strong></span> <span class='ocrx_word' id='word_1_81' title='bbox 783 795 922 868; x_wconf 92' lang='lat' dir='ltr'><strong>proprium</strong></span> <span class='ocrx_word' id='word_1_82' title='bbox 973 799 1028 846; x_wconf 85' lang='lat' dir='ltr'><strong>tate</strong></span> <span class='ocrx_word' id='word_1_83' title='bbox 1043 791 1154 862; x_wconf 92' lang='lat' dir='ltr'><strong>propria</strong></span> <span class='ocrx_word' id='word_1_84' title='bbox 1169 791 1314 863; x_wconf 89' lang='lat' dir='ltr'><strong>episcopos</strong></span> <span class='ocrx_word' id='word_1_85' title='bbox 1329 792 1477 848; x_wconf 88' lang='lat' dir='ltr'><strong>Galliarum</strong></span> <span class='ocrx_word' id='word_1_86' title='bbox 1488 794 1611 863; x_wconf 87' lang='lat' dir='ltr'><strong>judicare</strong></span> <span class='ocrx_word' id='word_1_87' title='bbox 1626 810 1681 851; x_wconf 91' lang='lat' dir='ltr'><strong>non</strong></span> <span class='ocrx_word' id='word_1_88' title='bbox 1694 803 1774 866; x_wconf 90' lang='lat' dir='ltr'><strong>pote-</strong></span> 
     </span>
     <span class='ocr_line' id='line_1_8' title="bbox 116 880 1774 956; baseline -0.002 -13"><span class='ocrx_word' id='word_1_89' title='bbox 116 888 201 944; x_wconf 91' lang='lat' dir='ltr'><strong>robur</strong></span> <span class='ocrx_word' id='word_1_90' title='bbox 211 888 337 943; x_wconf 91' lang='lat' dir='ltr'><strong>obtinere</strong></span> <span class='ocrx_word' id='word_1_91' title='bbox 347 887 530 943; x_wconf 83' lang='lat' dir='ltr'><strong>decrevimus.</strong></span> <span class='ocrx_word' id='word_1_92' title='bbox 545 887 603 941; x_wconf 80' lang='lat' dir='ltr'><strong>»Et</strong></span> <span class='ocrx_word' id='word_1_93' title='bbox 613 886 677 941; x_wconf 90' lang='lat' dir='ltr'><strong>item</strong></span> <span class='ocrx_word' id='word_1_94' title='bbox 688 886 760 940; x_wconf 90' lang='lat' dir='ltr'><strong>idem</strong></span> <span class='ocrx_word' id='word_1_95' title='bbox 771 890 846 954; x_wconf 73' lang='lat' dir='ltr'><strong>icoo.</strong></span> <span class='ocrx_word' id='word_1_96' title='bbox 861 886 921 954; x_wconf 79' lang='grc'><strong>19);</strong></span> <span class='ocrx_word' id='word_1_97' title='bbox 973 880 1020 948; x_wconf 82' lang='grc' dir='ltr'>ιίε,</span> <span class='ocrx_word' id='word_1_98' title='bbox 1037 880 1086 935; x_wconf 89' lang='lat' dir='ltr'><strong>sed</strong></span> <span class='ocrx_word' id='word_1_99' title='bbox 1102 880 1251 944; x_wconf 88' lang='lat' dir='ltr'><strong>suadendo,</strong></span> <span class='ocrx_word' id='word_1_100' title='bbox 1268 881 1442 949; x_wconf 85' lang='lat' dir='ltr'><strong>blandiendo,</strong></span> <span class='ocrx_word' id='word_1_101' title='bbox 1465 883 1536 938; x_wconf 88' lang='lat' dir='ltr'><strong>bona</strong></span> <span class='ocrx_word' id='word_1_102' title='bbox 1558 899 1666 956; x_wconf 89' lang='lat' dir='ltr'><strong>quoque</strong></span> <span class='ocrx_word' id='word_1_103' title='bbox 1688 900 1774 956; x_wconf 86' lang='lat' dir='ltr'><strong>opera</strong></span> 
     </span>
     <span class='ocr_line' id='line_1_9' title="bbox 118 968 1775 1048; baseline -0.001 -20"><span class='ocrx_word' id='word_1_104' title='bbox 118 997 130 1028; x_wconf 75' lang='lat' dir='ltr'><strong>a</strong></span> <span class='ocrx_word' id='word_1_105' title='bbox 146 977 276 1033; x_wconf 85' lang='lat' dir='ltr'><strong>Decrevit</strong></span> <span class='ocrx_word' id='word_1_106' title='bbox 290 977 381 1048; x_wconf 87' lang='lat' dir='ltr'><strong>itaque</strong></span> <span class='ocrx_word' id='word_1_107' title='bbox 397 976 630 1047; x_wconf 79' lang='lat' dir='ltr'><strong>sanctasynodus</strong></span> <span class='ocrx_word' id='word_1_108' title='bbox 646 974 796 1031; x_wconf 88' lang='lat' dir='ltr'><strong>secundum</strong></span> <span class='ocrx_word' id='word_1_109' title='bbox 813 973 924 1027; x_wconf 87' lang='lat' dir='ltr'><strong>Petrum</strong></span> <span class='ocrx_word' id='word_1_110' title='bbox 973 976 1020 1023; x_wconf 90' lang='lat' dir='ltr'><strong>tua</strong></span> <span class='ocrx_word' id='word_1_111' title='bbox 1035 968 1075 1023; x_wconf 92' lang='lat' dir='ltr'><strong>eis</strong></span> <span class='ocrx_word' id='word_1_112' title='bbox 1089 968 1220 1024; x_wconf 89' lang='lat' dir='ltr'><strong>imitanda</strong></span> <span class='ocrx_word' id='word_1_113' title='bbox 1242 971 1429 1037; x_wconf 89' lang='lat' dir='ltr'><strong>monstrando,</strong></span> <span class='ocrx_word' id='word_1_114' title='bbox 1452 988 1598 1042; x_wconf 89' lang='lat' dir='ltr'><strong>pravorum</strong></span> <span class='ocrx_word' id='word_1_115' title='bbox 1619 980 1725 1028; x_wconf 91' lang='lat' dir='ltr'><strong>mentes</strong></span> <span class='ocrx_word' id='word_1_116' title='bbox 1740 972 1775 1028; x_wconf 91' lang='lat' dir='ltr'><strong>ad</strong></span> 
     </span>
     <span class='ocr_line' id='line_1_10' title="bbox 116 1057 1774 1135; baseline -0.004 -13"><span class='ocrx_word' id='word_1_117' title='bbox 116 1081 240 1123; x_wconf 86' lang='lat' dir='ltr'><strong>canones</strong></span> <span class='ocrx_word' id='word_1_118' title='bbox 255 1064 298 1119; x_wconf 92' lang='lat' dir='ltr'><strong>bis</strong></span> <span class='ocrx_word' id='word_1_119' title='bbox 318 1065 346 1119; x_wconf 91' lang='lat' dir='ltr'><strong>io</strong></span> <span class='ocrx_word' id='word_1_120' title='bbox 369 1080 440 1119; x_wconf 89' lang='lat' dir='ltr'><strong>anno</strong></span> <span class='ocrx_word' id='word_1_121' title='bbox 462 1064 607 1135; x_wconf 86' lang='lat' dir='ltr'><strong>episcopos</strong></span> <span class='ocrx_word' id='word_1_122' title='bbox 622 1064 650 1118; x_wconf 93' lang='lat' dir='ltr'><strong>in</strong></span> <span class='ocrx_word' id='word_1_123' title='bbox 664 1063 691 1119; x_wconf 96' lang='lat' dir='ltr'><strong>id</strong></span> <span class='ocrx_word' id='word_1_124' title='bbox 706 1062 795 1133; x_wconf 90' lang='lat' dir='ltr'><strong>ipsum</strong></span> <span class='ocrx_word' id='word_1_125' title='bbox 809 1062 838 1116; x_wconf 91' lang='lat' dir='ltr'><strong>in</strong></span> <span class='ocrx_word' id='word_1_126' title='bbox 852 1076 923 1115; x_wconf 90' lang='lat' dir='ltr'><strong>una·</strong></span> <span class='ocrx_word' id='word_1_127' title='bbox 974 1057 1126 1113; x_wconf 87' lang='lat' dir='ltr'><strong>sanctitatis</strong></span> <span class='ocrx_word' id='word_1_128' title='bbox 1151 1058 1271 1112; x_wconf 90' lang='lat' dir='ltr'><strong>studium</strong></span> <span class='ocrx_word' id='word_1_129' title='bbox 1293 1058 1417 1126; x_wconf 85' lang='lat' dir='ltr'><strong>reforma,</strong></span> <span class='ocrx_word' id='word_1_130' title='bbox 1443 1060 1506 1131; x_wconf 89' lang='lat' dir='ltr'><strong>quia</strong></span> <span class='ocrx_word' id='word_1_131' title='bbox 1529 1062 1659 1134; x_wconf 90' lang='lat' dir='ltr'><strong>scriptum</strong></span> <span class='ocrx_word' id='word_1_132' title='bbox 1682 1071 1723 1117; x_wconf 90' lang='lat' dir='ltr'><strong>est</strong></span> <span class='ocrx_word' id='word_1_133' title='bbox 1747 1062 1774 1116; x_wconf 89' lang='lat' dir='ltr'><strong>in</strong></span> 
     </span>
     <span class='ocr_line' id='line_1_11' title="bbox 117 1146 1775 1226; baseline -0.002 -16"><span class='ocrx_word' id='word_1_134' title='bbox 117 1171 228 1226; x_wconf 87' lang='lat' dir='ltr'><strong>quaque</strong></span> <span class='ocrx_word' id='word_1_135' title='bbox 253 1154 396 1226; x_wconf 88' lang='lat' dir='ltr'><strong>provincia</strong></span> <span class='ocrx_word' id='word_1_136' title='bbox 425 1153 586 1218; x_wconf 87' lang='lat' dir='ltr'><strong>convenire,</strong></span> <span class='ocrx_word' id='word_1_137' title='bbox 617 1168 671 1224; x_wconf 92' lang='lat' dir='ltr'><strong>quo</strong></span> <span class='ocrx_word' id='word_1_138' title='bbox 698 1150 924 1223; x_wconf 87' lang='lat' dir='ltr'><strong>metropolitanus</strong></span> <span class='ocrx_word' id='word_1_139' title='bbox 975 1146 1037 1220; x_wconf 83' lang='lat' dir='ltr'><strong>lege</strong></span> <span class='ocrx_word' id='word_1_140' title='bbox 1052 1164 1058 1200; x_wconf 77' lang='grc' dir='ltr'>ε</span> <span class='ocrx_word' id='word_1_141' title='bbox 1075 1146 1257 1202; x_wconf 80' lang='lat' dir='ltr'><strong>Perelionam</strong></span> <span class='ocrx_word' id='word_1_142' title='bbox 1272 1163 1390 1202; x_wconf 86' lang='lat' dir='ltr'><strong>messem</strong></span> <span class='ocrx_word' id='word_1_143' title='bbox 1405 1148 1539 1204; x_wconf 90' lang='lat' dir='ltr'><strong>transiens</strong></span> <span class='ocrx_word' id='word_1_144' title='bbox 1553 1149 1652 1205; x_wconf 83' lang='lat' dir='ltr'><strong>falcem</strong></span> <span class='ocrx_word' id='word_1_145' title='bbox 1666 1149 1775 1206; x_wconf 89' lang='lat' dir='ltr'><strong>mittere</strong></span> 
     </span>
     <span class='ocr_line' id='line_1_12' title="bbox 117 1235 1776 1313; baseline -0.002 -16"><span class='ocrx_word' id='word_1_146' title='bbox 117 1244 233 1298; x_wconf 89' lang='lat' dir='ltr'><strong>antistes</strong></span> <span class='ocrx_word' id='word_1_147' title='bbox 248 1242 416 1313; x_wconf 89' lang='lat' dir='ltr'><strong>probaverit,</strong></span> <span class='ocrx_word' id='word_1_148' title='bbox 429 1251 455 1298; x_wconf 89' lang='lat' dir='ltr'><strong>ct</strong></span> <span class='ocrx_word' id='word_1_149' title='bbox 466 1242 608 1312; x_wconf 79' lang='lat' dir='ltr'><strong>corrigere</strong></span> <span class='ocrx_word' id='word_1_150' title='bbox 623 1240 740 1311; x_wconf 84' lang='lat' dir='ltr'><strong>singula,</strong></span> <span class='ocrx_word' id='word_1_151' title='bbox 758 1240 781 1294; x_wconf 89' lang='lat' dir='ltr'><strong>si</strong></span> <span class='ocrx_word' id='word_1_152' title='bbox 796 1255 856 1311; x_wconf 82' lang='lat' dir='ltr'><strong>quae</strong></span> <span class='ocrx_word' id='word_1_153' title='bbox 869 1238 924 1293; x_wconf 88' lang='lat' dir='ltr'><strong>ior·</strong></span> <span class='ocrx_word' id='word_1_154' title='bbox 975 1251 1028 1291; x_wconf 93' lang='lat' dir='ltr'><strong>non</strong></span> <span class='ocrx_word' id='word_1_155' title='bbox 1053 1236 1147 1302; x_wconf 90' lang='lat' dir='ltr'><strong>debes,</strong></span> <span class='ocrx_word' id='word_1_156' title='bbox 1174 1235 1223 1290; x_wconf 91' lang='lat' dir='ltr'><strong>sed</strong></span> <span class='ocrx_word' id='word_1_157' title='bbox 1244 1251 1326 1291; x_wconf 91' lang='lat' dir='ltr'><strong>manu</strong></span> <span class='ocrx_word' id='word_1_158' title='bbox 1349 1236 1438 1307; x_wconf 88' lang='lat' dir='ltr'><strong>spicas</strong></span> <span class='ocrx_word' id='word_1_159' title='bbox 1462 1245 1603 1293; x_wconf 87' lang='lat' dir='ltr'><strong>conterere</strong></span> <span class='ocrx_word' id='word_1_160' title='bbox 1618 1246 1645 1294; x_wconf 89' lang='grc' dir='ltr'><strong>ει</strong></span> <span class='ocrx_word' id='word_1_161' title='bbox 1658 1239 1776 1295; x_wconf 87' lang='lat' dir='ltr'><strong>mendu-</strong></span> 
     </span>
     <span class='ocr_line' id='line_1_13' title="bbox 117 1325 1775 1407; baseline -0.002 -20"><span class='ocrx_word' id='word_1_162' title='bbox 117 1332 197 1387; x_wconf 89' lang='lat' dir='ltr'><strong>tassis</strong></span> <span class='ocrx_word' id='word_1_163' title='bbox 212 1331 389 1407; x_wconf 74' lang='lat' dir='ltr'><strong>emerserint.</strong></span> <span class='ocrx_word' id='word_1_164' title='bbox 410 1355 420 1378; x_wconf 72' lang='grc' dir='ltr'>ιι</span> <span class='ocrx_word' id='word_1_165' title='bbox 975 1339 1038 1380; x_wconf 88' lang='lat' dir='ltr'><strong>care</strong></span> <span class='ocrx_word' id='word_1_166' title='bbox 1053 1326 1146 1395; x_wconf 83' lang='lat' dir='ltr'><strong>(Dect.</strong></span> <span class='ocrx_word' id='word_1_167' title='bbox 1164 1340 1248 1391; x_wconf 77' lang='grc' dir='ltr'>ιιιιιιι,</span> <span class='ocrx_word' id='word_1_168' title='bbox 1265 1325 1320 1396; x_wconf 71' lang='lat'>25).</span> <span class='ocrx_word' id='word_1_169' title='bbox 1339 1325 1447 1380; x_wconf 82' lang='lat' dir='ltr'><strong>Falcem</strong></span> <span class='ocrx_word' id='word_1_170' title='bbox 1462 1327 1534 1380; x_wconf 89' lang='lat' dir='ltr'><strong>enim</strong></span> <span class='ocrx_word' id='word_1_171' title='bbox 1553 1326 1647 1395; x_wconf 87' lang='lat' dir='ltr'><strong>judicii</strong></span> <span class='ocrx_word' id='word_1_172' title='bbox 1667 1328 1775 1384; x_wconf 89' lang='lat' dir='ltr'><strong>mittere</strong></span> 
     </span>
     <span class='ocr_line' id='line_1_14' title="bbox 152 1413 1776 1492; baseline -0.002 -16"><span class='ocrx_word' id='word_1_173' title='bbox 152 1421 228 1477; x_wconf 79' lang='lat' dir='ltr'><strong>xlv.</strong></span> <span class='ocrx_word' id='word_1_174' title='bbox 245 1420 290 1476; x_wconf 90' lang='lat' dir='ltr'><strong>Sic</strong></span> <span class='ocrx_word' id='word_1_175' title='bbox 305 1427 331 1475; x_wconf 88' lang='lat' dir='ltr'><strong>et</strong></span> <span class='ocrx_word' id='word_1_176' title='bbox 346 1419 443 1475; x_wconf 79' lang='lat' dir='ltr'><strong>Airicae</strong></span> <span class='ocrx_word' id='word_1_177' title='bbox 458 1418 607 1492; x_wconf 74' lang='lat' dir='ltr'><strong>provincie</strong></span> <span class='ocrx_word' id='word_1_178' title='bbox 629 1426 724 1473; x_wconf 86' lang='lat' dir='ltr'><strong>sancta</strong></span> <span class='ocrx_word' id='word_1_179' title='bbox 743 1416 858 1473; x_wconf 90' lang='lat' dir='ltr'><strong>concilia</strong></span> <span class='ocrx_word' id='word_1_180' title='bbox 873 1417 924 1471; x_wconf 91' lang='lat' dir='ltr'><strong>de·</strong></span> <span class='ocrx_word' id='word_1_181' title='bbox 975 1428 1030 1467; x_wconf 92' lang='lat' dir='ltr'><strong>non</strong></span> <span class='ocrx_word' id='word_1_182' title='bbox 1044 1421 1123 1483; x_wconf 92' lang='lat' dir='ltr'><strong>potes</strong></span> <span class='ocrx_word' id='word_1_183' title='bbox 1137 1413 1165 1467; x_wconf 90' lang='lat' dir='ltr'><strong>in</strong></span> <span class='ocrx_word' id='word_1_184' title='bbox 1180 1430 1211 1468; x_wconf 88' lang='lat' dir='ltr'><strong>ea</strong></span> <span class='ocrx_word' id='word_1_185' title='bbox 1227 1422 1330 1487; x_wconf 87' lang='lat' dir='ltr'><strong>segete,</strong></span> <span class='ocrx_word' id='word_1_186' title='bbox 1344 1430 1404 1485; x_wconf 75' lang='lat' dir='ltr'><strong>quae</strong></span> <span class='ocrx_word' id='word_1_187' title='bbox 1414 1413 1491 1469; x_wconf 90' lang='lat' dir='ltr'><strong>alteri</strong></span> <span class='ocrx_word' id='word_1_188' title='bbox 1506 1415 1687 1471; x_wconf 89' lang='lat' dir='ltr'><strong>videturesse</strong></span> <span class='ocrx_word' id='word_1_189' title='bbox 1702 1431 1776 1472; x_wconf 91' lang='lat' dir='ltr'><strong>com-</strong></span> 
     </span>
     <span class='ocr_line' id='line_1_15' title="bbox 118 1501 1777 1580; baseline -0.004 -13"><span class='ocrx_word' id='word_1_190' title='bbox 118 1518 276 1578; x_wconf 85' lang='lat' dir='ltr'><strong>crererunt,</strong></span> <span class='ocrx_word' id='word_1_191' title='bbox 291 1518 322 1565; x_wconf 91' lang='lat' dir='ltr'><strong>ut</strong></span> <span class='ocrx_word' id='word_1_192' title='bbox 336 1525 396 1580; x_wconf 82' lang='lat' dir='ltr'><strong>quae</strong></span> <span class='ocrx_word' id='word_1_193' title='bbox 416 1507 443 1562; x_wconf 92' lang='lat' dir='ltr'><strong>in</strong></span> <span class='ocrx_word' id='word_1_194' title='bbox 466 1507 578 1564; x_wconf 87' lang='lat' dir='ltr'><strong>Nicaeno</strong></span> <span class='ocrx_word' id='word_1_195' title='bbox 603 1507 718 1563; x_wconf 88' lang='lat' dir='ltr'><strong>concilio</strong></span> <span class='ocrx_word' id='word_1_196' title='bbox 741 1514 838 1560; x_wconf 90' lang='lat' dir='ltr'><strong>statuta</strong></span> <span class='ocrx_word' id='word_1_197' title='bbox 863 1514 925 1560; x_wconf 91' lang='lat' dir='ltr'><strong>snm</strong></span> <span class='ocrx_word' id='word_1_198' title='bbox 975 1501 1070 1570; x_wconf 88' lang='lat' dir='ltr'><strong>missa,</strong></span> <span class='ocrx_word' id='word_1_199' title='bbox 1086 1502 1134 1556; x_wconf 90' lang='lat' dir='ltr'><strong>sed</strong></span> <span class='ocrx_word' id='word_1_200' title='bbox 1150 1519 1198 1572; x_wconf 92' lang='lat' dir='ltr'><strong>per</strong></span> <span class='ocrx_word' id='word_1_201' title='bbox 1219 1501 1346 1558; x_wconf 81' lang='lat' dir='ltr'><strong>effectum</strong></span> <span class='ocrx_word' id='word_1_202' title='bbox 1371 1502 1435 1559; x_wconf 90' lang='lat' dir='ltr'><strong>boni</strong></span> <span class='ocrx_word' id='word_1_203' title='bbox 1458 1502 1547 1574; x_wconf 89' lang='lat' dir='ltr'><strong>operis</strong></span> <span class='ocrx_word' id='word_1_204' title='bbox 1571 1503 1704 1560; x_wconf 88' lang='lat' dir='ltr'><strong>frumenta</strong></span> <span class='ocrx_word' id='word_1_205' title='bbox 1719 1507 1777 1561; x_wconf 87' lang='lat' dir='ltr'><strong>Do·</strong></span> 
     </span>
     <span class='ocr_line' id='line_1_16' title="bbox 119 1590 1778 1668; baseline -0.004 -13"><span class='ocrx_word' id='word_1_206' title='bbox 119 1600 191 1655; x_wconf 93' lang='lat' dir='ltr'><strong>omni</strong></span> <span class='ocrx_word' id='word_1_207' title='bbox 207 1599 292 1653; x_wconf 92' lang='lat' dir='ltr'><strong>modo</strong></span> <span class='ocrx_word' id='word_1_208' title='bbox 306 1605 512 1660; x_wconf 85' lang='lat' dir='ltr'><strong>conserventur,</strong></span> <span class='ocrx_word' id='word_1_209' title='bbox 525 1603 551 1651; x_wconf 89' lang='lat' dir='ltr'><strong>et</strong></span> <span class='ocrx_word' id='word_1_210' title='bbox 561 1603 590 1651; x_wconf 89' lang='lat' dir='ltr'><strong>ut</strong></span> <span class='ocrx_word' id='word_1_211' title='bbox 601 1596 646 1668; x_wconf 89' lang='lat' dir='ltr'><strong>qui</strong></span> <span class='ocrx_word' id='word_1_212' title='bbox 657 1595 791 1666; x_wconf 88' lang='lat' dir='ltr'><strong>posterius</strong></span> <span class='ocrx_word' id='word_1_213' title='bbox 806 1594 924 1650; x_wconf 90' lang='lat' dir='ltr'><strong>ordinati</strong></span> <span class='ocrx_word' id='word_1_214' title='bbox 976 1591 1074 1646; x_wconf 86' lang='lat' dir='ltr'><strong>mrniea</strong></span> <span class='ocrx_word' id='word_1_215' title='bbox 1089 1590 1215 1646; x_wconf 90' lang='lat' dir='ltr'><strong>vitiorum</strong></span> <span class='ocrx_word' id='word_1_216' title='bbox 1231 1608 1344 1647; x_wconf 90' lang='lat' dir='ltr'><strong>suorum</strong></span> <span class='ocrx_word' id='word_1_217' title='bbox 1358 1592 1445 1662; x_wconf 89' lang='lat' dir='ltr'><strong>paleis</strong></span> <span class='ocrx_word' id='word_1_218' title='bbox 1460 1593 1592 1664; x_wconf 85' lang='lat' dir='ltr'><strong>exspolia,</strong></span> <span class='ocrx_word' id='word_1_219' title='bbox 1609 1602 1635 1649; x_wconf 90' lang='lat' dir='ltr'><strong>et</strong></span> <span class='ocrx_word' id='word_1_220' title='bbox 1650 1596 1677 1648; x_wconf 89' lang='lat' dir='ltr'><strong>in</strong></span> <span class='ocrx_word' id='word_1_221' title='bbox 1687 1594 1778 1652; x_wconf 83' lang='lat' dir='ltr'><strong>Eccle-</strong></span> 
     </span>
     <span class='ocr_line' id='line_1_17' title="bbox 120 1679 1778 1768; baseline -0.002 -25"><span class='ocrx_word' id='word_1_222' title='bbox 120 1696 181 1744; x_wconf 89' lang='lat' dir='ltr'><strong>sunt</strong></span> <span class='ocrx_word' id='word_1_223' title='bbox 195 1687 338 1759; x_wconf 88' lang='lat' dir='ltr'><strong>prioribus</strong></span> <span class='ocrx_word' id='word_1_224' title='bbox 354 1701 451 1742; x_wconf 89' lang='lat' dir='ltr'><strong>senon</strong></span> <span class='ocrx_word' id='word_1_225' title='bbox 466 1685 583 1740; x_wconf 82' lang='lat' dir='ltr'><strong>audeant</strong></span> <span class='ocrx_word' id='word_1_226' title='bbox 597 1684 744 1740; x_wconf 76' lang='lat' dir='ltr'><strong>anteferre.</strong></span> <span class='ocrx_word' id='word_1_227' title='bbox 762 1684 839 1739; x_wconf 93' lang='lat' dir='ltr'><strong>Unde</strong></span> <span class='ocrx_word' id='word_1_228' title='bbox 854 1683 925 1737; x_wconf 88' lang='lat' dir='ltr'><strong>inter</strong></span> <span class='ocrx_word' id='word_1_229' title='bbox 940 1679 1024 1768; x_wconf 77' lang='lat' dir='ltr'><strong>Bsiae</strong></span> <span class='ocrx_word' id='word_1_230' title='bbox 1035 1696 1133 1749; x_wconf 89' lang='lat' dir='ltr'><strong>corpus</strong></span> <span class='ocrx_word' id='word_1_231' title='bbox 1144 1680 1280 1735; x_wconf 89' lang='lat' dir='ltr'><strong>monendo</strong></span> <span class='ocrx_word' id='word_1_232' title='bbox 1291 1688 1318 1735; x_wconf 89' lang='lat' dir='ltr'><strong>et</strong></span> <span class='ocrx_word' id='word_1_233' title='bbox 1327 1681 1525 1752; x_wconf 86' lang='lat' dir='ltr'><strong>persuadendo,</strong></span> <span class='ocrx_word' id='word_1_234' title='bbox 1536 1681 1614 1754; x_wconf 91' lang='lat' dir='ltr'><strong>quasi</strong></span> <span class='ocrx_word' id='word_1_235' title='bbox 1622 1683 1778 1740; x_wconf 85' lang='lat' dir='ltr'><strong>mandendo</strong></span> 
     </span>
     <span class='ocr_line' id='line_1_18' title="bbox 120 1767 1777 1845; baseline -0.003 -13"><span class='ocrx_word' id='word_1_236' title='bbox 120 1785 220 1833; x_wconf 79' lang='lat' dir='ltr'><strong>catera</strong></span> <span class='ocrx_word' id='word_1_237' title='bbox 241 1775 277 1831; x_wconf 90' lang='lat' dir='ltr'><strong>ad</strong></span> <span class='ocrx_word' id='word_1_238' title='bbox 301 1775 390 1831; x_wconf 90' lang='lat' dir='ltr'><strong>locum</strong></span> <span class='ocrx_word' id='word_1_239' title='bbox 414 1774 479 1830; x_wconf 89' lang='lat' dir='ltr'><strong>dicit</strong></span> <span class='ocrx_word' id='word_1_240' title='bbox 502 1772 629 1830; x_wconf 77' lang='lat' dir='ltr'><strong>Aurelius</strong></span> <span class='ocrx_word' id='word_1_241' title='bbox 653 1773 725 1845; x_wconf 82' lang='lat' dir='ltr'><strong>(cap.</strong></span> <span class='ocrx_word' id='word_1_242' title='bbox 747 1772 792 1843; x_wconf 79' lang='lat'><strong>5³)</strong></span> <span class='ocrx_word' id='word_1_243' title='bbox 809 1789 816 1825; x_wconf 92' lang='lat'>:</span> <span class='ocrx_word' id='word_1_244' title='bbox 836 1793 846 1822; x_wconf 79' lang='grc' dir='ltr'>ι</span> <span class='ocrx_word' id='word_1_245' title='bbox 865 1773 926 1827; x_wconf 84' lang='lat' dir='ltr'><strong>Non</strong></span> <span class='ocrx_word' id='word_1_246' title='bbox 978 1777 1115 1823; x_wconf 88' lang='lat' dir='ltr'><strong>converto.</strong></span> <span class='ocrx_word' id='word_1_247' title='bbox 1140 1767 1219 1837; x_wconf 85' lang='lat' dir='ltr'><strong>Quod</strong></span> <span class='ocrx_word' id='word_1_248' title='bbox 1238 1784 1304 1824; x_wconf 87' lang='lat' dir='ltr'><strong>vero</strong></span> <span class='ocrx_word' id='word_1_249' title='bbox 1328 1786 1361 1824; x_wconf 87' lang='lat' dir='ltr'><strong>ex</strong></span> <span class='ocrx_word' id='word_1_250' title='bbox 1384 1771 1542 1826; x_wconf 84' lang='lat' dir='ltr'><strong>auctoritate</strong></span> <span class='ocrx_word' id='word_1_251' title='bbox 1563 1772 1701 1844; x_wconf 89' lang='lat' dir='ltr'><strong>agendum</strong></span> <span class='ocrx_word' id='word_1_252' title='bbox 1725 1780 1777 1839; x_wconf 89' lang='lat' dir='ltr'><strong>est,</strong></span> 
     </span>
     <span class='ocr_line' id='line_1_19' title="bbox 120 1856 1778 1943; baseline -0.002 -22"><span class='ocrx_word' id='word_1_253' title='bbox 120 1866 260 1931; x_wconf 85' lang='lat' dir='ltr'><strong>decuerat,</strong></span> <span class='ocrx_word' id='word_1_254' title='bbox 286 1864 422 1936; x_wconf 89' lang='lat' dir='ltr'><strong>inquiens,</strong></span> <span class='ocrx_word' id='word_1_255' title='bbox 439 1871 468 1918; x_wconf 89' lang='lat' dir='ltr'><strong>ut</strong></span> <span class='ocrx_word' id='word_1_256' title='bbox 482 1863 540 1919; x_wconf 74' lang='lat' dir='ltr'><strong>haec</strong></span> <span class='ocrx_word' id='word_1_257' title='bbox 565 1871 762 1934; x_wconf 86' lang='lat' dir='ltr'><strong>repeteremus,</strong></span> <span class='ocrx_word' id='word_1_258' title='bbox 783 1860 836 1916; x_wconf 90' lang='lat' dir='ltr'><strong>nisi</strong></span> <span class='ocrx_word' id='word_1_259' title='bbox 849 1860 927 1943; x_wconf 23' lang='lat' dir='ltr'><strong>&#39;iorte</strong></span> <span class='ocrx_word' id='word_1_260' title='bbox 977 1872 1038 1911; x_wconf 91' lang='lat' dir='ltr'><strong>cum</strong></span> <span class='ocrx_word' id='word_1_261' title='bbox 1052 1856 1180 1927; x_wconf 73' lang='lat' dir='ltr'><strong>predicto</strong></span> <span class='ocrx_word' id='word_1_262' title='bbox 1204 1856 1359 1912; x_wconf 77' lang='lat' dir='ltr'><strong>Arelatensi</strong></span> <span class='ocrx_word' id='word_1_263' title='bbox 1383 1858 1511 1930; x_wconf 92' lang='lat' dir='ltr'><strong>episcopo</strong></span> <span class='ocrx_word' id='word_1_264' title='bbox 1534 1868 1640 1931; x_wconf 88' lang='lat' dir='ltr'><strong>agetur,</strong></span> <span class='ocrx_word' id='word_1_265' title='bbox 1658 1877 1691 1916; x_wconf 89' lang='lat' dir='ltr'><strong>ne</strong></span> <span class='ocrx_word' id='word_1_266' title='bbox 1706 1877 1778 1932; x_wconf 83' lang='lat' dir='ltr'><strong>prae·</strong></span> 
     </span>
     <span class='ocr_line' id='line_1_20' title="bbox 121 1945 1779 2022; baseline -0.002 -12"><span class='ocrx_word' id='word_1_267' title='bbox 121 1955 269 2010; x_wconf 80' lang='lat' dir='ltr'><strong>existerent</strong></span> <span class='ocrx_word' id='word_1_268' title='bbox 294 1952 503 2008; x_wconf 73' lang='lat' dir='ltr'><strong>inconsideratas</strong></span> <span class='ocrx_word' id='word_1_269' title='bbox 527 1958 633 2006; x_wconf 88' lang='lat' dir='ltr'><strong>mentes</strong></span> <span class='ocrx_word' id='word_1_270' title='bbox 655 1950 845 2022; x_wconf 80' lang='lat' dir='ltr'><strong>quorumdam,</strong></span> <span class='ocrx_word' id='word_1_271' title='bbox 866 1965 927 2020; x_wconf 84' lang='lat' dir='ltr'><strong>quac</strong></span> <span class='ocrx_word' id='word_1_272' title='bbox 977 1945 1088 2000; x_wconf 86' lang='lat' dir='ltr'><strong>termitti</strong></span> <span class='ocrx_word' id='word_1_273' title='bbox 1103 1947 1189 2017; x_wconf 88' lang='lat' dir='ltr'><strong>possit</strong></span> <span class='ocrx_word' id='word_1_274' title='bbox 1212 1947 1264 2002; x_wconf 92' lang='lat' dir='ltr'><strong>hoc</strong></span> <span class='ocrx_word' id='word_1_275' title='bbox 1288 1949 1360 2019; x_wconf 89' lang='lat' dir='ltr'><strong>quod</strong></span> <span class='ocrx_word' id='word_1_276' title='bbox 1385 1948 1496 2020; x_wconf 88' lang='lat' dir='ltr'><strong>antiqua</strong></span> <span class='ocrx_word' id='word_1_277' title='bbox 1518 1949 1627 2004; x_wconf 84' lang='lat' dir='ltr'><strong>Petrum</strong></span> <span class='ocrx_word' id='word_1_278' title='bbox 1649 1949 1779 2006; x_wconf 89' lang='lat' dir='ltr'><strong>institutio</strong></span> 
     </span>
     <span class='ocr_line' id='line_1_21' title="bbox 121 2033 1120 2098; baseline -0.01 0"><span class='ocrx_word' id='word_1_279' title='bbox 121 2044 153 2098; x_wconf 90' lang='lat' dir='ltr'><strong>ad</strong></span> <span class='ocrx_word' id='word_1_280' title='bbox 182 2045 245 2098; x_wconf 74' lang='lat' dir='ltr'><strong>haec</strong></span> <span class='ocrx_word' id='word_1_281' title='bbox 276 2040 419 2097; x_wconf 87' lang='lat' dir='ltr'><strong>statuenda</strong></span> <span class='ocrx_word' id='word_1_282' title='bbox 446 2049 555 2096; x_wconf 90' lang='lat' dir='ltr'><strong>nostros</strong></span> <span class='ocrx_word' id='word_1_283' title='bbox 583 2047 713 2096; x_wconf 86' lang='lat' dir='ltr'><strong>acuerent</strong></span> <span class='ocrx_word' id='word_1_284' title='bbox 741 2054 849 2094; x_wconf 86' lang='lat' dir='ltr'><strong>sensus.</strong></span> <span class='ocrx_word' id='word_1_285' title='bbox 873 2037 927 2092; x_wconf 86' lang='lat' dir='ltr'><strong>Sed</strong></span> <span class='ocrx_word' id='word_1_286' title='bbox 978 2033 1120 2090; x_wconf 80' lang='lat' dir='ltr'><strong>invenit.»</strong></span> 
     </span>
     <span class='ocr_line' id='line_1_22' title="bbox 121 2123 1778 2199; baseline -0.004 -12"><span class='ocrx_word' id='word_1_287' title='bbox 121 2130 276 2187; x_wconf 87' lang='lat' dir='ltr'><strong>communis</strong></span> <span class='ocrx_word' id='word_1_288' title='bbox 291 2131 349 2186; x_wconf 84' lang='lat' dir='ltr'><strong>lraec</strong></span> <span class='ocrx_word' id='word_1_289' title='bbox 365 2138 514 2194; x_wconf 89' lang='lat' dir='ltr'><strong>causaest,</strong></span> <span class='ocrx_word' id='word_1_290' title='bbox 539 2144 621 2199; x_wconf 88' lang='lat' dir='ltr'><strong>quam</strong></span> <span class='ocrx_word' id='word_1_291' title='bbox 644 2127 790 2184; x_wconf 86' lang='lat' dir='ltr'><strong>insinuavit</strong></span> <span class='ocrx_word' id='word_1_292' title='bbox 804 2126 887 2183; x_wconf 88' lang='lat' dir='ltr'><strong>irater</strong></span> <span class='ocrx_word' id='word_1_293' title='bbox 902 2134 928 2181; x_wconf 90' lang='lat' dir='ltr'><strong>et</strong></span> <span class='ocrx_word' id='word_1_294' title='bbox 1013 2123 1085 2178; x_wconf 86' lang='lat' dir='ltr'><strong>xvt.</strong></span> <span class='ocrx_word' id='word_1_295' title='bbox 1102 2123 1136 2178; x_wconf 87' lang='grc' dir='ltr'>Ει</span> <span class='ocrx_word' id='word_1_296' title='bbox 1152 2124 1224 2195; x_wconf 89' lang='lat' dir='ltr'><strong>quod</strong></span> <span class='ocrx_word' id='word_1_297' title='bbox 1239 2124 1273 2179; x_wconf 93' lang='lat' dir='ltr'><strong>de</strong></span> <span class='ocrx_word' id='word_1_298' title='bbox 1288 2141 1342 2180; x_wconf 94' lang='lat' dir='ltr'><strong>uno</strong></span> <span class='ocrx_word' id='word_1_299' title='bbox 1356 2126 1407 2180; x_wconf 85' lang='lat' dir='ltr'><strong>lroc</strong></span> <span class='ocrx_word' id='word_1_300' title='bbox 1426 2125 1540 2196; x_wconf 88' lang='lat' dir='ltr'><strong>primate</strong></span> <span class='ocrx_word' id='word_1_301' title='bbox 1562 2126 1714 2193; x_wconf 90' lang='lat' dir='ltr'><strong>Gallicano,</strong></span> <span class='ocrx_word' id='word_1_302' title='bbox 1731 2126 1778 2198; x_wconf 93' lang='lat' dir='ltr'><strong>qui</strong></span> 
     </span>
     <span class='ocr_line' id='line_1_23' title="bbox 121 2212 1779 2287; baseline -0.002 -13"><span class='ocrx_word' id='word_1_303' title='bbox 121 2219 307 2275; x_wconf 89' lang='lat' dir='ltr'><strong>consacerdos</strong></span> <span class='ocrx_word' id='word_1_304' title='bbox 340 2225 434 2272; x_wconf 92' lang='lat' dir='ltr'><strong>noster</strong></span> <span class='ocrx_word' id='word_1_305' title='bbox 467 2217 648 2283; x_wconf 84' lang='lat' dir='ltr'><strong>Valentinus,</strong></span> <span class='ocrx_word' id='word_1_306' title='bbox 681 2224 710 2271; x_wconf 90' lang='lat' dir='ltr'><strong>ut</strong></span> <span class='ocrx_word' id='word_1_307' title='bbox 743 2215 929 2287; x_wconf 90' lang='lat' dir='ltr'><strong>unusquisque</strong></span> <span class='ocrx_word' id='word_1_308' title='bbox 978 2212 1074 2266; x_wconf 88' lang='lat' dir='ltr'><strong>asede</strong></span> <span class='ocrx_word' id='word_1_309' title='bbox 1100 2213 1248 2283; x_wconf 88' lang='lat' dir='ltr'><strong>apostolica</strong></span> <span class='ocrx_word' id='word_1_310' title='bbox 1271 2213 1382 2284; x_wconf 88' lang='lat' dir='ltr'><strong>pallium</strong></span> <span class='ocrx_word' id='word_1_311' title='bbox 1405 2220 1559 2286; x_wconf 87' lang='lat' dir='ltr'><strong>acceperat,</strong></span> <span class='ocrx_word' id='word_1_312' title='bbox 1584 2214 1659 2280; x_wconf 90' lang='lat' dir='ltr'><strong>dixit,</strong></span> <span class='ocrx_word' id='word_1_313' title='bbox 1684 2216 1737 2270; x_wconf 89' lang='lat' dir='ltr'><strong>hoc</strong></span> <span class='ocrx_word' id='word_1_314' title='bbox 1753 2224 1779 2271; x_wconf 89' lang='lat' dir='ltr'><strong>et</strong></span> 
     </span>
     <span class='ocr_line' id='line_1_24' title="bbox 122 2300 1778 2377; baseline -0.003 -14"><span class='ocrx_word' id='word_1_315' title='bbox 122 2318 244 2363; x_wconf 88' lang='lat' dir='ltr'><strong>nostrum</strong></span> <span class='ocrx_word' id='word_1_316' title='bbox 261 2307 387 2362; x_wconf 90' lang='lat' dir='ltr'><strong>ordinem</strong></span> <span class='ocrx_word' id='word_1_317' title='bbox 404 2306 455 2361; x_wconf 91' lang='lat' dir='ltr'><strong>sibi</strong></span> <span class='ocrx_word' id='word_1_318' title='bbox 469 2307 608 2361; x_wconf 91' lang='lat' dir='ltr'><strong>decretum</strong></span> <span class='ocrx_word' id='word_1_319' title='bbox 622 2320 639 2359; x_wconf 91' lang='lat' dir='ltr'><strong>a</strong></span> <span class='ocrx_word' id='word_1_320' title='bbox 654 2306 712 2360; x_wconf 87' lang='lat' dir='ltr'><strong>Deo</strong></span> <span class='ocrx_word' id='word_1_321' title='bbox 725 2312 885 2377; x_wconf 86' lang='lat' dir='ltr'><strong>cognoscat,</strong></span> <span class='ocrx_word' id='word_1_322' title='bbox 902 2310 928 2358; x_wconf 89' lang='lat' dir='ltr'><strong>et</strong></span> <span class='ocrx_word' id='word_1_323' title='bbox 978 2300 1012 2357; x_wconf 92' lang='lat' dir='ltr'><strong>de</strong></span> <span class='ocrx_word' id='word_1_324' title='bbox 1027 2300 1139 2372; x_wconf 90' lang='lat' dir='ltr'><strong>reliquis</strong></span> <span class='ocrx_word' id='word_1_325' title='bbox 1155 2301 1358 2357; x_wconf 87' lang='lat' dir='ltr'><strong>Gallicanorum</strong></span> <span class='ocrx_word' id='word_1_326' title='bbox 1374 2311 1400 2357; x_wconf 92' lang='grc' dir='ltr'><strong>ει</strong></span> <span class='ocrx_word' id='word_1_327' title='bbox 1414 2303 1586 2375; x_wconf 79' lang='lat' dir='ltr'><strong>belgicorum</strong></span> <span class='ocrx_word' id='word_1_328' title='bbox 1602 2312 1682 2375; x_wconf 88' lang='lat' dir='ltr'><strong>atque</strong></span> <span class='ocrx_word' id='word_1_329' title='bbox 1705 2304 1778 2360; x_wconf 89' lang='lat' dir='ltr'><strong>Ger-</strong></span> 
     </span>
     <span class='ocr_line' id='line_1_25' title="bbox 121 2390 1778 2468; baseline -0.001 -16"><span class='ocrx_word' id='word_1_330' title='bbox 121 2397 292 2468; x_wconf 88' lang='lat' dir='ltr'><strong>posteriores</strong></span> <span class='ocrx_word' id='word_1_331' title='bbox 313 2395 493 2451; x_wconf 88' lang='lat' dir='ltr'><strong>anterioribus</strong></span> <span class='ocrx_word' id='word_1_332' title='bbox 517 2393 651 2458; x_wconf 87' lang='lat' dir='ltr'><strong>deserant,</strong></span> <span class='ocrx_word' id='word_1_333' title='bbox 668 2410 720 2450; x_wconf 88' lang='lat' dir='ltr'><strong>nec</strong></span> <span class='ocrx_word' id='word_1_334' title='bbox 735 2393 774 2448; x_wconf 93' lang='lat' dir='ltr'><strong>eis</strong></span> <span class='ocrx_word' id='word_1_335' title='bbox 788 2391 928 2449; x_wconf 89' lang='lat' dir='ltr'><strong>inconsul-</strong></span> <span class='ocrx_word' id='word_1_336' title='bbox 978 2390 1148 2446; x_wconf 87' lang='lat' dir='ltr'><strong>manicorum</strong></span> <span class='ocrx_word' id='word_1_337' title='bbox 1180 2391 1340 2462; x_wconf 90' lang='lat' dir='ltr'><strong>primatibus</strong></span> <span class='ocrx_word' id='word_1_338' title='bbox 1368 2401 1409 2448; x_wconf 91' lang='lat' dir='ltr'><strong>est</strong></span> <span class='ocrx_word' id='word_1_339' title='bbox 1436 2392 1527 2464; x_wconf 91' lang='lat' dir='ltr'><strong>utique</strong></span> <span class='ocrx_word' id='word_1_340' title='bbox 1561 2391 1778 2464; x_wconf 88' lang='lat' dir='ltr'><strong>intelligendum.</strong></span> 
     </span>
     <span class='ocr_line' id='line_1_26' title="bbox 121 2478 1779 2558; baseline -0.001 -19"><span class='ocrx_word' id='word_1_341' title='bbox 121 2486 154 2541; x_wconf 88' lang='lat' dir='ltr'><strong>tis</strong></span> <span class='ocrx_word' id='word_1_342' title='bbox 168 2484 276 2558; x_wconf 89' lang='lat' dir='ltr'><strong>aliquid</strong></span> <span class='ocrx_word' id='word_1_343' title='bbox 298 2500 382 2557; x_wconf 88' lang='lat' dir='ltr'><strong>agere</strong></span> <span class='ocrx_word' id='word_1_344' title='bbox 403 2490 576 2555; x_wconf 75' lang='lat' dir='ltr'><strong>praesumant.</strong></span> <span class='ocrx_word' id='word_1_345' title='bbox 593 2482 701 2553; x_wconf 86' lang='lat' dir='ltr'><strong>Quade</strong></span> <span class='ocrx_word' id='word_1_346' title='bbox 717 2482 833 2548; x_wconf 88' lang='lat' dir='ltr'><strong>redico,</strong></span> <span class='ocrx_word' id='word_1_347' title='bbox 849 2487 930 2552; x_wconf 90' lang='lat' dir='ltr'><strong>prout</strong></span> <span class='ocrx_word' id='word_1_348' title='bbox 978 2478 1052 2534; x_wconf 90' lang='lat' dir='ltr'><strong>lnter</strong></span> <span class='ocrx_word' id='word_1_349' title='bbox 1067 2495 1146 2550; x_wconf 90' lang='lat' dir='ltr'><strong>quos,</strong></span> <span class='ocrx_word' id='word_1_350' title='bbox 1172 2480 1242 2535; x_wconf 92' lang='lat' dir='ltr'><strong>sicut</strong></span> <span class='ocrx_word' id='word_1_351' title='bbox 1266 2488 1292 2534; x_wconf 91' lang='lat' dir='ltr'><strong>et</strong></span> <span class='ocrx_word' id='word_1_352' title='bbox 1313 2480 1384 2535; x_wconf 91' lang='lat' dir='ltr'><strong>inter</strong></span> <span class='ocrx_word' id='word_1_353' title='bbox 1407 2479 1526 2552; x_wconf 89' lang='lat' dir='ltr'><strong>reliquos</strong></span> <span class='ocrx_word' id='word_1_354' title='bbox 1551 2481 1704 2553; x_wconf 90' lang='lat' dir='ltr'><strong>episcopos,</strong></span> <span class='ocrx_word' id='word_1_355' title='bbox 1721 2482 1779 2537; x_wconf 80' lang='lat' dir='ltr'><strong>haec</strong></span> 
     </span>
     <span class='ocr_line' id='line_1_27' title="bbox 122 2568 1780 2645; baseline -0.002 -17"><span class='ocrx_word' id='word_1_356' title='bbox 122 2583 218 2645; x_wconf 90' lang='lat' dir='ltr'><strong>captus</strong></span> <span class='ocrx_word' id='word_1_357' title='bbox 235 2573 320 2629; x_wconf 91' lang='lat' dir='ltr'><strong>animi</strong></span> <span class='ocrx_word' id='word_1_358' title='bbox 334 2573 387 2627; x_wconf 91' lang='lat' dir='ltr'><strong>mei</strong></span> <span class='ocrx_word' id='word_1_359' title='bbox 403 2573 510 2637; x_wconf 89' lang='lat' dir='ltr'><strong>retinet,</strong></span> <span class='ocrx_word' id='word_1_360' title='bbox 525 2588 574 2627; x_wconf 92' lang='lat' dir='ltr'><strong>eos</strong></span> <span class='ocrx_word' id='word_1_361' title='bbox 595 2571 641 2644; x_wconf 92' lang='lat' dir='ltr'><strong>qui</strong></span> <span class='ocrx_word' id='word_1_362' title='bbox 662 2571 815 2642; x_wconf 87' lang='lat' dir='ltr'><strong>putaverint</strong></span> <span class='ocrx_word' id='word_1_363' title='bbox 831 2569 929 2641; x_wconf 87' lang='lat' dir='ltr'><strong>spretis</strong></span> <span class='ocrx_word' id='word_1_364' title='bbox 978 2568 1097 2623; x_wconf 91' lang='lat' dir='ltr'><strong>conditio</strong></span> <span class='ocrx_word' id='word_1_365' title='bbox 1118 2569 1252 2639; x_wconf 88' lang='lat' dir='ltr'><strong>regularis</strong></span> <span class='ocrx_word' id='word_1_366' title='bbox 1267 2578 1400 2636; x_wconf 88' lang='lat' dir='ltr'><strong>servatur,</strong></span> <span class='ocrx_word' id='word_1_367' title='bbox 1418 2570 1507 2641; x_wconf 91' lang='lat' dir='ltr'><strong>utqui</strong></span> <span class='ocrx_word' id='word_1_368' title='bbox 1530 2570 1607 2640; x_wconf 87' lang='lat' dir='ltr'><strong>prius</strong></span> <span class='ocrx_word' id='word_1_369' title='bbox 1631 2569 1709 2626; x_wconf 88' lang='lat' dir='ltr'><strong>fuerit</strong></span> <span class='ocrx_word' id='word_1_370' title='bbox 1733 2587 1780 2626; x_wconf 93' lang='lat' dir='ltr'><strong>or·</strong></span> 
     </span>
     <span class='ocr_line' id='line_1_28' title="bbox 123 2656 1779 2732; baseline 0.001 -20"><span class='ocrx_word' id='word_1_371' title='bbox 123 2657 273 2727; x_wconf 86' lang='lat' dir='ltr'><strong>majoribus</strong></span> <span class='ocrx_word' id='word_1_372' title='bbox 287 2657 389 2728; x_wconf 89' lang='lat' dir='ltr'><strong>aliquid</strong></span> <span class='ocrx_word' id='word_1_373' title='bbox 409 2656 639 2727; x_wconf 74' lang='lat' dir='ltr'><strong>presumendum,</strong></span> <span class='ocrx_word' id='word_1_374' title='bbox 662 2662 847 2726; x_wconf 90' lang='lat' dir='ltr'><strong>competenter</strong></span> <span class='ocrx_word' id='word_1_375' title='bbox 866 2670 928 2709; x_wconf 88' lang='lat' dir='ltr'><strong>esse</strong></span> <span class='ocrx_word' id='word_1_376' title='bbox 979 2656 1096 2720; x_wconf 89' lang='lat' dir='ltr'><strong>dinatus,</strong></span> <span class='ocrx_word' id='word_1_377' title='bbox 1118 2657 1191 2727; x_wconf 93' lang='lat' dir='ltr'><strong>prior</strong></span> <span class='ocrx_word' id='word_1_378' title='bbox 1211 2658 1353 2726; x_wconf 89' lang='lat' dir='ltr'><strong>habeatnr,</strong></span> <span class='ocrx_word' id='word_1_379' title='bbox 1380 2658 1451 2713; x_wconf 92' lang='lat' dir='ltr'><strong>velut</strong></span> <span class='ocrx_word' id='word_1_380' title='bbox 1475 2659 1546 2713; x_wconf 89' lang='lat' dir='ltr'><strong>idem</strong></span> <span class='ocrx_word' id='word_1_381' title='bbox 1571 2659 1599 2714; x_wconf 91' lang='lat' dir='ltr'><strong>S.</strong></span> <span class='ocrx_word' id='word_1_382' title='bbox 1626 2659 1779 2732; x_wconf 78' lang='lat' dir='ltr'><strong>Gregorius</strong></span> 
     </span>
     <span class='ocr_line' id='line_1_29' title="bbox 124 2743 1780 2819; baseline 0.002 -18"><span class='ocrx_word' id='word_1_383' title='bbox 124 2748 155 2801; x_wconf 87' lang='lat' dir='ltr'><strong>ab</strong></span> <span class='ocrx_word' id='word_1_384' title='bbox 169 2747 246 2802; x_wconf 92' lang='lat' dir='ltr'><strong>omni</strong></span> <span class='ocrx_word' id='word_1_385' title='bbox 261 2745 379 2802; x_wconf 89' lang='lat' dir='ltr'><strong>concilio</strong></span> <span class='ocrx_word' id='word_1_386' title='bbox 403 2746 581 2801; x_wconf 88' lang='lat' dir='ltr'><strong>coercendos.</strong></span> <span class='ocrx_word' id='word_1_387' title='bbox 606 2744 761 2815; x_wconf 84' lang='lat' dir='ltr'><strong>Xantippus</strong></span> <span class='ocrx_word' id='word_1_388' title='bbox 783 2743 929 2814; x_wconf 89' lang='lat' dir='ltr'><strong>episcopus</strong></span> <span class='ocrx_word' id='word_1_389' title='bbox 978 2744 1006 2798; x_wconf 88' lang='lat' dir='ltr'><strong>in</strong></span> <span class='ocrx_word' id='word_1_390' title='bbox 1021 2744 1071 2798; x_wconf 87' lang='lat' dir='ltr'><strong>alia</strong></span> <span class='ocrx_word' id='word_1_391' title='bbox 1094 2744 1209 2815; x_wconf 87' lang='lat' dir='ltr'><strong>epistola</strong></span> <span class='ocrx_word' id='word_1_392' title='bbox 1232 2745 1266 2800; x_wconf 89' lang='lat' dir='ltr'><strong>ad</strong></span> <span class='ocrx_word' id='word_1_393' title='bbox 1288 2745 1429 2816; x_wconf 72' lang='lat' dir='ltr'><strong>prefatum</strong></span> <span class='ocrx_word' id='word_1_394' title='bbox 1454 2746 1634 2819; x_wconf 89' lang='lat' dir='ltr'><strong>Augustinum</strong></span> <span class='ocrx_word' id='word_1_395' title='bbox 1656 2756 1780 2818; x_wconf 89' lang='lat' dir='ltr'><strong>patenter</strong></span> 
     </span>
     <span class='ocr_line' id='line_1_30' title="bbox 124 2830 1781 2906; baseline 0.001 -16"><span class='ocrx_word' id='word_1_396' title='bbox 124 2836 219 2906; x_wconf 78' lang='lat' dir='ltr'><strong>primae</strong></span> <span class='ocrx_word' id='word_1_397' title='bbox 244 2835 320 2890; x_wconf 89' lang='lat' dir='ltr'><strong>sedis</strong></span> <span class='ocrx_word' id='word_1_398' title='bbox 343 2833 479 2889; x_wconf 74' lang='lat' dir='ltr'><strong>Numidiae</strong></span> <span class='ocrx_word' id='word_1_399' title='bbox 501 2833 590 2888; x_wconf 85' lang='lat' dir='ltr'><strong>dixit:</strong></span> <span class='ocrx_word' id='word_1_400' title='bbox 608 2833 717 2888; x_wconf 91' lang='lat' dir='ltr'><strong>Audivit</strong></span> <span class='ocrx_word' id='word_1_401' title='bbox 731 2833 853 2888; x_wconf 90' lang='lat' dir='ltr'><strong>omnium</strong></span> <span class='ocrx_word' id='word_1_402' title='bbox 872 2830 929 2885; x_wconf 85' lang='lat' dir='ltr'><strong>ira-</strong></span> <span class='ocrx_word' id='word_1_403' title='bbox 979 2833 1105 2888; x_wconf 90' lang='lat' dir='ltr'><strong>ostendit.</strong></span> <span class='ocrx_word' id='word_1_404' title='bbox 1122 2834 1162 2889; x_wconf 89' lang='lat' dir='ltr'><strong>De</strong></span> <span class='ocrx_word' id='word_1_405' title='bbox 1176 2833 1274 2905; x_wconf 90' lang='lat' dir='ltr'><strong>quibus</strong></span> <span class='ocrx_word' id='word_1_406' title='bbox 1289 2835 1451 2905; x_wconf 89' lang='lat' dir='ltr'><strong>primatibus</strong></span> <span class='ocrx_word' id='word_1_407' title='bbox 1475 2835 1559 2891; x_wconf 86' lang='lat' dir='ltr'><strong>iidem</strong></span> <span class='ocrx_word' id='word_1_408' title='bbox 1574 2835 1645 2891; x_wconf 89' lang='lat' dir='ltr'><strong>sacri</strong></span> <span class='ocrx_word' id='word_1_409' title='bbox 1660 2852 1781 2893; x_wconf 90' lang='lat' dir='ltr'><strong>canones</strong></span> 
     </span>
     <span class='ocr_line' id='line_1_31' title="bbox 125 2921 1781 2997; baseline 0.002 -19"><span class='ocrx_word' id='word_1_410' title='bbox 125 2933 193 2979; x_wconf 89' lang='lat' dir='ltr'><strong>tmm</strong></span> <span class='ocrx_word' id='word_1_411' title='bbox 219 2923 369 2995; x_wconf 81' lang='lat' dir='ltr'><strong>praesentia</strong></span> <span class='ocrx_word' id='word_1_412' title='bbox 391 2923 612 2993; x_wconf 89' lang='lat' dir='ltr'><strong>prosecutionem</strong></span> <span class='ocrx_word' id='word_1_413' title='bbox 634 2921 725 2977; x_wconf 81' lang='lat' dir='ltr'><strong>fratris</strong></span> <span class='ocrx_word' id='word_1_414' title='bbox 741 2929 767 2976; x_wconf 93' lang='grc' dir='ltr'><strong>ει</strong></span> <span class='ocrx_word' id='word_1_415' title='bbox 781 2936 930 2977; x_wconf 90' lang='lat' dir='ltr'><strong>consacer·</strong></span> <span class='ocrx_word' id='word_1_416' title='bbox 979 2921 1080 2989; x_wconf 91' lang='lat' dir='ltr'><strong>dicunt,</strong></span> <span class='ocrx_word' id='word_1_417' title='bbox 1097 2930 1125 2976; x_wconf 92' lang='lat' dir='ltr'><strong>ut</strong></span> <span class='ocrx_word' id='word_1_418' title='bbox 1140 2923 1265 2995; x_wconf 91' lang='lat' dir='ltr'><strong>quisquis</strong></span> <span class='ocrx_word' id='word_1_419' title='bbox 1288 2923 1479 2995; x_wconf 90' lang='lat' dir='ltr'><strong>episcoporum</strong></span> <span class='ocrx_word' id='word_1_420' title='bbox 1503 2932 1656 2990; x_wconf 88' lang='lat' dir='ltr'><strong>accusatur,</strong></span> <span class='ocrx_word' id='word_1_421' title='bbox 1672 2925 1706 2980; x_wconf 91' lang='lat' dir='ltr'><strong>ad</strong></span> <span class='ocrx_word' id='word_1_422' title='bbox 1720 2925 1781 2997; x_wconf 93' lang='lat' dir='ltr'><strong>pri-</strong></span> 
     </span>
     <span class='ocr_line' id='line_1_32' title="bbox 125 3010 1779 3084; baseline 0.001 -16"><span class='ocrx_word' id='word_1_423' title='bbox 125 3014 193 3069; x_wconf 91' lang='lat' dir='ltr'><strong>dotis</strong></span> <span class='ocrx_word' id='word_1_424' title='bbox 208 3013 297 3070; x_wconf 90' lang='lat' dir='ltr'><strong>nostri</strong></span> <span class='ocrx_word' id='word_1_425' title='bbox 312 3012 427 3075; x_wconf 88' lang='lat' dir='ltr'><strong>Aurelii,</strong></span> <span class='ocrx_word' id='word_1_426' title='bbox 443 3011 507 3084; x_wconf 92' lang='lat' dir='ltr'><strong>quid</strong></span> <span class='ocrx_word' id='word_1_427' title='bbox 519 3011 553 3065; x_wconf 90' lang='lat' dir='ltr'><strong>ad</strong></span> <span class='ocrx_word' id='word_1_428' title='bbox 563 3012 621 3066; x_wconf 85' lang='lat' dir='ltr'><strong>baec</strong></span> <span class='ocrx_word' id='word_1_429' title='bbox 636 3010 822 3082; x_wconf 75' lang='lat' dir='ltr'><strong>respondent?</strong></span> <span class='ocrx_word' id='word_1_430' title='bbox 839 3010 929 3065; x_wconf 89' lang='lat' dir='ltr'><strong>Datia·</strong></span> <span class='ocrx_word' id='word_1_431' title='bbox 978 3018 1078 3065; x_wconf 88' lang='lat' dir='ltr'><strong>malem</strong></span> <span class='ocrx_word' id='word_1_432' title='bbox 1093 3011 1240 3082; x_wconf 70' lang='lat' dir='ltr'><strong>provincia]</strong></span> <span class='ocrx_word' id='word_1_433' title='bbox 1255 3011 1340 3084; x_wconf 88' lang='lat' dir='ltr'><strong>ipsius</strong></span> <span class='ocrx_word' id='word_1_434' title='bbox 1365 3027 1477 3068; x_wconf 91' lang='lat' dir='ltr'><strong>causam</strong></span> <span class='ocrx_word' id='word_1_435' title='bbox 1499 3012 1603 3070; x_wconf 87' lang='lat' dir='ltr'><strong>deferat</strong></span> <span class='ocrx_word' id='word_1_436' title='bbox 1624 3023 1779 3071; x_wconf 88' lang='lat' dir='ltr'><strong>accusator.</strong></span> 
     </span>
     <span class='ocr_line' id='line_1_33' title="bbox 125 3074 1781 3174; baseline 0.001 -16"><span class='ocrx_word' id='word_1_437' title='bbox 125 3119 173 3158; x_wconf 88' lang='lat' dir='ltr'><strong>nus</strong></span> <span class='ocrx_word' id='word_1_438' title='bbox 196 3103 346 3174; x_wconf 86' lang='lat' dir='ltr'><strong>episcopus</strong></span> <span class='ocrx_word' id='word_1_439' title='bbox 369 3101 436 3155; x_wconf 84' lang='lat' dir='ltr'><strong>dixit</strong></span> <span class='ocrx_word' id='word_1_440' title='bbox 452 3118 459 3155; x_wconf 90' lang='lat'>:</span> <span class='ocrx_word' id='word_1_441' title='bbox 475 3099 543 3169; x_wconf 76' lang='lat' dir='ltr'><strong>Quae</strong></span> <span class='ocrx_word' id='word_1_442' title='bbox 566 3100 699 3168; x_wconf 89' lang='lat' dir='ltr'><strong>majomm</strong></span> <span class='ocrx_word' id='word_1_443' title='bbox 721 3098 841 3154; x_wconf 83' lang='lat' dir='ltr'><strong>decrerit</strong></span> <span class='ocrx_word' id='word_1_444' title='bbox 863 3115 928 3154; x_wconf 89' lang='lat' dir='ltr'><strong>sen·</strong></span> <span class='ocrx_word' id='word_1_445' title='bbox 944 3074 1015 3154; x_wconf 83' lang='lat' dir='ltr'><strong>Clit</strong></span> <span class='ocrx_word' id='word_1_446' title='bbox 1029 3099 1076 3171; x_wconf 91' lang='lat' dir='ltr'><strong>qui</strong></span> <span class='ocrx_word' id='word_1_447' title='bbox 1092 3101 1297 3171; x_wconf 88' lang='lat' dir='ltr'><strong>provocandum</strong></span> <span class='ocrx_word' id='word_1_448' title='bbox 1317 3102 1480 3172; x_wconf 91' lang='lat' dir='ltr'><strong>putaverint,</strong></span> <span class='ocrx_word' id='word_1_449' title='bbox 1505 3103 1540 3157; x_wconf 90' lang='lat' dir='ltr'><strong>ad</strong></span> <span class='ocrx_word' id='word_1_450' title='bbox 1563 3103 1690 3174; x_wconf 88' lang='lat' dir='ltr'><strong>primates</strong></span> <span class='ocrx_word' id='word_1_451' title='bbox 1715 3119 1781 3159; x_wconf 92' lang='lat' dir='ltr'><strong>sua·</strong></span> 
     </span>
     <span class='ocr_line' id='line_1_34' title="bbox 126 3188 1781 3263; baseline 0.001 -17"><span class='ocrx_word' id='word_1_452' title='bbox 126 3191 204 3246; x_wconf 80' lang='lat' dir='ltr'><strong>tentis</strong></span> <span class='ocrx_word' id='word_1_453' title='bbox 217 3198 314 3246; x_wconf 90' lang='lat' dir='ltr'><strong>nostro</strong></span> <span class='ocrx_word' id='word_1_454' title='bbox 336 3189 462 3245; x_wconf 84' lang='lat' dir='ltr'><strong>assensui</strong></span> <span class='ocrx_word' id='word_1_455' title='bbox 482 3189 720 3258; x_wconf 90' lang='lat' dir='ltr'><strong>mancipabuntur,</strong></span> <span class='ocrx_word' id='word_1_456' title='bbox 736 3196 764 3242; x_wconf 92' lang='lat' dir='ltr'><strong>ut</strong></span> <span class='ocrx_word' id='word_1_457' title='bbox 780 3204 840 3259; x_wconf 75' lang='lat' dir='ltr'><strong>quae</strong></span> <span class='ocrx_word' id='word_1_458' title='bbox 855 3203 929 3259; x_wconf 82' lang='lat' dir='ltr'><strong>prae·</strong></span> <span class='ocrx_word' id='word_1_459' title='bbox 982 3205 1042 3243; x_wconf 90' lang='lat' dir='ltr'><strong>rum</strong></span> <span class='ocrx_word' id='word_1_460' title='bbox 1056 3188 1267 3259; x_wconf 88' lang='lat' dir='ltr'><strong>provinciarum,</strong></span> <span class='ocrx_word' id='word_1_461' title='bbox 1284 3190 1353 3245; x_wconf 89' lang='lat' dir='ltr'><strong>sicut</strong></span> <span class='ocrx_word' id='word_1_462' title='bbox 1367 3199 1393 3244; x_wconf 97' lang='lat' dir='ltr'><strong>et</strong></span> <span class='ocrx_word' id='word_1_463' title='bbox 1408 3191 1442 3245; x_wconf 91' lang='lat' dir='ltr'><strong>de</strong></span> <span class='ocrx_word' id='word_1_464' title='bbox 1458 3190 1594 3262; x_wconf 91' lang='lat' dir='ltr'><strong>episcopis</strong></span> <span class='ocrx_word' id='word_1_465' title='bbox 1618 3208 1691 3263; x_wconf 84' lang='lat' dir='ltr'><strong>sepe</strong></span> <span class='ocrx_word' id='word_1_466' title='bbox 1715 3208 1781 3248; x_wconf 92' lang='lat' dir='ltr'><strong>con-</strong></span> 
     </span>
     <span class='ocr_line' id='line_1_35' title="bbox 128 3275 1781 3352; baseline 0.001 -17"><span class='ocrx_word' id='word_1_467' title='bbox 128 3281 269 3335; x_wconf 88' lang='lat' dir='ltr'><strong>teritorum</strong></span> <span class='ocrx_word' id='word_1_468' title='bbox 281 3279 456 3335; x_wconf 89' lang='lat' dir='ltr'><strong>conciliomm</strong></span> <span class='ocrx_word' id='word_1_469' title='bbox 468 3278 558 3350; x_wconf 89' lang='lat' dir='ltr'><strong>gentis</strong></span> <span class='ocrx_word' id='word_1_470' title='bbox 568 3283 693 3332; x_wconf 88' lang='lat' dir='ltr'><strong>tenentur</strong></span> <span class='ocrx_word' id='word_1_471' title='bbox 703 3275 929 3349; x_wconf 76' lang='lat' dir='ltr'><strong>carthaginensis</strong></span> <span class='ocrx_word' id='word_1_472' title='bbox 980 3277 1101 3331; x_wconf 90' lang='lat' dir='ltr'><strong>stitutum</strong></span> <span class='ocrx_word' id='word_1_473' title='bbox 1117 3286 1167 3341; x_wconf 87' lang='lat' dir='ltr'><strong>est,</strong></span> <span class='ocrx_word' id='word_1_474' title='bbox 1186 3287 1344 3349; x_wconf 81' lang='lat' dir='ltr'><strong>provocent.</strong></span> <span class='ocrx_word' id='word_1_475' title='bbox 1361 3279 1395 3332; x_wconf 87' lang='lat' dir='ltr'><strong>Et</strong></span> <span class='ocrx_word' id='word_1_476' title='bbox 1411 3279 1565 3350; x_wconf 89' lang='lat' dir='ltr'><strong>episcopus,</strong></span> <span class='ocrx_word' id='word_1_477' title='bbox 1582 3279 1627 3352; x_wconf 91' lang='lat' dir='ltr'><strong>qui</strong></span> <span class='ocrx_word' id='word_1_478' title='bbox 1644 3281 1679 3336; x_wconf 92' lang='lat' dir='ltr'><strong>ad</strong></span> <span class='ocrx_word' id='word_1_479' title='bbox 1696 3296 1781 3351; x_wconf 86' lang='lat' dir='ltr'><strong>syno-</strong></span> 
     </span>
     <span class='ocr_line' id='line_1_36' title="bbox 129 3364 1782 3438; baseline -0.001 -14"><span class='ocrx_word' id='word_1_480' title='bbox 129 3368 256 3426; x_wconf 81' lang='lat' dir='ltr'><strong>Ecclesiae</strong></span> <span class='ocrx_word' id='word_1_481' title='bbox 271 3376 363 3423; x_wconf 86' lang='lat' dir='ltr'><strong>nostra</strong></span> <span class='ocrx_word' id='word_1_482' title='bbox 379 3367 539 3422; x_wconf 86' lang='lat' dir='ltr'><strong>assensione</strong></span> <span class='ocrx_word' id='word_1_483' title='bbox 553 3366 633 3437; x_wconf 91' lang='lat' dir='ltr'><strong>plene</strong></span> <span class='ocrx_word' id='word_1_484' title='bbox 647 3364 720 3436; x_wconf 87' lang='lat' dir='ltr'><strong>apud</strong></span> <span class='ocrx_word' id='word_1_485' title='bbox 734 3381 829 3421; x_wconf 90' lang='lat' dir='ltr'><strong>omnes</strong></span> <span class='ocrx_word' id='word_1_486' title='bbox 850 3364 929 3421; x_wconf 84' lang='lat' dir='ltr'><strong>iirma</strong></span> <span class='ocrx_word' id='word_1_487' title='bbox 981 3365 1046 3420; x_wconf 90' lang='lat' dir='ltr'><strong>dum</strong></span> <span class='ocrx_word' id='word_1_488' title='bbox 1069 3381 1124 3420; x_wconf 91' lang='lat' dir='ltr'><strong>non</strong></span> <span class='ocrx_word' id='word_1_489' title='bbox 1152 3367 1313 3433; x_wconf 88' lang='lat' dir='ltr'><strong>occurrerit,</strong></span> <span class='ocrx_word' id='word_1_490' title='bbox 1339 3367 1373 3422; x_wconf 94' lang='lat' dir='ltr'><strong>ad</strong></span> <span class='ocrx_word' id='word_1_491' title='bbox 1396 3367 1540 3438; x_wconf 87' lang='lat' dir='ltr'><strong>primatem</strong></span> <span class='ocrx_word' id='word_1_492' title='bbox 1567 3384 1647 3423; x_wconf 90' lang='lat' dir='ltr'><strong>suum</strong></span> <span class='ocrx_word' id='word_1_493' title='bbox 1672 3368 1782 3437; x_wconf 87' lang='lat' dir='ltr'><strong>jubetur</strong></span> 
     </span>
     <span class='ocr_line' id='line_1_37' title="bbox 128 3453 1782 3528; baseline 0.002 -18"><span class='ocrx_word' id='word_1_494' title='bbox 128 3464 280 3513; x_wconf 85' lang='lat' dir='ltr'><strong>teneantur.</strong></span> <span class='ocrx_word' id='word_1_495' title='bbox 308 3455 434 3512; x_wconf 88' lang='lat' dir='ltr'><strong>Universi</strong></span> <span class='ocrx_word' id='word_1_496' title='bbox 456 3454 577 3526; x_wconf 86' lang='lat' dir='ltr'><strong>episcopi</strong></span> <span class='ocrx_word' id='word_1_497' title='bbox 596 3453 722 3509; x_wconf 85' lang='lat' dir='ltr'><strong>dixerunt</strong></span> <span class='ocrx_word' id='word_1_498' title='bbox 740 3453 805 3509; x_wconf 92' lang='lat' dir='ltr'><strong>:Hic</strong></span> <span class='ocrx_word' id='word_1_499' title='bbox 820 3454 888 3511; x_wconf 91' lang='lat' dir='ltr'><strong>ordo</strong></span> <span class='ocrx_word' id='word_1_500' title='bbox 903 3461 930 3510; x_wconf 87' lang='lat' dir='ltr'><strong>et</strong></span> <span class='ocrx_word' id='word_1_501' title='bbox 980 3453 1113 3508; x_wconf 87' lang='lat' dir='ltr'><strong>rationem</strong></span> <span class='ocrx_word' id='word_1_502' title='bbox 1135 3454 1322 3525; x_wconf 88' lang='lat' dir='ltr'><strong>impedimenti</strong></span> <span class='ocrx_word' id='word_1_503' title='bbox 1344 3456 1386 3509; x_wconf 91' lang='lat' dir='ltr'><strong>sui</strong></span> <span class='ocrx_word' id='word_1_504' title='bbox 1408 3455 1533 3511; x_wconf 87' lang='lat' dir='ltr'><strong>reddere.</strong></span> <span class='ocrx_word' id='word_1_505' title='bbox 1559 3455 1594 3512; x_wconf 85' lang='lat' dir='ltr'><strong>Et</strong></span> <span class='ocrx_word' id='word_1_506' title='bbox 1616 3456 1638 3510; x_wconf 92' lang='lat' dir='ltr'><strong>si</strong></span> <span class='ocrx_word' id='word_1_507' title='bbox 1661 3456 1782 3528; x_wconf 86' lang='lat' dir='ltr'><strong>episcopi</strong></span> 
     </span>
     <span class='ocr_line' id='line_1_38' title="bbox 129 3541 1781 3616; baseline 0.001 -17"><span class='ocrx_word' id='word_1_508' title='bbox 129 3559 142 3599; x_wconf 90' lang='lat' dir='ltr'><strong>a</strong></span> <span class='ocrx_word' id='word_1_509' title='bbox 163 3545 293 3601; x_wconf 85' lang='lat' dir='ltr'><strong>Patribus</strong></span> <span class='ocrx_word' id='word_1_510' title='bbox 314 3552 340 3600; x_wconf 89' lang='lat' dir='ltr'><strong>et</strong></span> <span class='ocrx_word' id='word_1_511' title='bbox 355 3559 372 3598; x_wconf 89' lang='lat' dir='ltr'><strong>a</strong></span> <span class='ocrx_word' id='word_1_512' title='bbox 387 3543 534 3612; x_wconf 90' lang='lat' dir='ltr'><strong>majoribus</strong></span> <span class='ocrx_word' id='word_1_513' title='bbox 557 3550 682 3599; x_wconf 89' lang='lat' dir='ltr'><strong>servatus</strong></span> <span class='ocrx_word' id='word_1_514' title='bbox 705 3549 756 3608; x_wconf 89' lang='lat' dir='ltr'><strong>est,</strong></span> <span class='ocrx_word' id='word_1_515' title='bbox 780 3551 806 3597; x_wconf 89' lang='lat' dir='ltr'><strong>et</strong></span> <span class='ocrx_word' id='word_1_516' title='bbox 819 3556 836 3596; x_wconf 87' lang='lat' dir='ltr'><strong>a</strong></span> <span class='ocrx_word' id='word_1_517' title='bbox 850 3541 930 3598; x_wconf 90' lang='lat' dir='ltr'><strong>nobis</strong></span> <span class='ocrx_word' id='word_1_518' title='bbox 981 3542 1051 3597; x_wconf 88' lang='lat' dir='ltr'><strong>inter</strong></span> <span class='ocrx_word' id='word_1_519' title='bbox 1066 3558 1135 3613; x_wconf 92' lang='lat' dir='ltr'><strong>quos</strong></span> <span class='ocrx_word' id='word_1_520' title='bbox 1147 3558 1229 3598; x_wconf 89' lang='lat' dir='ltr'><strong>causa</strong></span> <span class='ocrx_word' id='word_1_521' title='bbox 1243 3552 1375 3610; x_wconf 90' lang='lat' dir='ltr'><strong>versatur,</strong></span> <span class='ocrx_word' id='word_1_522' title='bbox 1393 3543 1562 3599; x_wconf 86' lang='lat' dir='ltr'><strong>diversarum</strong></span> <span class='ocrx_word' id='word_1_523' title='bbox 1587 3553 1650 3600; x_wconf 89' lang='lat' dir='ltr'><strong>sunt</strong></span> <span class='ocrx_word' id='word_1_524' title='bbox 1670 3546 1781 3616; x_wconf 88' lang='lat' dir='ltr'><strong>provin·</strong></span> 
     </span>
     <span class='ocr_line' id='line_1_39' title="bbox 131 3630 1782 3704; baseline 0.001 -16"><span class='ocrx_word' id='word_1_525' title='bbox 131 3634 182 3690; x_wconf 85' lang='lat' dir='ltr'><strong>beo</strong></span> <span class='ocrx_word' id='word_1_526' title='bbox 196 3632 317 3704; x_wconf 92' lang='lat' dir='ltr'><strong>propitio</strong></span> <span class='ocrx_word' id='word_1_527' title='bbox 340 3630 502 3700; x_wconf 88' lang='lat' dir='ltr'><strong>servabitur,</strong></span> <span class='ocrx_word' id='word_1_528' title='bbox 527 3630 604 3687; x_wconf 87' lang='lat' dir='ltr'><strong>salvo</strong></span> <span class='ocrx_word' id='word_1_529' title='bbox 627 3630 781 3699; x_wconf 89' lang='lat' dir='ltr'><strong>etiamjure</strong></span> <span class='ocrx_word' id='word_1_530' title='bbox 796 3631 930 3701; x_wconf 88' lang='lat' dir='ltr'><strong>primatus</strong></span> <span class='ocrx_word' id='word_1_531' title='bbox 982 3630 1096 3697; x_wconf 89' lang='lat' dir='ltr'><strong>ciarum,</strong></span> <span class='ocrx_word' id='word_1_532' title='bbox 1121 3631 1168 3686; x_wconf 90' lang='lat' dir='ltr'><strong>ille</strong></span> <span class='ocrx_word' id='word_1_533' title='bbox 1191 3631 1293 3702; x_wconf 89' lang='lat' dir='ltr'><strong>primas</strong></span> <span class='ocrx_word' id='word_1_534' title='bbox 1316 3633 1397 3688; x_wconf 89' lang='lat' dir='ltr'><strong>debet</strong></span> <span class='ocrx_word' id='word_1_535' title='bbox 1417 3633 1524 3702; x_wconf 89' lang='lat' dir='ltr'><strong>judices</strong></span> <span class='ocrx_word' id='word_1_536' title='bbox 1547 3633 1624 3701; x_wconf 92' lang='lat' dir='ltr'><strong>dare,</strong></span> <span class='ocrx_word' id='word_1_537' title='bbox 1650 3634 1677 3689; x_wconf 93' lang='lat' dir='ltr'><strong>in</strong></span> <span class='ocrx_word' id='word_1_538' title='bbox 1705 3634 1782 3704; x_wconf 89' lang='lat' dir='ltr'><strong>cujus</strong></span> 
     </span>
     <span class='ocr_line' id='line_1_40' title="bbox 130 3719 1782 3795; baseline 0.002 -19"><span class='ocrx_word' id='word_1_539' title='bbox 130 3721 262 3778; x_wconf 79' lang='lat' dir='ltr'><strong>Numidiae</strong></span> <span class='ocrx_word' id='word_1_540' title='bbox 277 3730 304 3775; x_wconf 89' lang='lat' dir='ltr'><strong>et</strong></span> <span class='ocrx_word' id='word_1_541' title='bbox 320 3719 497 3775; x_wconf 77' lang='lat' dir='ltr'><strong>Mauritaniae.</strong></span> <span class='ocrx_word' id='word_1_542' title='bbox 516 3740 527 3768; x_wconf 77' lang='lat' dir='ltr'><strong>v</strong></span> <span class='ocrx_word' id='word_1_543' title='bbox 981 3719 1122 3790; x_wconf 86' lang='lat' dir='ltr'><strong>provincia</strong></span> <span class='ocrx_word' id='word_1_544' title='bbox 1146 3728 1187 3776; x_wconf 91' lang='lat' dir='ltr'><strong>est</strong></span> <span class='ocrx_word' id='word_1_545' title='bbox 1200 3720 1285 3789; x_wconf 89' lang='lat' dir='ltr'><strong>locus,</strong></span> <span class='ocrx_word' id='word_1_546' title='bbox 1302 3720 1336 3777; x_wconf 90' lang='lat' dir='ltr'><strong>de</strong></span> <span class='ocrx_word' id='word_1_547' title='bbox 1352 3738 1406 3794; x_wconf 90' lang='lat' dir='ltr'><strong>quo</strong></span> <span class='ocrx_word' id='word_1_548' title='bbox 1430 3723 1610 3791; x_wconf 88' lang='lat' dir='ltr'><strong>contenditur,</strong></span> <span class='ocrx_word' id='word_1_549' title='bbox 1627 3732 1653 3778; x_wconf 91' lang='lat' dir='ltr'><strong>et</strong></span> <span class='ocrx_word' id='word_1_550' title='bbox 1667 3723 1782 3795; x_wconf 83' lang='lat' dir='ltr'><strong>quaestio</strong></span> 
     </span>
    </p>
   </div>
   <div class='ocr_carea' id='block_1_3' title="bbox 132 3808 1785 5500">
    <p class='ocr_par' dir='ltr' id='par_1_3' title="bbox 132 3808 1785 5500">
     <span class='ocr_line' id='line_1_41' title="bbox 158 3808 1783 3897; baseline 0 -14"><span class='ocrx_word' id='word_1_551' title='bbox 158 3829 221 3884; x_wconf 82' lang='lat' dir='ltr'><strong>xv.</strong></span> <span class='ocrx_word' id='word_1_552' title='bbox 239 3828 275 3882; x_wconf 81' lang='lat' dir='ltr'><strong>m</strong></span> <span class='ocrx_word' id='word_1_553' title='bbox 288 3827 353 3882; x_wconf 82' lang='lat' dir='ltr'><strong>nem</strong></span> <span class='ocrx_word' id='word_1_554' title='bbox 367 3826 449 3881; x_wconf 71' lang='lat' dir='ltr'><strong>traam</strong></span> <span class='ocrx_word' id='word_1_555' title='bbox 468 3825 541 3881; x_wconf 79' lang='lat' dir='ltr'><strong>sant</strong></span> <span class='ocrx_word' id='word_1_556' title='bbox 560 3841 682 3881; x_wconf 77' lang='lat' dir='ltr'><strong>canones</strong></span> <span class='ocrx_word' id='word_1_557' title='bbox 701 3827 790 3897; x_wconf 71' lang='lat' dir='ltr'><strong>(conc.</strong></span> <span class='ocrx_word' id='word_1_558' title='bbox 812 3827 928 3883; x_wconf 71' lang='lat' dir='ltr'><strong>uatem.</strong></span> <span class='ocrx_word' id='word_1_559' title='bbox 981 3825 1030 3881; x_wconf 72' lang='lat' dir='ltr'><strong>rer</strong></span> <span class='ocrx_word' id='word_1_560' title='bbox 1044 3808 1188 3881; x_wconf 84' lang='lat' dir='ltr'><strong>episcopos</strong></span> <span class='ocrx_word' id='word_1_561' title='bbox 1209 3809 1315 3878; x_wconf 79' lang='lat' dir='ltr'><strong>iudices</strong></span> <span class='ocrx_word' id='word_1_562' title='bbox 1333 3810 1444 3879; x_wconf 78' lang='lat' dir='ltr'><strong>iubetur</strong></span> <span class='ocrx_word' id='word_1_563' title='bbox 1467 3810 1548 3879; x_wconf 76' lang='lat' dir='ltr'><strong>finiri,</strong></span> <span class='ocrx_word' id='word_1_564' title='bbox 1572 3812 1629 3869; x_wconf 79' lang='lat' dir='ltr'><strong>sive</strong></span> <span class='ocrx_word' id='word_1_565' title='bbox 1643 3827 1712 3883; x_wconf 81' lang='lat' dir='ltr'><strong>quos</strong></span> <span class='ocrx_word' id='word_1_566' title='bbox 1726 3813 1783 3883; x_wconf 77' lang='lat' dir='ltr'><strong>eri·</strong></span> 
     </span>
     <span class='ocr_line' id='line_1_42' title="bbox 133 3897 1783 3996; baseline 0.003 -27"><span class='ocrx_word' id='word_1_567' title='bbox 133 3932 151 3971; x_wconf 81' lang='grc' dir='ltr'>ε.</span> <span class='ocrx_word' id='word_1_568' title='bbox 166 3918 212 3988; x_wconf 86' lang='lat' dir='ltr'><strong>tt)</strong></span> <span class='ocrx_word' id='word_1_569' title='bbox 228 3934 236 3971; x_wconf 74' lang='grc' dir='ltr'>ι</span> <span class='ocrx_word' id='word_1_570' title='bbox 255 3937 267 3967; x_wconf 77' lang='grc' dir='ltr'>ι</span> <span class='ocrx_word' id='word_1_571' title='bbox 286 3915 389 3971; x_wconf 89' lang='lat' dir='ltr'><strong>Placuit</strong></span> <span class='ocrx_word' id='word_1_572' title='bbox 404 3923 433 3970; x_wconf 92' lang='lat' dir='ltr'><strong>ut</strong></span> <span class='ocrx_word' id='word_1_573' title='bbox 446 3914 601 3986; x_wconf 90' lang='lat' dir='ltr'><strong>quicunque</strong></span> <span class='ocrx_word' id='word_1_574' title='bbox 621 3915 751 3985; x_wconf 89' lang='lat' dir='ltr'><strong>deinceps</strong></span> <span class='ocrx_word' id='word_1_575' title='bbox 771 3915 932 3970; x_wconf 90' lang='lat' dir='ltr'><strong>ordinantur</strong></span> <span class='ocrx_word' id='word_1_576' title='bbox 981 3904 1068 3996; x_wconf 38' lang='lat'><strong>&amp;³¹⁸⁵</strong></span> <span class='ocrx_word' id='word_1_577' title='bbox 1083 3897 1218 3966; x_wconf 60' lang='lat' dir='ltr'><strong>dederim,</strong></span> <span class='ocrx_word' id='word_1_578' title='bbox 1235 3899 1292 3955; x_wconf 65' lang='lat' dir='ltr'><strong>Sive</strong></span> <span class='ocrx_word' id='word_1_579' title='bbox 1307 3915 1376 3971; x_wconf 72' lang='lat'><strong>&lt;1⁰⁰⁸</strong></span> <span class='ocrx_word' id='word_1_580' title='bbox 1389 3900 1466 3956; x_wconf 57' lang='lat' dir='ltr'><strong>luter</strong></span> <span class='ocrx_word' id='word_1_581' title='bbox 1479 3916 1509 3956; x_wconf 74' lang='lat'><strong>⁵0</strong></span> <span class='ocrx_word' id='word_1_582' title='bbox 1524 3910 1724 3973; x_wconf 59' lang='grc' dir='ltr'><strong>θθῦῆῑῑθΐθῦῑθὸ</strong></span> <span class='ocrx_word' id='word_1_583' title='bbox 1739 3900 1783 3958; x_wconf 66' lang='lat' dir='ltr'><strong>Vi·</strong></span> 
     </span>
     <span class='ocr_line' id='line_1_43' title="bbox 132 3988 1433 4077; baseline -0.001 -16"><span class='ocrx_word' id='word_1_584' title='bbox 132 4020 173 4075; x_wconf 84' lang='lat' dir='ltr'><strong>per</strong></span> <span class='ocrx_word' id='word_1_585' title='bbox 187 4003 347 4077; x_wconf 88' lang='lat' dir='ltr'><strong>provincias</strong></span> <span class='ocrx_word' id='word_1_586' title='bbox 361 4002 514 4067; x_wconf 83' lang='lat' dir='ltr'><strong>Africanas,</strong></span> <span class='ocrx_word' id='word_1_587' title='bbox 535 4003 640 4057; x_wconf 87' lang='lat' dir='ltr'><strong>litteras</strong></span> <span class='ocrx_word' id='word_1_588' title='bbox 661 4002 793 4074; x_wconf 86' lang='lat' dir='ltr'><strong>accipiant</strong></span> <span class='ocrx_word' id='word_1_589' title='bbox 809 4004 842 4058; x_wconf 91' lang='lat' dir='ltr'><strong>ab</strong></span> <span class='ocrx_word' id='word_1_590' title='bbox 857 4004 932 4059; x_wconf 90' lang='lat' dir='ltr'><strong>ordi·</strong></span> <span class='ocrx_word' id='word_1_591' title='bbox 982 4000 1058 4041; x_wconf 73' lang='lat'><strong>⁰¹⁰⁰⁵</strong></span> <span class='ocrx_word' id='word_1_592' title='bbox 1071 4003 1104 4042; x_wconf 78' lang='lat'><strong>⁰¹</strong></span> <span class='ocrx_word' id='word_1_593' title='bbox 1120 4003 1255 4043; x_wconf 66' lang='lat' dir='ltr'><strong>⁰0⁰⁸e¹¹⁵¹¹</strong></span> <span class='ocrx_word' id='word_1_594' title='bbox 1270 3988 1433 4060; x_wconf 61' lang='lat' dir='ltr'><strong>delegerim·</strong></span> 
     </span>
     <span class='ocr_line' id='line_1_44' title="bbox 134 4092 1784 4170; baseline 0.004 -23"><span class='ocrx_word' id='word_1_595' title='bbox 134 4094 269 4150; x_wconf 89' lang='lat' dir='ltr'><strong>natoribus</strong></span> <span class='ocrx_word' id='word_1_596' title='bbox 282 4092 350 4159; x_wconf 88' lang='lat' dir='ltr'><strong>suis,</strong></span> <span class='ocrx_word' id='word_1_597' title='bbox 367 4107 450 4147; x_wconf 89' lang='lat' dir='ltr'><strong>manu</strong></span> <span class='ocrx_word' id='word_1_598' title='bbox 461 4107 555 4148; x_wconf 90' lang='lat' dir='ltr'><strong>eorum</strong></span> <span class='ocrx_word' id='word_1_599' title='bbox 566 4092 745 4162; x_wconf 87' lang='lat' dir='ltr'><strong>conscriptas,</strong></span> <span class='ocrx_word' id='word_1_600' title='bbox 762 4092 931 4148; x_wconf 88' lang='lat' dir='ltr'><strong>continentes</strong></span> <span class='ocrx_word' id='word_1_601' title='bbox 1017 4093 1102 4149; x_wconf 86' lang='lat' dir='ltr'><strong>XVII.</strong></span> <span class='ocrx_word' id='word_1_602' title='bbox 1119 4093 1193 4150; x_wconf 92' lang='lat' dir='ltr'><strong>Ordo</strong></span> <span class='ocrx_word' id='word_1_603' title='bbox 1216 4102 1304 4150; x_wconf 88' lang='lat' dir='ltr'><strong>autem</strong></span> <span class='ocrx_word' id='word_1_604' title='bbox 1322 4111 1353 4151; x_wconf 93' lang='lat' dir='ltr'><strong>ac</strong></span> <span class='ocrx_word' id='word_1_605' title='bbox 1368 4096 1551 4170; x_wconf 86' lang='lat' dir='ltr'><strong>praerogativa</strong></span> <span class='ocrx_word' id='word_1_606' title='bbox 1573 4096 1709 4168; x_wconf 89' lang='lat' dir='ltr'><strong>prioratus</strong></span> <span class='ocrx_word' id='word_1_607' title='bbox 1729 4114 1784 4155; x_wconf 89' lang='lat' dir='ltr'><strong>non</strong></span> 
     </span>
     <span class='ocr_line' id='line_1_45' title="bbox 134 4179 1784 4251; baseline 0.002 -13"><span class='ocrx_word' id='word_1_608' title='bbox 134 4182 268 4238; x_wconf 85' lang='lat' dir='ltr'><strong>consulem</strong></span> <span class='ocrx_word' id='word_1_609' title='bbox 283 4188 309 4237; x_wconf 89' lang='lat' dir='ltr'><strong>et</strong></span> <span class='ocrx_word' id='word_1_610' title='bbox 320 4181 402 4248; x_wconf 92' lang='lat' dir='ltr'><strong>diem,</strong></span> <span class='ocrx_word' id='word_1_611' title='bbox 415 4189 443 4235; x_wconf 92' lang='lat' dir='ltr'><strong>ut</strong></span> <span class='ocrx_word' id='word_1_612' title='bbox 454 4179 528 4235; x_wconf 90' lang='lat' dir='ltr'><strong>nulla</strong></span> <span class='ocrx_word' id='word_1_613' title='bbox 538 4179 677 4236; x_wconf 83' lang='lat' dir='ltr'><strong>altercatio</strong></span> <span class='ocrx_word' id='word_1_614' title='bbox 687 4181 721 4235; x_wconf 89' lang='lat' dir='ltr'><strong>de</strong></span> <span class='ocrx_word' id='word_1_615' title='bbox 731 4181 932 4251; x_wconf 88' lang='lat' dir='ltr'><strong>posterioribus</strong></span> <span class='ocrx_word' id='word_1_616' title='bbox 982 4181 1071 4235; x_wconf 89' lang='lat' dir='ltr'><strong>solum</strong></span> <span class='ocrx_word' id='word_1_617' title='bbox 1094 4182 1243 4238; x_wconf 89' lang='lat' dir='ltr'><strong>secundum</strong></span> <span class='ocrx_word' id='word_1_618' title='bbox 1272 4198 1365 4239; x_wconf 90' lang='lat' dir='ltr'><strong>sacros</strong></span> <span class='ocrx_word' id='word_1_619' title='bbox 1387 4200 1505 4240; x_wconf 89' lang='lat' dir='ltr'><strong>canones</strong></span> <span class='ocrx_word' id='word_1_620' title='bbox 1528 4192 1555 4240; x_wconf 89' lang='grc' dir='ltr'><strong>ει</strong></span> <span class='ocrx_word' id='word_1_621' title='bbox 1578 4185 1687 4241; x_wconf 88' lang='lat' dir='ltr'><strong>decreta</strong></span> <span class='ocrx_word' id='word_1_622' title='bbox 1709 4186 1784 4242; x_wconf 89' lang='lat' dir='ltr'><strong>sedis</strong></span> 
     </span>
     <span class='ocr_line' id='line_1_46' title="bbox 135 4268 1783 4344; baseline 0.005 -22"><span class='ocrx_word' id='word_1_623' title='bbox 135 4272 166 4326; x_wconf 86' lang='lat' dir='ltr'><strong>vel</strong></span> <span class='ocrx_word' id='word_1_624' title='bbox 181 4269 369 4326; x_wconf 84' lang='lat' dir='ltr'><strong>anterioribus</strong></span> <span class='ocrx_word' id='word_1_625' title='bbox 391 4269 501 4325; x_wconf 85' lang='lat' dir='ltr'><strong>oriatur.</strong></span> <span class='ocrx_word' id='word_1_626' title='bbox 527 4268 604 4325; x_wconf 90' lang='lat' dir='ltr'><strong>Unde</strong></span> <span class='ocrx_word' id='word_1_627' title='bbox 623 4269 759 4341; x_wconf 78' lang='lat' dir='ltr'><strong>Pelagius,</strong></span> <span class='ocrx_word' id='word_1_628' title='bbox 775 4277 932 4325; x_wconf 89' lang='lat' dir='ltr'><strong>antecessor</strong></span> <span class='ocrx_word' id='word_1_629' title='bbox 982 4269 1111 4325; x_wconf 85' lang='lat' dir='ltr'><strong>Romanae</strong></span> <span class='ocrx_word' id='word_1_630' title='bbox 1124 4269 1292 4340; x_wconf 91' lang='lat' dir='ltr'><strong>pontiticum,</strong></span> <span class='ocrx_word' id='word_1_631' title='bbox 1309 4271 1380 4326; x_wconf 91' lang='lat' dir='ltr'><strong>inter</strong></span> <span class='ocrx_word' id='word_1_632' title='bbox 1403 4273 1546 4344; x_wconf 90' lang='lat' dir='ltr'><strong>episcopos</strong></span> <span class='ocrx_word' id='word_1_633' title='bbox 1561 4282 1603 4329; x_wconf 90' lang='lat' dir='ltr'><strong>est</strong></span> <span class='ocrx_word' id='word_1_634' title='bbox 1617 4289 1783 4330; x_wconf 87' lang='lat' dir='ltr'><strong>conservan-</strong></span> 
     </span>
     <span class='ocr_line' id='line_1_47' title="bbox 135 4357 1782 4432; baseline 0.004 -20"><span class='ocrx_word' id='word_1_635' title='bbox 135 4360 211 4415; x_wconf 87' lang='lat' dir='ltr'><strong>sancti</strong></span> <span class='ocrx_word' id='word_1_636' title='bbox 226 4357 368 4431; x_wconf 86' lang='lat' dir='ltr'><strong>Gregorii,</strong></span> <span class='ocrx_word' id='word_1_637' title='bbox 384 4357 419 4413; x_wconf 94' lang='lat' dir='ltr'><strong>ad</strong></span> <span class='ocrx_word' id='word_1_638' title='bbox 435 4357 637 4412; x_wconf 89' lang='lat' dir='ltr'><strong>Childebertum</strong></span> <span class='ocrx_word' id='word_1_639' title='bbox 654 4373 748 4428; x_wconf 90' lang='lat' dir='ltr'><strong>regem</strong></span> <span class='ocrx_word' id='word_1_640' title='bbox 764 4357 931 4414; x_wconf 82' lang='lat' dir='ltr'><strong>Francorum</strong></span> <span class='ocrx_word' id='word_1_641' title='bbox 982 4357 1043 4424; x_wconf 91' lang='lat' dir='ltr'><strong>dus,</strong></span> <span class='ocrx_word' id='word_1_642' title='bbox 1060 4373 1156 4413; x_wconf 90' lang='lat' dir='ltr'><strong>verum</strong></span> <span class='ocrx_word' id='word_1_643' title='bbox 1169 4366 1195 4414; x_wconf 91' lang='lat' dir='ltr'><strong>et</strong></span> <span class='ocrx_word' id='word_1_644' title='bbox 1210 4359 1282 4414; x_wconf 87' lang='lat' dir='ltr'><strong>inter</strong></span> <span class='ocrx_word' id='word_1_645' title='bbox 1294 4361 1481 4432; x_wconf 84' lang='lat' dir='ltr'><strong>presbyteros,</strong></span> <span class='ocrx_word' id='word_1_646' title='bbox 1505 4360 1575 4417; x_wconf 90' lang='lat' dir='ltr'><strong>sicut</strong></span> <span class='ocrx_word' id='word_1_647' title='bbox 1599 4370 1711 4419; x_wconf 90' lang='lat' dir='ltr'><strong>sanctus</strong></span> <span class='ocrx_word' id='word_1_648' title='bbox 1726 4363 1782 4419; x_wconf 90' lang='lat' dir='ltr'><strong>Leo</strong></span> 
     </span>
     <span class='ocr_line' id='line_1_48' title="bbox 136 4439 1782 4519; baseline 0.002 -16"><span class='ocrx_word' id='word_1_649' title='bbox 136 4447 221 4503; x_wconf 77' lang='lat' dir='ltr'><strong>scribit</strong></span> <span class='ocrx_word' id='word_1_650' title='bbox 230 4447 269 4503; x_wconf 88' lang='lat' dir='ltr'><strong>de</strong></span> <span class='ocrx_word' id='word_1_651' title='bbox 280 4446 408 4516; x_wconf 89' lang='lat' dir='ltr'><strong>Sapaudo</strong></span> <span class='ocrx_word' id='word_1_652' title='bbox 418 4445 571 4500; x_wconf 86' lang='lat' dir='ltr'><strong>Arelatensi</strong></span> <span class='ocrx_word' id='word_1_653' title='bbox 579 4445 783 4516; x_wconf 89' lang='lat' dir='ltr'><strong>archiepiscopo</strong></span> <span class='ocrx_word' id='word_1_654' title='bbox 792 4447 897 4519; x_wconf 64' lang='lat' dir='ltr'><strong>(Pelas.</strong></span> <span class='ocrx_word' id='word_1_655' title='bbox 908 4446 929 4515; x_wconf 89' lang='grc' dir='ltr'><strong>Ι,</strong></span> <span class='ocrx_word' id='word_1_656' title='bbox 945 4439 972 4502; x_wconf 89' lang='lat' dir='ltr'>D</span> <span class='ocrx_word' id='word_1_657' title='bbox 984 4446 1012 4500; x_wconf 92' lang='lat' dir='ltr'><strong>in</strong></span> <span class='ocrx_word' id='word_1_658' title='bbox 1026 4446 1157 4502; x_wconf 87' lang='lat' dir='ltr'><strong>decretali</strong></span> <span class='ocrx_word' id='word_1_659' title='bbox 1173 4463 1221 4502; x_wconf 90' lang='lat' dir='ltr'><strong>sua</strong></span> <span class='ocrx_word' id='word_1_660' title='bbox 1236 4449 1351 4519; x_wconf 87' lang='lat' dir='ltr'><strong>epistola</strong></span> <span class='ocrx_word' id='word_1_661' title='bbox 1365 4449 1400 4504; x_wconf 89' lang='lat' dir='ltr'><strong>ad</strong></span> <span class='ocrx_word' id='word_1_662' title='bbox 1415 4451 1518 4505; x_wconf 90' lang='lat' dir='ltr'><strong>Dorum</strong></span> <span class='ocrx_word' id='word_1_663' title='bbox 1532 4451 1728 4506; x_wconf 71' lang='lat' dir='ltr'><strong>Beneventanis</strong></span> <span class='ocrx_word' id='word_1_664' title='bbox 1743 4450 1782 4506; x_wconf 92' lang='lat' dir='ltr'><strong>ci·</strong></span> 
     </span>
     <span class='ocr_line' id='line_1_49' title="bbox 136 4533 1781 4610; baseline 0.004 -23"><span class='ocrx_word' id='word_1_665' title='bbox 136 4539 206 4606; x_wconf 80' lang='lat' dir='ltr'><strong>epist.</strong></span> <span class='ocrx_word' id='word_1_666' title='bbox 225 4535 283 4607; x_wconf 86' lang='lat' dir='ltr'><strong>ll),</strong></span> <span class='ocrx_word' id='word_1_667' title='bbox 300 4534 447 4607; x_wconf 91' lang='lat' dir='ltr'><strong>increpans</strong></span> <span class='ocrx_word' id='word_1_668' title='bbox 469 4548 541 4601; x_wconf 89' lang='lat' dir='ltr'><strong>eum,</strong></span> <span class='ocrx_word' id='word_1_669' title='bbox 557 4541 587 4588; x_wconf 92' lang='lat' dir='ltr'><strong>ut</strong></span> <span class='ocrx_word' id='word_1_670' title='bbox 602 4533 687 4605; x_wconf 88' lang='lat' dir='ltr'><strong>ipsius</strong></span> <span class='ocrx_word' id='word_1_671' title='bbox 702 4534 793 4590; x_wconf 89' lang='lat' dir='ltr'><strong>verbis</strong></span> <span class='ocrx_word' id='word_1_672' title='bbox 814 4544 930 4601; x_wconf 90' lang='lat' dir='ltr'><strong>utamur,</strong></span> <span class='ocrx_word' id='word_1_673' title='bbox 983 4535 1072 4591; x_wconf 87' lang='lat' dir='ltr'><strong>vitatis</strong></span> <span class='ocrx_word' id='word_1_674' title='bbox 1085 4535 1255 4607; x_wconf 88' lang='lat' dir='ltr'><strong>episcopum,</strong></span> <span class='ocrx_word' id='word_1_675' title='bbox 1271 4554 1304 4593; x_wconf 85' lang='lat' dir='ltr'><strong>ex</strong></span> <span class='ocrx_word' id='word_1_676' title='bbox 1318 4537 1422 4594; x_wconf 89' lang='lat' dir='ltr'><strong>eisdem</strong></span> <span class='ocrx_word' id='word_1_677' title='bbox 1446 4538 1529 4595; x_wconf 87' lang='lat' dir='ltr'><strong>sacris</strong></span> <span class='ocrx_word' id='word_1_678' title='bbox 1551 4538 1702 4594; x_wconf 90' lang='lat' dir='ltr'><strong>canonibus</strong></span> <span class='ocrx_word' id='word_1_679' title='bbox 1717 4554 1781 4610; x_wconf 91' lang='lat' dir='ltr'><strong>pro·</strong></span> 
     </span>
     <span class='ocr_line' id='line_1_50' title="bbox 136 4622 1782 4698; baseline 0.001 -17"><span class='ocrx_word' id='word_1_680' title='bbox 136 4624 255 4693; x_wconf 81' lang='lat' dir='ltr'><strong>quoniam</strong></span> <span class='ocrx_word' id='word_1_681' title='bbox 280 4623 316 4680; x_wconf 93' lang='lat' dir='ltr'><strong>ad</strong></span> <span class='ocrx_word' id='word_1_682' title='bbox 335 4622 494 4695; x_wconf 89' lang='lat' dir='ltr'><strong>petitionem</strong></span> <span class='ocrx_word' id='word_1_683' title='bbox 518 4622 639 4693; x_wconf 88' lang='lat' dir='ltr'><strong>episcopi</strong></span> <span class='ocrx_word' id='word_1_684' title='bbox 655 4622 690 4677; x_wconf 90' lang='lat' dir='ltr'><strong>ab</strong></span> <span class='ocrx_word' id='word_1_685' title='bbox 712 4638 745 4678; x_wconf 91' lang='lat' dir='ltr'><strong>eo</strong></span> <span class='ocrx_word' id='word_1_686' title='bbox 764 4623 882 4679; x_wconf 91' lang='lat' dir='ltr'><strong>ordinati</strong></span> <span class='ocrx_word' id='word_1_687' title='bbox 904 4623 932 4677; x_wconf 94' lang='lat' dir='ltr'><strong>in</strong></span> <span class='ocrx_word' id='word_1_688' title='bbox 982 4623 1113 4696; x_wconf 86' lang='lat' dir='ltr'><strong>mulgata,</strong></span> <span class='ocrx_word' id='word_1_689' title='bbox 1130 4624 1201 4680; x_wconf 90' lang='lat' dir='ltr'><strong>inter</strong></span> <span class='ocrx_word' id='word_1_690' title='bbox 1214 4632 1314 4682; x_wconf 82' lang='lat' dir='ltr'><strong>caetera</strong></span> <span class='ocrx_word' id='word_1_691' title='bbox 1327 4626 1391 4683; x_wconf 92' lang='lat' dir='ltr'><strong>dicit</strong></span> <span class='ocrx_word' id='word_1_692' title='bbox 1406 4627 1441 4682; x_wconf 92' lang='lat' dir='ltr'><strong>ad</strong></span> <span class='ocrx_word' id='word_1_693' title='bbox 1455 4627 1545 4683; x_wconf 92' lang='lat' dir='ltr'><strong>locum</strong></span> <span class='ocrx_word' id='word_1_694' title='bbox 1559 4628 1653 4698; x_wconf 83' lang='lat' dir='ltr'><strong>(epist.</strong></span> <span class='ocrx_word' id='word_1_695' title='bbox 1667 4627 1714 4698; x_wconf 73' lang='lat' dir='ltr'><strong>st:</strong></span> <span class='ocrx_word' id='word_1_696' title='bbox 1731 4626 1782 4683; x_wconf 77' lang='lat' dir='ltr'><strong>«Si</strong></span> 
     </span>
     <span class='ocr_line' id='line_1_51' title="bbox 136 4710 1783 4786; baseline 0.004 -20"><span class='ocrx_word' id='word_1_697' title='bbox 136 4711 276 4781; x_wconf 86' lang='lat' dir='ltr'><strong>judicium,</strong></span> <span class='ocrx_word' id='word_1_698' title='bbox 293 4711 435 4783; x_wconf 87' lang='lat' dir='ltr'><strong>sequentis</strong></span> <span class='ocrx_word' id='word_1_699' title='bbox 460 4711 577 4767; x_wconf 89' lang='lat' dir='ltr'><strong>civitatis</strong></span> <span class='ocrx_word' id='word_1_700' title='bbox 601 4710 737 4782; x_wconf 89' lang='lat' dir='ltr'><strong>episcopi,</strong></span> <span class='ocrx_word' id='word_1_701' title='bbox 764 4712 835 4784; x_wconf 88' lang='lat' dir='ltr'><strong>quod</strong></span> <span class='ocrx_word' id='word_1_702' title='bbox 860 4711 934 4767; x_wconf 90' lang='lat' dir='ltr'><strong>nulla</strong></span> <span class='ocrx_word' id='word_1_703' title='bbox 982 4712 1126 4769; x_wconf 88' lang='lat' dir='ltr'><strong>ambientis</strong></span> <span class='ocrx_word' id='word_1_704' title='bbox 1140 4713 1263 4784; x_wconf 91' lang='lat' dir='ltr'><strong>intentio,</strong></span> <span class='ocrx_word' id='word_1_705' title='bbox 1280 4724 1327 4772; x_wconf 90' lang='lat' dir='ltr'><strong>aut</strong></span> <span class='ocrx_word' id='word_1_706' title='bbox 1340 4715 1464 4786; x_wconf 87' lang='lat' dir='ltr'><strong>imperita</strong></span> <span class='ocrx_word' id='word_1_707' title='bbox 1478 4714 1624 4771; x_wconf 79' lang='lat' dir='ltr'><strong>faventium</strong></span> <span class='ocrx_word' id='word_1_708' title='bbox 1640 4715 1738 4786; x_wconf 89' lang='lat' dir='ltr'><strong>studia,</strong></span> <span class='ocrx_word' id='word_1_709' title='bbox 1754 4715 1783 4772; x_wconf 93' lang='lat' dir='ltr'><strong>id</strong></span> 
     </span>
     <span class='ocr_line' id='line_1_52' title="bbox 138 4800 1784 4875; baseline 0.005 -23"><span class='ocrx_word' id='word_1_710' title='bbox 138 4801 316 4858; x_wconf 83' lang='lat' dir='ltr'><strong>ecclesiastica</strong></span> <span class='ocrx_word' id='word_1_711' title='bbox 332 4800 394 4872; x_wconf 88' lang='lat' dir='ltr'><strong>lege</strong></span> <span class='ocrx_word' id='word_1_712' title='bbox 409 4808 436 4856; x_wconf 89' lang='grc' dir='ltr'><strong>ει</strong></span> <span class='ocrx_word' id='word_1_713' title='bbox 450 4800 556 4855; x_wconf 88' lang='lat' dir='ltr'><strong>ratione</strong></span> <span class='ocrx_word' id='word_1_714' title='bbox 571 4800 739 4866; x_wconf 90' lang='lat' dir='ltr'><strong>conceditur,</strong></span> <span class='ocrx_word' id='word_1_715' title='bbox 753 4800 931 4868; x_wconf 78' lang='lat' dir='ltr'><strong>iudicandum</strong></span> <span class='ocrx_word' id='word_1_716' title='bbox 983 4801 1057 4872; x_wconf 91' lang='lat' dir='ltr'><strong>quod</strong></span> <span class='ocrx_word' id='word_1_717' title='bbox 1080 4818 1220 4875; x_wconf 89' lang='lat' dir='ltr'><strong>nunquam</strong></span> <span class='ocrx_word' id='word_1_718' title='bbox 1244 4805 1338 4859; x_wconf 87' lang='lat' dir='ltr'><strong>habuit</strong></span> <span class='ocrx_word' id='word_1_719' title='bbox 1360 4803 1547 4870; x_wconf 89' lang='lat' dir='ltr'><strong>consuetudo,</strong></span> <span class='ocrx_word' id='word_1_720' title='bbox 1571 4804 1730 4874; x_wconf 87' lang='lat' dir='ltr'><strong>poscebant,</strong></span> <span class='ocrx_word' id='word_1_721' title='bbox 1754 4812 1784 4861; x_wconf 92' lang='lat' dir='ltr'><strong>ut</strong></span> 
     </span>
     <span class='ocr_line' id='line_1_53' title="bbox 136 4886 1780 4966; baseline 0.004 -23"><span class='ocrx_word' id='word_1_722' title='bbox 136 4886 259 4953; x_wconf 84' lang='lat' dir='ltr'><strong>juberetis</strong></span> <span class='ocrx_word' id='word_1_723' title='bbox 282 4904 439 4956; x_wconf 88' lang='lat' dir='ltr'><strong>occurrere,</strong></span> <span class='ocrx_word' id='word_1_724' title='bbox 457 4895 487 4943; x_wconf 92' lang='lat' dir='ltr'><strong>ut</strong></span> <span class='ocrx_word' id='word_1_725' title='bbox 501 4888 561 4959; x_wconf 91' lang='lat' dir='ltr'><strong>ipso</strong></span> <span class='ocrx_word' id='word_1_726' title='bbox 585 4889 619 4943; x_wconf 92' lang='lat' dir='ltr'><strong>de</strong></span> <span class='ocrx_word' id='word_1_727' title='bbox 642 4887 801 4945; x_wconf 91' lang='lat' dir='ltr'><strong>conculcato</strong></span> <span class='ocrx_word' id='word_1_728' title='bbox 822 4889 874 4946; x_wconf 91' lang='lat' dir='ltr'><strong>loci</strong></span> <span class='ocrx_word' id='word_1_729' title='bbox 889 4889 932 4944; x_wconf 92' lang='lat' dir='ltr'><strong>sui</strong></span> <span class='ocrx_word' id='word_1_730' title='bbox 982 4890 1115 4961; x_wconf 90' lang='lat' dir='ltr'><strong>incipiens</strong></span> <span class='ocrx_word' id='word_1_731' title='bbox 1130 4892 1253 4958; x_wconf 90' lang='lat' dir='ltr'><strong>imeritis,</strong></span> <span class='ocrx_word' id='word_1_732' title='bbox 1271 4901 1297 4948; x_wconf 89' lang='lat' dir='ltr'><strong>et</strong></span> <span class='ocrx_word' id='word_1_733' title='bbox 1311 4891 1436 4948; x_wconf 89' lang='lat' dir='ltr'><strong>novellus</strong></span> <span class='ocrx_word' id='word_1_734' title='bbox 1454 4891 1628 4962; x_wconf 71' lang='lat' dir='ltr'><strong>praeferretur</strong></span> <span class='ocrx_word' id='word_1_735' title='bbox 1651 4893 1780 4966; x_wconf 88' lang='lat' dir='ltr'><strong>antiquis,</strong></span> 
     </span>
     <span class='ocr_line' id='line_1_54' title="bbox 137 4976 1780 5054; baseline 0.004 -21"><span class='ocrx_word' id='word_1_736' title='bbox 137 4976 286 5047; x_wconf 70' lang='lat' dir='ltr'><strong>prejudicio</strong></span> <span class='ocrx_word' id='word_1_737' title='bbox 301 4984 496 5049; x_wconf 88' lang='lat' dir='ltr'><strong>conquerente,</strong></span> <span class='ocrx_word' id='word_1_738' title='bbox 507 4976 582 5033; x_wconf 92' lang='lat' dir='ltr'><strong>illum</strong></span> <span class='ocrx_word' id='word_1_739' title='bbox 593 4976 639 5050; x_wconf 93' lang='lat' dir='ltr'><strong>qui</strong></span> <span class='ocrx_word' id='word_1_740' title='bbox 649 4979 800 5049; x_wconf 90' lang='lat' dir='ltr'><strong>usurpavit,</strong></span> <span class='ocrx_word' id='word_1_741' title='bbox 817 4993 932 5034; x_wconf 88' lang='lat' dir='ltr'><strong>necesse</strong></span> <span class='ocrx_word' id='word_1_742' title='bbox 982 4986 1035 5036; x_wconf 75' lang='lat' dir='ltr'><strong>tuas</strong></span> <span class='ocrx_word' id='word_1_743' title='bbox 1049 4979 1138 5036; x_wconf 83' lang='lat' dir='ltr'><strong>fuerat</strong></span> <span class='ocrx_word' id='word_1_744' title='bbox 1159 4981 1300 5037; x_wconf 71' lang='lat' dir='ltr'><strong>industriae</strong></span> <span class='ocrx_word' id='word_1_745' title='bbox 1314 4987 1393 5052; x_wconf 89' lang='lat' dir='ltr'><strong>atque</strong></span> <span class='ocrx_word' id='word_1_746' title='bbox 1407 4980 1547 5049; x_wconf 79' lang='lat' dir='ltr'><strong>doctrina,</strong></span> <span class='ocrx_word' id='word_1_747' title='bbox 1564 4989 1592 5038; x_wconf 92' lang='lat' dir='ltr'><strong>ut</strong></span> <span class='ocrx_word' id='word_1_748' title='bbox 1606 4983 1705 5053; x_wconf 84' lang='lat' dir='ltr'><strong>injuste</strong></span> <span class='ocrx_word' id='word_1_749' title='bbox 1727 4999 1780 5054; x_wconf 88' lang='lat' dir='ltr'><strong>pe·</strong></span> 
     </span>
     <span class='ocr_line' id='line_1_55' title="bbox 138 5058 1783 5141; baseline 0.006 -24"><span class='ocrx_word' id='word_1_750' title='bbox 138 5064 163 5119; x_wconf 86' lang='lat' dir='ltr'><strong>sit</strong></span> <span class='ocrx_word' id='word_1_751' title='bbox 183 5066 217 5122; x_wconf 90' lang='lat' dir='ltr'><strong>de</strong></span> <span class='ocrx_word' id='word_1_752' title='bbox 240 5066 336 5122; x_wconf 88' lang='lat' dir='ltr'><strong>illicita</strong></span> <span class='ocrx_word' id='word_1_753' title='bbox 358 5065 569 5137; x_wconf 66' lang='lat' dir='ltr'><strong>presumptione</strong></span> <span class='ocrx_word' id='word_1_754' title='bbox 594 5065 709 5136; x_wconf 91' lang='lat' dir='ltr'><strong>culpari.</strong></span> <span class='ocrx_word' id='word_1_755' title='bbox 733 5087 744 5116; x_wconf 72' lang='lat' dir='ltr'><strong>r</strong></span> <span class='ocrx_word' id='word_1_756' title='bbox 765 5066 800 5121; x_wconf 87' lang='grc' dir='ltr'>Ει</span> <span class='ocrx_word' id='word_1_757' title='bbox 823 5075 932 5123; x_wconf 89' lang='lat' dir='ltr'><strong>sanctus</strong></span> <span class='ocrx_word' id='word_1_758' title='bbox 982 5068 1095 5124; x_wconf 82' lang='lat' dir='ltr'><strong>lentium</strong></span> <span class='ocrx_word' id='word_1_759' title='bbox 1114 5069 1250 5127; x_wconf 89' lang='lat' dir='ltr'><strong>desideria</strong></span> <span class='ocrx_word' id='word_1_760' title='bbox 1273 5058 1425 5125; x_wconf 86' lang='lat' dir='ltr'><strong>rationabili</strong></span> <span class='ocrx_word' id='word_1_761' title='bbox 1449 5070 1607 5128; x_wconf 88' lang='lat' dir='ltr'><strong>auctoritate</strong></span> <span class='ocrx_word' id='word_1_762' title='bbox 1631 5072 1783 5141; x_wconf 89' lang='lat' dir='ltr'><strong>cohiberes,</strong></span> 
     </span>
     <span class='ocr_line' id='line_1_56' title="bbox 139 5151 1783 5231; baseline 0.005 -22"><span class='ocrx_word' id='word_1_763' title='bbox 139 5151 279 5227; x_wconf 82' lang='lat' dir='ltr'><strong>Gregorius</strong></span> <span class='ocrx_word' id='word_1_764' title='bbox 294 5153 503 5228; x_wconf 86' lang='lat' dir='ltr'><strong>vigilantissime</strong></span> <span class='ocrx_word' id='word_1_765' title='bbox 518 5154 620 5210; x_wconf 90' lang='lat' dir='ltr'><strong>servari</strong></span> <span class='ocrx_word' id='word_1_766' title='bbox 645 5154 768 5212; x_wconf 90' lang='lat' dir='ltr'><strong>decrevit</strong></span> <span class='ocrx_word' id='word_1_767' title='bbox 790 5161 818 5210; x_wconf 92' lang='lat' dir='ltr'><strong>ut</strong></span> <span class='ocrx_word' id='word_1_768' title='bbox 841 5163 932 5228; x_wconf 89' lang='lat' dir='ltr'><strong>poste·</strong></span> <span class='ocrx_word' id='word_1_769' title='bbox 982 5172 1017 5212; x_wconf 91' lang='lat' dir='ltr'><strong>ne</strong></span> <span class='ocrx_word' id='word_1_770' title='bbox 1032 5174 1112 5229; x_wconf 90' lang='lat' dir='ltr'><strong>quem</strong></span> <span class='ocrx_word' id='word_1_771' title='bbox 1126 5157 1153 5212; x_wconf 89' lang='lat' dir='ltr'><strong>in</strong></span> <span class='ocrx_word' id='word_1_772' title='bbox 1169 5157 1327 5213; x_wconf 86' lang='lat' dir='ltr'><strong>sacerdotali</strong></span> <span class='ocrx_word' id='word_1_773' title='bbox 1342 5174 1458 5230; x_wconf 87' lang='lat' dir='ltr'><strong>propere</strong></span> <span class='ocrx_word' id='word_1_774' title='bbox 1472 5160 1644 5231; x_wconf 88' lang='lat' dir='ltr'><strong>provehebas</strong></span> <span class='ocrx_word' id='word_1_775' title='bbox 1665 5161 1783 5228; x_wconf 84' lang='lat' dir='ltr'><strong>honore,</strong></span> 
     </span>
     <span class='ocr_line' id='line_1_57' title="bbox 138 5242 1785 5319; baseline 0.005 -23"><span class='ocrx_word' id='word_1_776' title='bbox 138 5242 215 5300; x_wconf 86' lang='lat' dir='ltr'><strong>riores</strong></span> <span class='ocrx_word' id='word_1_777' title='bbox 234 5259 266 5300; x_wconf 91' lang='lat' dir='ltr'><strong>se</strong></span> <span class='ocrx_word' id='word_1_778' title='bbox 280 5243 420 5315; x_wconf 86' lang='lat' dir='ltr'><strong>prioribus</strong></span> <span class='ocrx_word' id='word_1_779' title='bbox 434 5258 489 5298; x_wconf 92' lang='lat' dir='ltr'><strong>non</strong></span> <span class='ocrx_word' id='word_1_780' title='bbox 503 5242 657 5314; x_wconf 78' lang='lat' dir='ltr'><strong>praeierant,</strong></span> <span class='ocrx_word' id='word_1_781' title='bbox 676 5251 701 5298; x_wconf 93' lang='lat' dir='ltr'><strong>et</strong></span> <span class='ocrx_word' id='word_1_782' title='bbox 715 5252 744 5298; x_wconf 92' lang='lat' dir='ltr'><strong>ut</strong></span> <span class='ocrx_word' id='word_1_783' title='bbox 758 5243 847 5298; x_wconf 93' lang='lat' dir='ltr'><strong>nullus</strong></span> <span class='ocrx_word' id='word_1_784' title='bbox 870 5259 932 5299; x_wconf 91' lang='lat' dir='ltr'><strong>me·</strong></span> <span class='ocrx_word' id='word_1_785' title='bbox 983 5245 1018 5301; x_wconf 88' lang='lat' dir='ltr'><strong>ad</strong></span> <span class='ocrx_word' id='word_1_786' title='bbox 1032 5245 1156 5316; x_wconf 88' lang='lat' dir='ltr'><strong>injuriam</strong></span> <span class='ocrx_word' id='word_1_787' title='bbox 1172 5262 1263 5301; x_wconf 88' lang='lat' dir='ltr'><strong>eorum</strong></span> <span class='ocrx_word' id='word_1_788' title='bbox 1279 5246 1377 5319; x_wconf 90' lang='lat' dir='ltr'><strong>quibus</strong></span> <span class='ocrx_word' id='word_1_789' title='bbox 1399 5248 1552 5305; x_wconf 85' lang='lat' dir='ltr'><strong>sociabatur</strong></span> <span class='ocrx_word' id='word_1_790' title='bbox 1572 5247 1714 5318; x_wconf 89' lang='lat' dir='ltr'><strong>inciperet,</strong></span> <span class='ocrx_word' id='word_1_791' title='bbox 1729 5248 1785 5305; x_wconf 92' lang='lat' dir='ltr'><strong>mi·</strong></span> 
     </span>
     <span class='ocr_line' id='line_1_58' title="bbox 138 5330 1784 5408; baseline 0.005 -21"><span class='ocrx_word' id='word_1_792' title='bbox 138 5333 306 5404; x_wconf 86' lang='lat' dir='ltr'><strong>tropolitanus</strong></span> <span class='ocrx_word' id='word_1_793' title='bbox 320 5331 349 5387; x_wconf 91' lang='lat' dir='ltr'><strong>in</strong></span> <span class='ocrx_word' id='word_1_794' title='bbox 364 5330 478 5387; x_wconf 92' lang='lat' dir='ltr'><strong>alterius</strong></span> <span class='ocrx_word' id='word_1_795' title='bbox 499 5331 698 5403; x_wconf 85' lang='lat' dir='ltr'><strong>metropolitani</strong></span> <span class='ocrx_word' id='word_1_796' title='bbox 720 5330 870 5402; x_wconf 90' lang='lat' dir='ltr'><strong>provincia,</strong></span> <span class='ocrx_word' id='word_1_797' title='bbox 887 5332 932 5388; x_wconf 92' lang='lat' dir='ltr'><strong>in·</strong></span> <span class='ocrx_word' id='word_1_798' title='bbox 982 5350 1088 5406; x_wconf 88' lang='lat' dir='ltr'><strong>norque</strong></span> <span class='ocrx_word' id='word_1_799' title='bbox 1104 5350 1133 5388; x_wconf 89' lang='lat' dir='ltr'><strong>se</strong></span> <span class='ocrx_word' id='word_1_800' title='bbox 1149 5332 1235 5399; x_wconf 82' lang='lat' dir='ltr'><strong>tieret,</strong></span> <span class='ocrx_word' id='word_1_801' title='bbox 1253 5336 1317 5391; x_wconf 90' lang='lat' dir='ltr'><strong>dum</strong></span> <span class='ocrx_word' id='word_1_802' title='bbox 1331 5336 1358 5391; x_wconf 93' lang='lat' dir='ltr'><strong>in</strong></span> <span class='ocrx_word' id='word_1_803' title='bbox 1373 5337 1419 5394; x_wconf 88' lang='lat' dir='ltr'><strong>illo</strong></span> <span class='ocrx_word' id='word_1_804' title='bbox 1434 5354 1489 5393; x_wconf 91' lang='lat' dir='ltr'><strong>non</strong></span> <span class='ocrx_word' id='word_1_805' title='bbox 1507 5336 1666 5393; x_wconf 89' lang='lat' dir='ltr'><strong>humilitatis</strong></span> <span class='ocrx_word' id='word_1_806' title='bbox 1688 5337 1784 5408; x_wconf 90' lang='lat' dir='ltr'><strong>virtus,</strong></span> 
     </span>
     <span class='ocr_line' id='line_1_59' title="bbox 138 5419 1785 5500; baseline 0.005 -24"><span class='ocrx_word' id='word_1_807' title='bbox 138 5421 252 5478; x_wconf 83' lang='lat' dir='ltr'><strong>mnsulto</strong></span> <span class='ocrx_word' id='word_1_808' title='bbox 271 5437 305 5478; x_wconf 89' lang='lat' dir='ltr'><strong>eo</strong></span> <span class='ocrx_word' id='word_1_809' title='bbox 327 5420 460 5493; x_wconf 92' lang='lat' dir='ltr'><strong>quiddam</strong></span> <span class='ocrx_word' id='word_1_810' title='bbox 481 5420 550 5490; x_wconf 83' lang='lat' dir='ltr'><strong>iuris</strong></span> <span class='ocrx_word' id='word_1_811' title='bbox 569 5426 727 5491; x_wconf 85' lang='lat' dir='ltr'><strong>praesumat,</strong></span> <span class='ocrx_word' id='word_1_812' title='bbox 752 5420 873 5477; x_wconf 89' lang='lat' dir='ltr'><strong>scribens</strong></span> <span class='ocrx_word' id='word_1_813' title='bbox 898 5419 933 5477; x_wconf 88' lang='lat' dir='ltr'><strong>ad</strong></span> <span class='ocrx_word' id='word_1_814' title='bbox 983 5423 1032 5477; x_wconf 85' lang='lat' dir='ltr'><strong>sed</strong></span> <span class='ocrx_word' id='word_1_815' title='bbox 1048 5421 1173 5478; x_wconf 89' lang='lat' dir='ltr'><strong>elationis</strong></span> <span class='ocrx_word' id='word_1_816' title='bbox 1188 5423 1283 5480; x_wconf 90' lang='lat' dir='ltr'><strong>vitium</strong></span> <span class='ocrx_word' id='word_1_817' title='bbox 1298 5426 1478 5482; x_wconf 90' lang='lat' dir='ltr'><strong>roboraretur.</strong></span> <span class='ocrx_word' id='word_1_818' title='bbox 1494 5425 1590 5499; x_wconf 89' lang='lat' dir='ltr'><strong>Neque</strong></span> <span class='ocrx_word' id='word_1_819' title='bbox 1613 5425 1686 5483; x_wconf 82' lang='grc' dir='ltr'>ειιίιιι</span> <span class='ocrx_word' id='word_1_820' title='bbox 1704 5427 1785 5500; x_wconf 85' lang='lat' dir='ltr'><strong>igno·</strong></span> 
     </span>
    </p>
   </div>
   <div class='ocr_carea' id='block_1_4' title="bbox 137 5508 1782 5589">
    <p class='ocr_par' dir='ltr' id='par_1_4' title="bbox 137 5508 1782 5589">
     <span class='ocr_line' id='line_1_60' title="bbox 137 5508 1782 5589; baseline 0.004 -23"><span class='ocrx_word' id='word_1_821' title='bbox 137 5510 307 5584; x_wconf 72' lang='lat' dir='ltr'><strong>Augustulum</strong></span> <span class='ocrx_word' id='word_1_822' title='bbox 314 5509 470 5583; x_wconf 82' lang='lat' dir='ltr'><strong>Anglorum</strong></span> <span class='ocrx_word' id='word_1_823' title='bbox 478 5508 637 5583; x_wconf 87' lang='lat' dir='ltr'><strong>episcopum</strong></span> <span class='ocrx_word' id='word_1_824' title='bbox 644 5509 930 5586; x_wconf 53' lang='lat' dir='ltr'><strong>(interrogattorvetm</strong></span> <span class='ocrx_word' id='word_1_825' title='bbox 983 5511 1065 5569; x_wconf 89' lang='lat' dir='ltr'><strong>rabas</strong></span> <span class='ocrx_word' id='word_1_826' title='bbox 1078 5510 1180 5570; x_wconf 81' lang='lat' dir='ltr'><strong>dixisse</strong></span> <span class='ocrx_word' id='word_1_827' title='bbox 1194 5513 1351 5586; x_wconf 88' lang='lat' dir='ltr'><strong>Dominum,</strong></span> <span class='ocrx_word' id='word_1_828' title='bbox 1368 5514 1441 5589; x_wconf 87' lang='lat' dir='ltr'><strong>quod</strong></span> <span class='ocrx_word' id='word_1_829' title='bbox 1455 5514 1502 5588; x_wconf 89' lang='lat' dir='ltr'><strong>qui</strong></span> <span class='ocrx_word' id='word_1_830' title='bbox 1516 5529 1546 5573; x_wconf 86' lang='lat' dir='ltr'><strong>se</strong></span> <span class='ocrx_word' id='word_1_831' title='bbox 1562 5516 1685 5574; x_wconf 85' lang='lat' dir='ltr'><strong>humiliat</strong></span> <span class='ocrx_word' id='word_1_832' title='bbox 1709 5516 1782 5574; x_wconf 82' lang='lat' dir='ltr'><strong>exal-</strong></span> 
     </span>
    </p>
   </div>
   <div class='ocr_carea' id='block_1_5' title="bbox 0 0 1929 6100">
    <p class='ocr_par' dir='ltr' id='par_1_5' title="bbox 0 0 1929 6100">
     <span class='ocr_line' id='line_1_61' title="bbox 0 0 1929 6100; baseline 0 0"><span class='ocrx_word' id='word_1_833' title='bbox 0 0 1929 6100; x_wconf 95' lang='lat' dir='ltr'><strong> </strong></span> 
     </span>
    </p>
   </div>
  </div>
 </body>
</html>
