<?xml version="1.0" encoding="UTF-8"?>
<!DOCTYPE html PUBLIC "-//W3C//DTD XHTML 1.0 Transitional//EN"
    "http://www.w3.org/TR/xhtml1/DTD/xhtml1-transitional.dtd">
<html xmlns="http://www.w3.org/1999/xhtml" xml:lang="en" lang="en">
 <head>
  <title>
</title>
<meta http-equiv="Content-Type" content="text/html;charset=utf-8" />
  <meta name='ocr-system' content='tesseract 3.04.00' />
  <meta name='ocr-capabilities' content='ocr_page ocr_carea ocr_par ocr_line ocrx_word'/>
</head>
<body>
  <div class='ocr_page' id='page_1' title='image "./patrologiaecurs81unkngoog/patrologiaecurs81unkngoog_0150.png"; bbox 0 0 3794 6104; ppageno 0'>
   <div class='ocr_carea' id='block_1_1' title="bbox 50 208 1703 298">
    <p class='ocr_par' dir='ltr' id='par_1_1' title="bbox 50 208 1703 298">
     <span class='ocr_line' id='line_1_1' title="bbox 50 208 1703 298; baseline -0.019 -2"><span class='ocrx_word' id='word_1_1' title='bbox 50 241 102 298; x_wconf 74' lang='lat'><strong>289</strong></span> <span class='ocrx_word' id='word_1_2' title='bbox 434 226 554 287; x_wconf 87' lang='lat' dir='ltr'>OPUSC.</span> <span class='ocrx_word' id='word_1_3' title='bbox 570 226 616 282; x_wconf 86' lang='lat' dir='ltr'><strong>ET</strong></span> <span class='ocrx_word' id='word_1_4' title='bbox 630 222 739 281; x_wconf 71' lang='lat' dir='ltr'><strong>aelst.</strong></span> <span class='ocrx_word' id='word_1_5' title='bbox 756 222 793 278; x_wconf 87' lang='lat' dir='ltr'><strong>IN</strong></span> <span class='ocrx_word' id='word_1_6' title='bbox 807 220 921 277; x_wconf 71' lang='lat' dir='ltr'>CAUSA</span> <span class='ocrx_word' id='word_1_7' title='bbox 936 214 1107 274; x_wconf 76' lang='lat' dir='ltr'><strong>Htttctmttt</strong></span> <span class='ocrx_word' id='word_1_8' title='bbox 1122 212 1276 272; x_wconf 75' lang='lat' dir='ltr'><strong>thebert.</strong></span> <span class='ocrx_word' id='word_1_9' title='bbox 1649 208 1703 266; x_wconf 73' lang='lat'><strong>29⁰</strong></span> 
     </span>
    </p>
   </div>
   <div class='ocr_carea' id='block_1_2' title="bbox 51 328 1444 432">
    <p class='ocr_par' dir='ltr' id='par_1_2' title="bbox 51 328 1444 432">
     <span class='ocr_line' id='line_1_2' title="bbox 51 328 1444 432; baseline -0.008 -17"><span class='ocrx_word' id='word_1_10' title='bbox 51 361 85 415; x_wconf 87' lang='lat' dir='ltr'><strong>Et</strong></span> <span class='ocrx_word' id='word_1_11' title='bbox 99 360 170 432; x_wconf 91' lang='lat' dir='ltr'><strong>quis,</strong></span> <span class='ocrx_word' id='word_1_12' title='bbox 187 373 292 429; x_wconf 91' lang='lat' dir='ltr'><strong>proque</strong></span> <span class='ocrx_word' id='word_1_13' title='bbox 301 355 410 428; x_wconf 89' lang='lat' dir='ltr'><strong>quibus,</strong></span> <span class='ocrx_word' id='word_1_14' title='bbox 426 328 543 425; x_wconf 86' lang='lat' dir='ltr'><strong>propriis</strong></span> <span class='ocrx_word' id='word_1_15' title='bbox 558 350 674 407; x_wconf 89' lang='lat' dir='ltr'><strong>nudatus</strong></span> <span class='ocrx_word' id='word_1_16' title='bbox 688 348 723 404; x_wconf 91' lang='lat' dir='ltr'><strong>ad</strong></span> <span class='ocrx_word' id='word_1_17' title='bbox 733 347 789 404; x_wconf 88' lang='lat' dir='ltr'><strong>nlla</strong></span> <span class='ocrx_word' id='word_1_18' title='bbox 867 346 894 405; x_wconf 82' lang='lat' dir='ltr'><strong>h</strong></span> <span class='ocrx_word' id='word_1_19' title='bbox 1167 356 1326 418; x_wconf 79' lang='grc' dir='ltr'><em>ΗΙΝσΜ</em></span> <span class='ocrx_word' id='word_1_20' title='bbox 1326 355 1386 414; x_wconf 82' lang='lat' dir='ltr'><strong>AR</strong></span> <span class='ocrx_word' id='word_1_21' title='bbox 1393 353 1444 413; x_wconf 84' lang='lat' dir='ltr'><strong>US</strong></span> 
     </span>
    </p>
   </div>
   <div class='ocr_carea' id='block_1_3' title="bbox 55 438 1649 605">
    <p class='ocr_par' dir='ltr' id='par_1_3' title="bbox 55 438 1649 605">
     <span class='ocr_line' id='line_1_3' title="bbox 86 438 1649 521; baseline -0.016 12"><span class='ocrx_word' id='word_1_22' title='bbox 86 449 148 502; x_wconf 54' lang='grc' dir='ltr'><strong>ΝΜ</strong></span> <span class='ocrx_word' id='word_1_23' title='bbox 161 446 207 501; x_wconf 63' lang='lat'><strong>‘³⁰¹</strong></span> <span class='ocrx_word' id='word_1_24' title='bbox 222 459 395 516; x_wconf 62' lang='lat' dir='ltr'><strong>¹⁶⁵p⁰¹¹⁸¹¹¹¹b</strong></span> <span class='ocrx_word' id='word_1_25' title='bbox 412 458 473 498; x_wconf 61' lang='lat'><strong>⁰⁰⁸¹</strong></span> <span class='ocrx_word' id='word_1_26' title='bbox 483 439 562 496; x_wconf 55' lang='lat' dir='ltr'>suem</span> <span class='ocrx_word' id='word_1_27' title='bbox 577 438 704 503; x_wconf 64' lang='lat' dir='ltr'><strong>m⁰⁰i¹⁰32</strong></span> <span class='ocrx_word' id='word_1_28' title='bbox 948 480 973 520; x_wconf 86' lang='lat' dir='ltr'><strong>s.</strong></span> <span class='ocrx_word' id='word_1_29' title='bbox 989 478 1163 521; x_wconf 83' lang='lat' dir='ltr'><strong>xarnoronts</strong></span> <span class='ocrx_word' id='word_1_30' title='bbox 1178 476 1316 518; x_wconf 76' lang='lat' dir='ltr'><strong>scotasse</strong></span> <span class='ocrx_word' id='word_1_31' title='bbox 1330 473 1485 515; x_wconf 77' lang='lat' dir='ltr'><strong>naaaoxnx</strong></span> <span class='ocrx_word' id='word_1_32' title='bbox 1500 469 1649 511; x_wconf 81' lang='lat' dir='ltr'><strong>artscoetts</strong></span> 
     </span>
     <span class='ocr_line' id='line_1_4' title="bbox 55 529 675 605; baseline -0.016 -14"><span class='ocrx_word' id='word_1_33' title='bbox 55 536 156 591; x_wconf 84' lang='lat' dir='ltr'><strong>Iudicat</strong></span> <span class='ocrx_word' id='word_1_34' title='bbox 168 535 229 605; x_wconf 92' lang='lat' dir='ltr'><strong>ipsa</strong></span> <span class='ocrx_word' id='word_1_35' title='bbox 243 533 293 588; x_wconf 92' lang='lat' dir='ltr'><strong>tibi</strong></span> <span class='ocrx_word' id='word_1_36' title='bbox 308 530 450 586; x_wconf 75' lang='lat' dir='ltr'><strong>manifeste</strong></span> <span class='ocrx_word' id='word_1_37' title='bbox 463 529 561 601; x_wconf 83' lang='lat' dir='ltr'><strong>regula</strong></span> <span class='ocrx_word' id='word_1_38' title='bbox 574 535 675 592; x_wconf 90' lang='lat' dir='ltr'><strong>sancta,</strong></span> 
     </span>
    </p>
   </div>
   <div class='ocr_carea' id='block_1_4' title="bbox 38 617 1770 5275">
    <p class='ocr_par' dir='ltr' id='par_1_4' title="bbox 38 617 1770 5275">
     <span class='ocr_line' id='line_1_5' title="bbox 87 617 648 692; baseline -0.012 -15"><span class='ocrx_word' id='word_1_39' title='bbox 87 623 210 692; x_wconf 76' lang='lat' dir='ltr'><strong>Qualiter</strong></span> <span class='ocrx_word' id='word_1_40' title='bbox 224 621 267 676; x_wconf 91' lang='lat' dir='ltr'><strong>his</strong></span> <span class='ocrx_word' id='word_1_41' title='bbox 283 619 342 676; x_wconf 84' lang='lat' dir='ltr'><strong>fieri</strong></span> <span class='ocrx_word' id='word_1_42' title='bbox 358 618 466 675; x_wconf 91' lang='lat' dir='ltr'><strong>debitus</strong></span> <span class='ocrx_word' id='word_1_43' title='bbox 477 617 546 673; x_wconf 92' lang='lat' dir='ltr'><strong>ordo</strong></span> <span class='ocrx_word' id='word_1_44' title='bbox 557 622 648 688; x_wconf 80' lang='lat' dir='ltr'><strong>queat.</strong></span> 
     </span>
     <span class='ocr_line' id='line_1_6' title="bbox 56 703 767 782; baseline -0.018 -14"><span class='ocrx_word' id='word_1_45' title='bbox 56 713 82 769; x_wconf 86' lang='lat' dir='ltr'><strong>Si</strong></span> <span class='ocrx_word' id='word_1_46' title='bbox 95 711 171 782; x_wconf 76' lang='lat' dir='ltr'><strong>leges</strong></span> <span class='ocrx_word' id='word_1_47' title='bbox 188 710 285 779; x_wconf 87' lang='lat' dir='ltr'><strong>scires,</strong></span> <span class='ocrx_word' id='word_1_48' title='bbox 301 723 435 765; x_wconf 88' lang='lat' dir='ltr'><strong>canonum</strong></span> <span class='ocrx_word' id='word_1_49' title='bbox 449 722 516 778; x_wconf 91' lang='lat' dir='ltr'><strong>quas</strong></span> <span class='ocrx_word' id='word_1_50' title='bbox 527 714 627 760; x_wconf 88' lang='lat' dir='ltr'><strong>trames</strong></span> <span class='ocrx_word' id='word_1_51' title='bbox 641 703 767 770; x_wconf 91' lang='lat' dir='ltr'><strong>honorat,</strong></span> 
     </span>
     <span class='ocr_line' id='line_1_7' title="bbox 89 775 1396 871; baseline -0.008 -16"><span class='ocrx_word' id='word_1_52' title='bbox 89 799 236 871; x_wconf 85' lang='lat' dir='ltr'><strong>Perspicua</strong></span> <span class='ocrx_word' id='word_1_53' title='bbox 249 812 347 853; x_wconf 89' lang='lat' dir='ltr'><strong>nosses</strong></span> <span class='ocrx_word' id='word_1_54' title='bbox 362 812 423 868; x_wconf 75' lang='lat' dir='ltr'><strong>quae</strong></span> <span class='ocrx_word' id='word_1_55' title='bbox 437 794 507 849; x_wconf 90' lang='lat' dir='ltr'><strong>bene</strong></span> <span class='ocrx_word' id='word_1_56' title='bbox 520 800 619 850; x_wconf 89' lang='lat' dir='ltr'><strong>cuncta</strong></span> <span class='ocrx_word' id='word_1_57' title='bbox 632 798 733 863; x_wconf 88' lang='lat' dir='ltr'><strong>patent,</strong></span> <span class='ocrx_word' id='word_1_58' title='bbox 1206 775 1396 834; x_wconf 67' lang='lat' dir='ltr'>PRAEFATIO·</span> 
     </span>
     <span class='ocr_line' id='line_1_8' title="bbox 56 878 1707 957; baseline -0.004 -17"><span class='ocrx_word' id='word_1_59' title='bbox 56 890 87 945; x_wconf 81' lang='lat' dir='ltr'><strong>Et</strong></span> <span class='ocrx_word' id='word_1_60' title='bbox 98 896 127 942; x_wconf 94' lang='lat' dir='ltr'><strong>tu</strong></span> <span class='ocrx_word' id='word_1_61' title='bbox 141 887 328 957; x_wconf 85' lang='lat' dir='ltr'><strong>conspiceres,</strong></span> <span class='ocrx_word' id='word_1_62' title='bbox 344 884 396 938; x_wconf 86' lang='lat' dir='ltr'><strong>nisi</strong></span> <span class='ocrx_word' id='word_1_63' title='bbox 410 897 508 954; x_wconf 77' lang='lat' dir='ltr'><strong>magna</strong></span> <span class='ocrx_word' id='word_1_64' title='bbox 522 880 649 953; x_wconf 78' lang='lat' dir='ltr'><strong>albugine</strong></span> <span class='ocrx_word' id='word_1_65' title='bbox 664 878 761 950; x_wconf 83' lang='lat' dir='ltr'><strong>plebes</strong></span> <span class='ocrx_word' id='word_1_66' title='bbox 940 886 1044 956; x_wconf 82' lang='lat' dir='ltr'>Nuper,</span> <span class='ocrx_word' id='word_1_67' title='bbox 1061 884 1168 956; x_wconf 87' lang='lat' dir='ltr'><strong>quaudo</strong></span> <span class='ocrx_word' id='word_1_68' title='bbox 1192 891 1331 940; x_wconf 89' lang='lat' dir='ltr'><strong>transacto</strong></span> <span class='ocrx_word' id='word_1_69' title='bbox 1353 892 1485 953; x_wconf 90' lang='lat' dir='ltr'><strong>tempore,</strong></span> <span class='ocrx_word' id='word_1_70' title='bbox 1513 880 1582 937; x_wconf 90' lang='lat' dir='ltr'><strong>sicut</strong></span> <span class='ocrx_word' id='word_1_71' title='bbox 1612 879 1660 936; x_wconf 89' lang='lat' dir='ltr'><strong>tibi</strong></span> <span class='ocrx_word' id='word_1_72' title='bbox 1680 885 1707 935; x_wconf 91' lang='lat' dir='ltr'><strong>et</strong></span> 
     </span>
     <span class='ocr_line' id='line_1_9' title="bbox 88 967 1708 1045; baseline -0.006 -14"><span class='ocrx_word' id='word_1_73' title='bbox 88 976 219 1031; x_wconf 76' lang='lat' dir='ltr'><strong>Mulceret</strong></span> <span class='ocrx_word' id='word_1_74' title='bbox 233 974 318 1038; x_wconf 87' lang='lat' dir='ltr'><strong>visus,</strong></span> <span class='ocrx_word' id='word_1_75' title='bbox 334 973 393 1028; x_wconf 85' lang='lat' dir='ltr'><strong>haee</strong></span> <span class='ocrx_word' id='word_1_76' title='bbox 407 970 456 1025; x_wconf 89' lang='lat' dir='ltr'><strong>tibi</strong></span> <span class='ocrx_word' id='word_1_77' title='bbox 470 977 536 1026; x_wconf 90' lang='lat' dir='ltr'><strong>nota</strong></span> <span class='ocrx_word' id='word_1_78' title='bbox 551 969 618 1024; x_wconf 84' lang='lat' dir='ltr'><strong>iore.</strong></span> <span class='ocrx_word' id='word_1_79' title='bbox 905 974 966 1029; x_wconf 91' lang='lat' dir='ltr'><strong>aliis</strong></span> <span class='ocrx_word' id='word_1_80' title='bbox 981 972 1073 1029; x_wconf 89' lang='lat' dir='ltr'><strong>multis</strong></span> <span class='ocrx_word' id='word_1_81' title='bbox 1088 981 1131 1028; x_wconf 92' lang='lat' dir='ltr'><strong>est</strong></span> <span class='ocrx_word' id='word_1_82' title='bbox 1144 973 1293 1045; x_wconf 79' lang='lat' dir='ltr'><strong>cognitum,</strong></span> <span class='ocrx_word' id='word_1_83' title='bbox 1310 972 1383 1043; x_wconf 91' lang='lat' dir='ltr'><strong>apud</strong></span> <span class='ocrx_word' id='word_1_84' title='bbox 1399 968 1541 1027; x_wconf 75' lang='lat' dir='ltr'><strong>‘Gundulli</strong></span> <span class='ocrx_word' id='word_1_85' title='bbox 1571 968 1664 1024; x_wconf 86' lang='lat' dir='ltr'><strong>villam</strong></span> <span class='ocrx_word' id='word_1_86' title='bbox 1678 967 1708 1023; x_wconf 91' lang='lat' dir='ltr'><strong>iu</strong></span> 
     </span>
     <span class='ocr_line' id='line_1_10' title="bbox 56 1054 1707 1135; baseline -0.004 -18"><span class='ocrx_word' id='word_1_87' title='bbox 56 1062 177 1135; x_wconf 79' lang='lat' dir='ltr'><strong>Qoetibi</strong></span> <span class='ocrx_word' id='word_1_88' title='bbox 193 1062 259 1117; x_wconf 90' lang='lat' dir='ltr'><strong>dum</strong></span> <span class='ocrx_word' id='word_1_89' title='bbox 272 1060 380 1125; x_wconf 86' lang='lat' dir='ltr'><strong>tribuis,</strong></span> <span class='ocrx_word' id='word_1_90' title='bbox 393 1059 479 1128; x_wconf 76' lang='lat' dir='ltr'><strong>iactas</strong></span> <span class='ocrx_word' id='word_1_91' title='bbox 495 1066 520 1114; x_wconf 84' lang='lat' dir='ltr'><strong>et</strong></span> <span class='ocrx_word' id='word_1_92' title='bbox 536 1057 606 1113; x_wconf 86' lang='lat' dir='ltr'><strong>seire</strong></span> <span class='ocrx_word' id='word_1_93' title='bbox 621 1054 748 1126; x_wconf 78' lang='lat' dir='ltr'>superbe.</span> <span class='ocrx_word' id='word_1_94' title='bbox 905 1061 1038 1133; x_wconf 88' lang='lat' dir='ltr'><strong>obsequio</strong></span> <span class='ocrx_word' id='word_1_95' title='bbox 1049 1061 1142 1116; x_wconf 89' lang='lat' dir='ltr'><strong>domni</strong></span> <span class='ocrx_word' id='word_1_96' title='bbox 1167 1060 1253 1115; x_wconf 79' lang='lat' dir='ltr'><strong>nostri</strong></span> <span class='ocrx_word' id='word_1_97' title='bbox 1275 1061 1350 1132; x_wconf 84' lang='lat' dir='ltr'><strong>regis</strong></span> <span class='ocrx_word' id='word_1_98' title='bbox 1372 1074 1435 1116; x_wconf 90' lang='lat' dir='ltr'><strong>enm</strong></span> <span class='ocrx_word' id='word_1_99' title='bbox 1459 1057 1583 1128; x_wconf 84' lang='lat' dir='ltr'><strong>plurimis</strong></span> <span class='ocrx_word' id='word_1_100' title='bbox 1612 1055 1707 1112; x_wconf 86' lang='lat' dir='ltr'><strong>archi·</strong></span> 
     </span>
     <span class='ocr_line' id='line_1_11' title="bbox 86 1143 1707 1221; baseline -0.004 -16"><span class='ocrx_word' id='word_1_101' title='bbox 86 1151 184 1208; x_wconf 87' lang='lat' dir='ltr'><strong>cordis</strong></span> <span class='ocrx_word' id='word_1_102' title='bbox 199 1150 269 1205; x_wconf 89' lang='lat' dir='ltr'><strong>inest</strong></span> <span class='ocrx_word' id='word_1_103' title='bbox 283 1147 364 1204; x_wconf 89' lang='lat' dir='ltr'><strong>oculo</strong></span> <span class='ocrx_word' id='word_1_104' title='bbox 379 1163 431 1202; x_wconf 83' lang='lat' dir='ltr'><strong>nex</strong></span> <span class='ocrx_word' id='word_1_105' title='bbox 448 1146 595 1202; x_wconf 83' lang='lat' dir='ltr'><strong>tenebrose</strong></span> <span class='ocrx_word' id='word_1_106' title='bbox 610 1153 667 1199; x_wconf 83' lang='lat' dir='ltr'><strong>lue·</strong></span> <span class='ocrx_word' id='word_1_107' title='bbox 905 1150 1042 1221; x_wconf 89' lang='lat' dir='ltr'><strong>episeopis</strong></span> <span class='ocrx_word' id='word_1_108' title='bbox 1055 1157 1081 1204; x_wconf 88' lang='lat' dir='ltr'><strong>et</strong></span> <span class='ocrx_word' id='word_1_109' title='bbox 1097 1149 1242 1221; x_wconf 90' lang='lat' dir='ltr'><strong>episcopis,</strong></span> <span class='ocrx_word' id='word_1_110' title='bbox 1260 1163 1293 1203; x_wconf 89' lang='lat' dir='ltr'><strong>ac</strong></span> <span class='ocrx_word' id='word_1_111' title='bbox 1303 1148 1411 1204; x_wconf 85' lang='lat' dir='ltr'><strong>caeteris</strong></span> <span class='ocrx_word' id='word_1_112' title='bbox 1426 1145 1552 1202; x_wconf 84' lang='lat' dir='ltr'><strong>fidelibus</strong></span> <span class='ocrx_word' id='word_1_113' title='bbox 1574 1145 1629 1200; x_wconf 91' lang='lat' dir='ltr'><strong>suis</strong></span> <span class='ocrx_word' id='word_1_114' title='bbox 1651 1143 1707 1200; x_wconf 84' lang='lat' dir='ltr'><strong>lui·</strong></span> 
     </span>
     <span class='ocr_line' id='line_1_12' title="bbox 56 1231 1707 1313; baseline 0 -25"><span class='ocrx_word' id='word_1_115' title='bbox 56 1241 121 1296; x_wconf 67' lang='lat' dir='ltr'><strong>ltine</strong></span> <span class='ocrx_word' id='word_1_116' title='bbox 134 1238 236 1295; x_wconf 79' lang='lat' dir='ltr'><strong>etenim</strong></span> <span class='ocrx_word' id='word_1_117' title='bbox 251 1236 369 1292; x_wconf 89' lang='lat' dir='ltr'><strong>Domino</strong></span> <span class='ocrx_word' id='word_1_118' title='bbox 384 1250 468 1306; x_wconf 90' lang='lat' dir='ltr'><strong>panes</strong></span> <span class='ocrx_word' id='word_1_119' title='bbox 485 1232 585 1313; x_wconf 73' lang='lat' dir='ltr'><strong>oilerre</strong></span> <span class='ocrx_word' id='word_1_120' title='bbox 600 1231 711 1296; x_wconf 80' lang='lat' dir='ltr'><strong>veteris,</strong></span> <span class='ocrx_word' id='word_1_121' title='bbox 907 1255 979 1304; x_wconf 88' lang='lat' dir='ltr'><strong>mus,</strong></span> <span class='ocrx_word' id='word_1_122' title='bbox 996 1237 1058 1309; x_wconf 92' lang='lat' dir='ltr'><strong>qnia</strong></span> <span class='ocrx_word' id='word_1_123' title='bbox 1073 1253 1127 1303; x_wconf 90' lang='lat' dir='ltr'><strong>me,</strong></span> <span class='ocrx_word' id='word_1_124' title='bbox 1145 1237 1214 1292; x_wconf 90' lang='lat' dir='ltr'><strong>sicut</strong></span> <span class='ocrx_word' id='word_1_125' title='bbox 1227 1236 1271 1290; x_wconf 92' lang='lat' dir='ltr'><strong>alii</strong></span> <span class='ocrx_word' id='word_1_126' title='bbox 1292 1235 1329 1290; x_wconf 90' lang='lat' dir='ltr'><strong>tui</strong></span> <span class='ocrx_word' id='word_1_127' title='bbox 1342 1235 1447 1306; x_wconf 79' lang='lat' dir='ltr'><strong>priores</strong></span> <span class='ocrx_word' id='word_1_128' title='bbox 1467 1235 1562 1289; x_wconf 84' lang='lat' dir='ltr'><strong>ordine</strong></span> <span class='ocrx_word' id='word_1_129' title='bbox 1577 1279 1584 1304; x_wconf 90' lang='lat'>‚</span> <span class='ocrx_word' id='word_1_130' title='bbox 1600 1241 1627 1288; x_wconf 89' lang='lat' dir='ltr'><strong>et</strong></span> <span class='ocrx_word' id='word_1_131' title='bbox 1655 1247 1707 1305; x_wconf 91' lang='lat' dir='ltr'><strong>po-</strong></span> 
     </span>
     <span class='ocr_line' id='line_1_13' title="bbox 87 1321 1709 1400; baseline -0.005 -16"><span class='ocrx_word' id='word_1_132' title='bbox 87 1329 213 1400; x_wconf 74' lang='lat' dir='ltr'><strong>tangere</strong></span> <span class='ocrx_word' id='word_1_133' title='bbox 228 1325 294 1397; x_wconf 90' lang='lat' dir='ltr'><strong>quin</strong></span> <span class='ocrx_word' id='word_1_134' title='bbox 309 1323 393 1380; x_wconf 90' lang='lat' dir='ltr'><strong>etiam</strong></span> <span class='ocrx_word' id='word_1_135' title='bbox 403 1323 465 1391; x_wconf 87' lang='lat' dir='ltr'><strong>jura</strong></span> <span class='ocrx_word' id='word_1_136' title='bbox 481 1321 634 1376; x_wconf 84' lang='lat' dir='ltr'><strong>ministerii.</strong></span> <span class='ocrx_word' id='word_1_137' title='bbox 906 1327 989 1382; x_wconf 90' lang='lat' dir='ltr'><strong>tiores</strong></span> <span class='ocrx_word' id='word_1_138' title='bbox 1004 1326 1109 1380; x_wconf 89' lang='lat' dir='ltr'><strong>ordinis</strong></span> <span class='ocrx_word' id='word_1_139' title='bbox 1125 1325 1269 1398; x_wconf 82' lang='lat' dir='ltr'><strong>dignitate,</strong></span> <span class='ocrx_word' id='word_1_140' title='bbox 1293 1339 1325 1380; x_wconf 88' lang='lat' dir='ltr'><strong>ac</strong></span> <span class='ocrx_word' id='word_1_141' title='bbox 1353 1323 1477 1378; x_wconf 81' lang='lat' dir='ltr'><strong>seniores</strong></span> <span class='ocrx_word' id='word_1_142' title='bbox 1496 1330 1583 1387; x_wconf 80' lang='lat' dir='ltr'><strong>etate,</strong></span> <span class='ocrx_word' id='word_1_143' title='bbox 1612 1336 1709 1377; x_wconf 89' lang='lat' dir='ltr'><strong>consa·</strong></span> 
     </span>
     <span class='ocr_line' id='line_1_14' title="bbox 57 1408 1710 1485; baseline -0.004 -13"><span class='ocrx_word' id='word_1_144' title='bbox 57 1419 127 1473; x_wconf 85' lang='lat' dir='ltr'><strong>lianc</strong></span> <span class='ocrx_word' id='word_1_145' title='bbox 142 1423 256 1472; x_wconf 89' lang='lat' dir='ltr'><strong>auctore</strong></span> <span class='ocrx_word' id='word_1_146' title='bbox 270 1413 345 1485; x_wconf 83' lang='lat' dir='ltr'><strong>geris</strong></span> <span class='ocrx_word' id='word_1_147' title='bbox 360 1412 437 1482; x_wconf 90' lang='lat' dir='ltr'><strong>lapso</strong></span> <span class='ocrx_word' id='word_1_148' title='bbox 450 1411 484 1466; x_wconf 90' lang='lat' dir='ltr'><strong>de</strong></span> <span class='ocrx_word' id='word_1_149' title='bbox 499 1410 560 1466; x_wconf 91' lang='lat' dir='ltr'><strong>luce</strong></span> <span class='ocrx_word' id='word_1_150' title='bbox 575 1408 704 1479; x_wconf 88' lang='lat' dir='ltr'><strong>superbo,</strong></span> <span class='ocrx_word' id='word_1_151' title='bbox 907 1414 1030 1471; x_wconf 88' lang='lat' dir='ltr'><strong>cerdotes</strong></span> <span class='ocrx_word' id='word_1_152' title='bbox 1047 1414 1131 1469; x_wconf 81' lang='lat' dir='ltr'><strong>nostri</strong></span> <span class='ocrx_word' id='word_1_153' title='bbox 1150 1421 1176 1468; x_wconf 92' lang='lat' dir='ltr'><strong>et</strong></span> <span class='ocrx_word' id='word_1_154' title='bbox 1204 1411 1374 1469; x_wconf 89' lang='lat' dir='ltr'><strong>venerabiles</strong></span> <span class='ocrx_word' id='word_1_155' title='bbox 1404 1410 1602 1481; x_wconf 88' lang='lat' dir='ltr'><strong>archiepiscopi</strong></span> <span class='ocrx_word' id='word_1_156' title='bbox 1630 1418 1710 1482; x_wconf 86' lang='lat' dir='ltr'><strong>atque</strong></span> 
     </span>
     <span class='ocr_line' id='line_1_15' title="bbox 88 1496 1712 1574; baseline -0.002 -17"><span class='ocrx_word' id='word_1_157' title='bbox 88 1504 140 1573; x_wconf 88' lang='lat' dir='ltr'><strong>Qui</strong></span> <span class='ocrx_word' id='word_1_158' title='bbox 155 1502 272 1558; x_wconf 89' lang='lat' dir='ltr'><strong>sublime</strong></span> <span class='ocrx_word' id='word_1_159' title='bbox 288 1500 398 1572; x_wconf 87' lang='lat' dir='ltr'><strong>quidem</strong></span> <span class='ocrx_word' id='word_1_160' title='bbox 413 1498 503 1554; x_wconf 78' lang='lat' dir='ltr'><strong>letifer</strong></span> <span class='ocrx_word' id='word_1_161' title='bbox 517 1512 599 1553; x_wconf 87' lang='lat' dir='ltr'><strong>omne</strong></span> <span class='ocrx_word' id='word_1_162' title='bbox 614 1496 698 1551; x_wconf 80' lang='lat' dir='ltr'><strong>videl·</strong></span> <span class='ocrx_word' id='word_1_163' title='bbox 907 1503 1028 1574; x_wconf 82' lang='lat' dir='ltr'><strong>episcopi</strong></span> <span class='ocrx_word' id='word_1_164' title='bbox 1044 1501 1176 1566; x_wconf 84' lang='lat' dir='ltr'><strong>lecerunt,</strong></span> <span class='ocrx_word' id='word_1_165' title='bbox 1193 1509 1219 1556; x_wconf 91' lang='lat' dir='ltr'><strong>et</strong></span> <span class='ocrx_word' id='word_1_166' title='bbox 1235 1508 1260 1556; x_wconf 93' lang='lat' dir='ltr'><strong>te</strong></span> <span class='ocrx_word' id='word_1_167' title='bbox 1276 1500 1422 1572; x_wconf 89' lang='lat' dir='ltr'><strong>specialius</strong></span> <span class='ocrx_word' id='word_1_168' title='bbox 1437 1505 1595 1571; x_wconf 78' lang='lat' dir='ltr'><strong>oportuerat</strong></span> <span class='ocrx_word' id='word_1_169' title='bbox 1610 1496 1712 1567; x_wconf 85' lang='lat' dir='ltr'><strong>lacere,</strong></span> 
     </span>
     <span class='ocr_line' id='line_1_16' title="bbox 58 1584 1712 1663; baseline -0.003 -18"><span class='ocrx_word' id='word_1_170' title='bbox 58 1593 103 1648; x_wconf 83' lang='lat' dir='ltr'><strong>ilie</strong></span> <span class='ocrx_word' id='word_1_171' title='bbox 116 1600 142 1646; x_wconf 90' lang='lat' dir='ltr'><strong>te</strong></span> <span class='ocrx_word' id='word_1_172' title='bbox 157 1590 250 1646; x_wconf 88' lang='lat' dir='ltr'><strong>mirari</strong></span> <span class='ocrx_word' id='word_1_173' title='bbox 265 1589 376 1644; x_wconf 85' lang='lat' dir='ltr'><strong>monitat</strong></span> <span class='ocrx_word' id='word_1_174' title='bbox 390 1586 464 1659; x_wconf 89' lang='lat' dir='ltr'><strong>quod</strong></span> <span class='ocrx_word' id='word_1_175' title='bbox 478 1584 588 1657; x_wconf 84' lang='lat' dir='ltr'><strong>perficis</strong></span> <span class='ocrx_word' id='word_1_176' title='bbox 603 1585 672 1655; x_wconf 75' lang='lat' dir='ltr'><strong>ipse,</strong></span> <span class='ocrx_word' id='word_1_177' title='bbox 908 1590 1083 1663; x_wconf 80' lang='lat' dir='ltr'><strong>exiguitatem</strong></span> <span class='ocrx_word' id='word_1_178' title='bbox 1111 1604 1201 1644; x_wconf 88' lang='lat' dir='ltr'><strong>meam</strong></span> <span class='ocrx_word' id='word_1_179' title='bbox 1227 1587 1303 1644; x_wconf 90' lang='lat' dir='ltr'><strong>adire</strong></span> <span class='ocrx_word' id='word_1_180' title='bbox 1339 1587 1459 1659; x_wconf 88' lang='lat' dir='ltr'><strong>mihique</strong></span> <span class='ocrx_word' id='word_1_181' title='bbox 1485 1586 1561 1657; x_wconf 90' lang='lat' dir='ltr'><strong>pacis</strong></span> <span class='ocrx_word' id='word_1_182' title='bbox 1588 1585 1712 1641; x_wconf 90' lang='lat' dir='ltr'><strong>osculum</strong></span> 
     </span>
     <span class='ocr_line' id='line_1_17' title="bbox 90 1672 1713 1760; baseline -0.002 -26"><span class='ocrx_word' id='word_1_183' title='bbox 90 1677 170 1748; x_wconf 87' lang='lat' dir='ltr'><strong>Quod</strong></span> <span class='ocrx_word' id='word_1_184' title='bbox 184 1692 241 1734; x_wconf 89' lang='lat' dir='ltr'><strong>non</strong></span> <span class='ocrx_word' id='word_1_185' title='bbox 255 1684 297 1732; x_wconf 90' lang='lat' dir='ltr'><strong>est</strong></span> <span class='ocrx_word' id='word_1_186' title='bbox 310 1676 421 1742; x_wconf 88' lang='lat' dir='ltr'><strong>mirum,</strong></span> <span class='ocrx_word' id='word_1_187' title='bbox 437 1673 485 1729; x_wconf 90' lang='lat' dir='ltr'><strong>sed</strong></span> <span class='ocrx_word' id='word_1_188' title='bbox 495 1673 585 1744; x_wconf 89' lang='lat' dir='ltr'><strong>potius</strong></span> <span class='ocrx_word' id='word_1_189' title='bbox 600 1672 741 1735; x_wconf 89' lang='lat' dir='ltr'><strong>miserum,</strong></span> <span class='ocrx_word' id='word_1_190' title='bbox 872 1679 976 1760; x_wconf 76' lang='lat' dir='ltr'><strong>Bdare</strong></span> <span class='ocrx_word' id='word_1_191' title='bbox 990 1678 1109 1741; x_wconf 84' lang='lat' dir='ltr'><strong>noluisti,</strong></span> <span class='ocrx_word' id='word_1_192' title='bbox 1125 1692 1177 1733; x_wconf 92' lang='lat' dir='ltr'><strong>nec</strong></span> <span class='ocrx_word' id='word_1_193' title='bbox 1193 1677 1274 1733; x_wconf 87' lang='lat' dir='ltr'><strong>etiam</strong></span> <span class='ocrx_word' id='word_1_194' title='bbox 1287 1675 1371 1732; x_wconf 91' lang='lat' dir='ltr'><strong>ullum</strong></span> <span class='ocrx_word' id='word_1_195' title='bbox 1385 1675 1499 1731; x_wconf 88' lang='lat' dir='ltr'><strong>verbum</strong></span> <span class='ocrx_word' id='word_1_196' title='bbox 1516 1690 1624 1731; x_wconf 90' lang='lat' dir='ltr'><strong>mecum</strong></span> <span class='ocrx_word' id='word_1_197' title='bbox 1637 1674 1713 1745; x_wconf 88' lang='lat' dir='ltr'><strong>loqui</strong></span> 
     </span>
     <span class='ocr_line' id='line_1_18' title="bbox 57 1761 1713 1840; baseline -0.005 -15"><span class='ocrx_word' id='word_1_198' title='bbox 57 1770 92 1824; x_wconf 84' lang='lat' dir='ltr'><strong>tic</strong></span> <span class='ocrx_word' id='word_1_199' title='bbox 106 1765 298 1823; x_wconf 88' lang='lat' dir='ltr'><strong>detestandum</strong></span> <span class='ocrx_word' id='word_1_200' title='bbox 312 1763 371 1821; x_wconf 91' lang='lat' dir='ltr'><strong>veri</strong></span> <span class='ocrx_word' id='word_1_201' title='bbox 384 1763 492 1819; x_wconf 91' lang='lat' dir='ltr'><strong>ratione</strong></span> <span class='ocrx_word' id='word_1_202' title='bbox 508 1761 620 1827; x_wconf 88' lang='lat' dir='ltr'><strong>tenoris,</strong></span> <span class='ocrx_word' id='word_1_203' title='bbox 909 1767 1036 1840; x_wconf 82' lang='lat' dir='ltr'><strong>dignatus</strong></span> <span class='ocrx_word' id='word_1_204' title='bbox 1051 1766 1134 1831; x_wconf 84' lang='lat' dir='ltr'><strong>luisti,</strong></span> <span class='ocrx_word' id='word_1_205' title='bbox 1159 1782 1214 1821; x_wconf 92' lang='lat' dir='ltr'><strong>non</strong></span> <span class='ocrx_word' id='word_1_206' title='bbox 1236 1765 1325 1821; x_wconf 89' lang='lat' dir='ltr'><strong>dicam</strong></span> <span class='ocrx_word' id='word_1_207' title='bbox 1345 1779 1485 1837; x_wconf 78' lang='lat' dir='ltr'><strong>magnum,</strong></span> <span class='ocrx_word' id='word_1_208' title='bbox 1510 1763 1558 1818; x_wconf 89' lang='lat' dir='ltr'><strong>sed</strong></span> <span class='ocrx_word' id='word_1_209' title='bbox 1583 1763 1713 1818; x_wconf 84' lang='lat' dir='ltr'><strong>miserum</strong></span> 
     </span>
     <span class='ocr_line' id='line_1_19' title="bbox 89 1849 1712 1926; baseline -0.002 -16"><span class='ocrx_word' id='word_1_210' title='bbox 89 1857 151 1911; x_wconf 91' lang='lat' dir='ltr'><strong>Non</strong></span> <span class='ocrx_word' id='word_1_211' title='bbox 165 1853 350 1910; x_wconf 88' lang='lat' dir='ltr'><strong>attestandum</strong></span> <span class='ocrx_word' id='word_1_212' title='bbox 365 1867 478 1923; x_wconf 85' lang='lat' dir='ltr'><strong>prorsus</strong></span> <span class='ocrx_word' id='word_1_213' title='bbox 493 1858 522 1905; x_wconf 81' lang='lat' dir='ltr'><strong>ul</strong></span> <span class='ocrx_word' id='word_1_214' title='bbox 536 1849 669 1906; x_wconf 79' lang='lat' dir='ltr'><strong>illicitum·</strong></span> <span class='ocrx_word' id='word_1_215' title='bbox 908 1855 1000 1910; x_wconf 90' lang='lat' dir='ltr'><strong>multis</strong></span> <span class='ocrx_word' id='word_1_216' title='bbox 1015 1854 1201 1926; x_wconf 82' lang='lat' dir='ltr'><strong>spectaculum</strong></span> <span class='ocrx_word' id='word_1_217' title='bbox 1223 1854 1372 1925; x_wconf 82' lang='lat' dir='ltr'><strong>praebuisti.</strong></span> <span class='ocrx_word' id='word_1_218' title='bbox 1399 1851 1488 1921; x_wconf 86' lang='lat' dir='ltr'><strong>Quare</strong></span> <span class='ocrx_word' id='word_1_219' title='bbox 1507 1852 1543 1908; x_wconf 92' lang='lat' dir='ltr'><strong>de</strong></span> <span class='ocrx_word' id='word_1_220' title='bbox 1570 1868 1610 1920; x_wconf 88' lang='lat' dir='ltr'><strong>rc,</strong></span> <span class='ocrx_word' id='word_1_221' title='bbox 1642 1851 1712 1907; x_wconf 89' lang='lat' dir='ltr'><strong>sicut</strong></span> 
     </span>
     <span class='ocr_line' id='line_1_20' title="bbox 56 1936 1712 2016; baseline -0.002 -17"><span class='ocrx_word' id='word_1_222' title='bbox 56 1946 168 2016; x_wconf 87' lang='lat' dir='ltr'><strong>Propter</strong></span> <span class='ocrx_word' id='word_1_223' title='bbox 182 1943 236 1999; x_wconf 88' lang='lat' dir='ltr'><strong>boc</strong></span> <span class='ocrx_word' id='word_1_224' title='bbox 251 1951 339 1997; x_wconf 85' lang='lat' dir='ltr'><strong>autem</strong></span> <span class='ocrx_word' id='word_1_225' title='bbox 354 1947 460 1995; x_wconf 79' lang='lat' dir='ltr'><strong>tentum</strong></span> <span class='ocrx_word' id='word_1_226' title='bbox 475 1939 596 1995; x_wconf 75' lang='lat' dir='ltr'><strong>clamere</strong></span> <span class='ocrx_word' id='word_1_227' title='bbox 611 1936 715 1992; x_wconf 80' lang='lat' dir='ltr'><strong>videris</strong></span> <span class='ocrx_word' id='word_1_228' title='bbox 908 1943 975 1999; x_wconf 90' lang='lat' dir='ltr'><strong>mibi</strong></span> <span class='ocrx_word' id='word_1_229' title='bbox 990 1943 1066 2008; x_wconf 83' lang='lat' dir='ltr'><strong>dixit,</strong></span> <span class='ocrx_word' id='word_1_230' title='bbox 1083 1941 1248 1998; x_wconf 90' lang='lat' dir='ltr'><strong>venerabilis</strong></span> <span class='ocrx_word' id='word_1_231' title='bbox 1263 1941 1486 2011; x_wconf 89' lang='lat' dir='ltr'><strong>archiepiscopus</strong></span> <span class='ocrx_word' id='word_1_232' title='bbox 1501 1939 1613 1995; x_wconf 89' lang='lat' dir='ltr'><strong>Wenilo</strong></span> <span class='ocrx_word' id='word_1_233' title='bbox 1624 1946 1712 1995; x_wconf 88' lang='lat' dir='ltr'><strong>tecum</strong></span> 
     </span>
     <span class='ocr_line' id='line_1_21' title="bbox 87 2026 1711 2102; baseline -0.004 -14"><span class='ocrx_word' id='word_1_234' title='bbox 87 2033 206 2089; x_wconf 85' lang='lat' dir='ltr'><strong>Securos</strong></span> <span class='ocrx_word' id='word_1_235' title='bbox 221 2029 310 2085; x_wconf 89' lang='lat' dir='ltr'><strong>aditus</strong></span> <span class='ocrx_word' id='word_1_236' title='bbox 324 2026 574 2099; x_wconf 79' lang='lat' dir='ltr'><strong>sedisapostolicae,</strong></span> <span class='ocrx_word' id='word_1_237' title='bbox 909 2031 1024 2098; x_wconf 89' lang='lat' dir='ltr'><strong>locutus,</strong></span> <span class='ocrx_word' id='word_1_238' title='bbox 1050 2030 1229 2102; x_wconf 78' lang='lat' dir='ltr'><strong>interrogavit</strong></span> <span class='ocrx_word' id='word_1_239' title='bbox 1256 2037 1283 2086; x_wconf 91' lang='lat' dir='ltr'><strong>te</strong></span> <span class='ocrx_word' id='word_1_240' title='bbox 1302 2044 1351 2085; x_wconf 91' lang='lat' dir='ltr'><strong>cnr</strong></span> <span class='ocrx_word' id='word_1_241' title='bbox 1378 2043 1488 2084; x_wconf 89' lang='lat' dir='ltr'><strong>meeum</strong></span> <span class='ocrx_word' id='word_1_242' title='bbox 1515 2028 1634 2085; x_wconf 90' lang='lat' dir='ltr'><strong>debitam</strong></span> <span class='ocrx_word' id='word_1_243' title='bbox 1659 2041 1711 2098; x_wconf 90' lang='lat' dir='ltr'><strong>pa·</strong></span> 
     </span>
     <span class='ocr_line' id='line_1_22' title="bbox 58 2113 1712 2193; baseline -0.003 -18"><span class='ocrx_word' id='word_1_244' title='bbox 58 2121 88 2177; x_wconf 77' lang='lat' dir='ltr'><strong>ct</strong></span> <span class='ocrx_word' id='word_1_245' title='bbox 101 2119 177 2193; x_wconf 89' lang='lat' dir='ltr'><strong>quod</strong></span> <span class='ocrx_word' id='word_1_246' title='bbox 192 2119 271 2175; x_wconf 87' lang='lat' dir='ltr'><strong>valde</strong></span> <span class='ocrx_word' id='word_1_247' title='bbox 285 2116 352 2172; x_wconf 88' lang='lat' dir='ltr'><strong>libet</strong></span> <span class='ocrx_word' id='word_1_248' title='bbox 366 2116 456 2172; x_wconf 81' lang='lat' dir='ltr'><strong>valeas</strong></span> <span class='ocrx_word' id='word_1_249' title='bbox 470 2123 580 2186; x_wconf 80' lang='lat' dir='ltr'><strong>patrare</strong></span> <span class='ocrx_word' id='word_1_250' title='bbox 596 2113 709 2175; x_wconf 75' lang='lat' dir='ltr'><strong>licenter</strong></span> <span class='ocrx_word' id='word_1_251' title='bbox 727 2130 732 2165; x_wconf 79' lang='lat'><em>2</em></span> <span class='ocrx_word' id='word_1_252' title='bbox 908 2136 968 2177; x_wconf 90' lang='lat' dir='ltr'><strong>cem</strong></span> <span class='ocrx_word' id='word_1_253' title='bbox 982 2134 1038 2175; x_wconf 90' lang='lat' dir='ltr'><strong>non</strong></span> <span class='ocrx_word' id='word_1_254' title='bbox 1050 2119 1179 2188; x_wconf 88' lang='lat' dir='ltr'><strong>haberes,</strong></span> <span class='ocrx_word' id='word_1_255' title='bbox 1195 2125 1221 2174; x_wconf 89' lang='lat' dir='ltr'><strong>et</strong></span> <span class='ocrx_word' id='word_1_256' title='bbox 1237 2117 1355 2174; x_wconf 87' lang='lat' dir='ltr'><strong>debitam</strong></span> <span class='ocrx_word' id='word_1_257' title='bbox 1369 2115 1494 2187; x_wconf 92' lang='lat' dir='ltr'><strong>obsequii</strong></span> <span class='ocrx_word' id='word_1_258' title='bbox 1509 2114 1712 2172; x_wconf 87' lang='lat' dir='ltr'><strong>venerationem</strong></span> 
     </span>
     <span class='ocr_line' id='line_1_23' title="bbox 88 2199 1711 2279; baseline -0.002 -17"><span class='ocrx_word' id='word_1_259' title='bbox 88 2208 151 2265; x_wconf 85' lang='lat' dir='ltr'><strong>Non</strong></span> <span class='ocrx_word' id='word_1_260' title='bbox 166 2216 259 2263; x_wconf 76' lang='lat' dir='ltr'><strong>mmen</strong></span> <span class='ocrx_word' id='word_1_261' title='bbox 273 2208 359 2262; x_wconf 75' lang='lat' dir='ltr'><strong>omne</strong></span> <span class='ocrx_word' id='word_1_262' title='bbox 369 2204 442 2273; x_wconf 88' lang='lat' dir='ltr'><strong>licet,</strong></span> <span class='ocrx_word' id='word_1_263' title='bbox 459 2203 532 2275; x_wconf 86' lang='lat' dir='ltr'><strong>qued</strong></span> <span class='ocrx_word' id='word_1_264' title='bbox 547 2203 593 2256; x_wconf 83' lang='lat' dir='ltr'><strong>tibi</strong></span> <span class='ocrx_word' id='word_1_265' title='bbox 609 2201 678 2256; x_wconf 80' lang='lat' dir='ltr'><strong>feste</strong></span> <span class='ocrx_word' id='word_1_266' title='bbox 694 2199 767 2254; x_wconf 78' lang='lat' dir='ltr'><strong>libel·</strong></span> <span class='ocrx_word' id='word_1_267' title='bbox 909 2207 1068 2279; x_wconf 89' lang='lat' dir='ltr'><strong>impendere</strong></span> <span class='ocrx_word' id='word_1_268' title='bbox 1084 2208 1260 2264; x_wconf 87' lang='lat' dir='ltr'><strong>detrectares.</strong></span> <span class='ocrx_word' id='word_1_269' title='bbox 1288 2206 1392 2262; x_wconf 89' lang='lat' dir='ltr'><strong>Undea</strong></span> <span class='ocrx_word' id='word_1_270' title='bbox 1406 2212 1433 2261; x_wconf 91' lang='lat' dir='ltr'><strong>te</strong></span> <span class='ocrx_word' id='word_1_271' title='bbox 1453 2219 1616 2275; x_wconf 88' lang='lat' dir='ltr'><strong>responsum</strong></span> <span class='ocrx_word' id='word_1_272' title='bbox 1630 2218 1711 2259; x_wconf 90' lang='lat' dir='ltr'><strong>acce·</strong></span> 
     </span>
     <span class='ocr_line' id='line_1_24' title="bbox 59 2289 1714 2370; baseline -0.004 -18"><span class='ocrx_word' id='word_1_273' title='bbox 59 2297 190 2370; x_wconf 70' lang='lat' dir='ltr'><strong>ltmagis</strong></span> <span class='ocrx_word' id='word_1_274' title='bbox 204 2296 232 2352; x_wconf 91' lang='lat' dir='ltr'><strong>id</strong></span> <span class='ocrx_word' id='word_1_275' title='bbox 246 2303 344 2361; x_wconf 89' lang='lat' dir='ltr'><strong>certas,</strong></span> <span class='ocrx_word' id='word_1_276' title='bbox 362 2295 424 2367; x_wconf 87' lang='lat' dir='ltr'><strong>quia</strong></span> <span class='ocrx_word' id='word_1_277' title='bbox 439 2308 492 2350; x_wconf 89' lang='lat' dir='ltr'><strong>non</strong></span> <span class='ocrx_word' id='word_1_278' title='bbox 507 2292 548 2347; x_wconf 83' lang='lat' dir='ltr'><strong>vis</strong></span> <span class='ocrx_word' id='word_1_279' title='bbox 565 2291 623 2362; x_wconf 89' lang='lat' dir='ltr'><strong>ipse</strong></span> <span class='ocrx_word' id='word_1_280' title='bbox 639 2289 751 2346; x_wconf 75' lang='lat' dir='ltr'><strong>subesse</strong></span> <span class='ocrx_word' id='word_1_281' title='bbox 909 2296 959 2367; x_wconf 92' lang='lat' dir='ltr'><strong>pit,</strong></span> <span class='ocrx_word' id='word_1_282' title='bbox 976 2296 1106 2368; x_wconf 90' lang='lat' dir='ltr'><strong>quoniam</strong></span> <span class='ocrx_word' id='word_1_283' title='bbox 1122 2295 1146 2351; x_wconf 92' lang='lat' dir='ltr'><strong>si</strong></span> <span class='ocrx_word' id='word_1_284' title='bbox 1174 2295 1274 2366; x_wconf 87' lang='lat' dir='ltr'><strong>scripta</strong></span> <span class='ocrx_word' id='word_1_285' title='bbox 1298 2310 1358 2366; x_wconf 91' lang='lat' dir='ltr'><strong>quae</strong></span> <span class='ocrx_word' id='word_1_286' title='bbox 1386 2293 1434 2349; x_wconf 90' lang='lat' dir='ltr'><strong>tibi</strong></span> <span class='ocrx_word' id='word_1_287' title='bbox 1463 2299 1490 2348; x_wconf 90' lang='lat' dir='ltr'><strong>et</strong></span> <span class='ocrx_word' id='word_1_288' title='bbox 1510 2291 1642 2349; x_wconf 75' lang='lat' dir='ltr'><strong>Ecclesia</strong></span> <span class='ocrx_word' id='word_1_289' title='bbox 1665 2291 1714 2348; x_wconf 92' lang='lat' dir='ltr'><strong>tibi</strong></span> 
     </span>
     <span class='ocr_line' id='line_1_25' title="bbox 38 2380 1714 2455; baseline -0.003 -13"><span class='ocrx_word' id='word_1_290' title='bbox 38 2444 45 2451; x_wconf 76' lang='grc'><em>,</em></span> <span class='ocrx_word' id='word_1_291' title='bbox 90 2385 156 2452; x_wconf 90' lang='lat' dir='ltr'><strong>Ulli,</strong></span> <span class='ocrx_word' id='word_1_292' title='bbox 172 2400 223 2442; x_wconf 91' lang='lat' dir='ltr'><strong>ceu</strong></span> <span class='ocrx_word' id='word_1_293' title='bbox 236 2384 326 2455; x_wconf 89' lang='lat' dir='ltr'><strong>poscit</strong></span> <span class='ocrx_word' id='word_1_294' title='bbox 341 2380 434 2454; x_wconf 78' lang='lat' dir='ltr'><strong>regula</strong></span> <span class='ocrx_word' id='word_1_295' title='bbox 445 2380 569 2451; x_wconf 83' lang='lat' dir='ltr'><strong>justitiae.</strong></span> <span class='ocrx_word' id='word_1_296' title='bbox 910 2384 1065 2440; x_wconf 76' lang='lat' dir='ltr'><strong>commissae</strong></span> <span class='ocrx_word' id='word_1_297' title='bbox 1079 2384 1114 2440; x_wconf 94' lang='lat' dir='ltr'><strong>de</strong></span> <span class='ocrx_word' id='word_1_298' title='bbox 1129 2398 1146 2438; x_wconf 89' lang='lat' dir='ltr'><strong>a</strong></span> <span class='ocrx_word' id='word_1_299' title='bbox 1160 2392 1186 2439; x_wconf 91' lang='lat' dir='ltr'><strong>te</strong></span> <span class='ocrx_word' id='word_1_300' title='bbox 1209 2383 1339 2439; x_wconf 88' lang='lat' dir='ltr'><strong>intentata</strong></span> <span class='ocrx_word' id='word_1_301' title='bbox 1362 2380 1641 2438; x_wconf 85' lang='lat' dir='ltr'><strong>excommunicatione</strong></span> <span class='ocrx_word' id='word_1_302' title='bbox 1660 2387 1714 2437; x_wconf 77' lang='lat' dir='ltr'><strong>tue</strong></span> 
     </span>
     <span class='ocr_line' id='line_1_26' title="bbox 60 2467 1712 2542; baseline -0.002 -16"><span class='ocrx_word' id='word_1_303' title='bbox 60 2474 125 2530; x_wconf 87' lang='lat' dir='ltr'><strong>ilinc</strong></span> <span class='ocrx_word' id='word_1_304' title='bbox 138 2473 250 2528; x_wconf 88' lang='lat' dir='ltr'><strong>imitans</strong></span> <span class='ocrx_word' id='word_1_305' title='bbox 263 2471 349 2539; x_wconf 90' lang='lat' dir='ltr'><strong>illam,</strong></span> <span class='ocrx_word' id='word_1_306' title='bbox 365 2469 411 2542; x_wconf 93' lang='lat' dir='ltr'><strong>qni</strong></span> <span class='ocrx_word' id='word_1_307' title='bbox 426 2469 492 2524; x_wconf 89' lang='lat' dir='ltr'><strong>nulli</strong></span> <span class='ocrx_word' id='word_1_308' title='bbox 508 2475 603 2539; x_wconf 86' lang='lat' dir='ltr'><strong>sponte</strong></span> <span class='ocrx_word' id='word_1_309' title='bbox 619 2467 732 2522; x_wconf 81' lang='lat' dir='ltr'><strong>subesse</strong></span> <span class='ocrx_word' id='word_1_310' title='bbox 909 2472 1046 2542; x_wconf 76' lang='lat' dir='ltr'><strong>parochiae</strong></span> <span class='ocrx_word' id='word_1_311' title='bbox 1059 2471 1271 2537; x_wconf 84' lang='lat' dir='ltr'><strong>transmiseram,</strong></span> <span class='ocrx_word' id='word_1_312' title='bbox 1290 2486 1350 2542; x_wconf 77' lang='lat' dir='ltr'><strong>quae</strong></span> <span class='ocrx_word' id='word_1_313' title='bbox 1365 2469 1466 2525; x_wconf 88' lang='lat' dir='ltr'><strong>ibidem</strong></span> <span class='ocrx_word' id='word_1_314' title='bbox 1481 2478 1571 2525; x_wconf 89' lang='lat' dir='ltr'><strong>tecum</strong></span> <span class='ocrx_word' id='word_1_315' title='bbox 1580 2467 1712 2536; x_wconf 86' lang='lat' dir='ltr'><strong>habebas,</strong></span> 
     </span>
     <span class='ocr_line' id='line_1_27' title="bbox 90 2555 1715 2630; baseline -0.002 -14"><span class='ocrx_word' id='word_1_316' title='bbox 90 2561 219 2627; x_wconf 83' lang='lat' dir='ltr'><strong>Gestivit,</strong></span> <span class='ocrx_word' id='word_1_317' title='bbox 231 2560 325 2615; x_wconf 81' lang='lat' dir='ltr'><strong>hbens</strong></span> <span class='ocrx_word' id='word_1_318' title='bbox 341 2575 392 2630; x_wconf 87' lang='lat' dir='ltr'><strong>per</strong></span> <span class='ocrx_word' id='word_1_319' title='bbox 406 2558 478 2613; x_wconf 82' lang='lat' dir='ltr'><strong>mala</strong></span> <span class='ocrx_word' id='word_1_320' title='bbox 494 2572 607 2628; x_wconf 72' lang='lat' dir='ltr'><strong>queque</strong></span> <span class='ocrx_word' id='word_1_321' title='bbox 623 2555 716 2619; x_wconf 80' lang='lat' dir='ltr'><strong>miset.</strong></span> <span class='ocrx_word' id='word_1_322' title='bbox 909 2575 1005 2616; x_wconf 88' lang='lat' dir='ltr'><strong>coram</strong></span> <span class='ocrx_word' id='word_1_323' title='bbox 1021 2559 1081 2616; x_wconf 87' lang='lat' dir='ltr'><strong>aliis</strong></span> <span class='ocrx_word' id='word_1_324' title='bbox 1097 2559 1284 2627; x_wconf 88' lang='lat' dir='ltr'><strong>incenderem,</strong></span> <span class='ocrx_word' id='word_1_325' title='bbox 1302 2568 1329 2614; x_wconf 90' lang='lat' dir='ltr'><strong>et</strong></span> <span class='ocrx_word' id='word_1_326' title='bbox 1344 2557 1500 2613; x_wconf 85' lang='lat' dir='ltr'><strong>annulanda</strong></span> <span class='ocrx_word' id='word_1_327' title='bbox 1515 2557 1644 2626; x_wconf 87' lang='lat' dir='ltr'><strong>dicerem,</strong></span> <span class='ocrx_word' id='word_1_328' title='bbox 1660 2570 1715 2612; x_wconf 85' lang='lat' dir='ltr'><strong>me</strong></span> 
     </span>
     <span class='ocr_line' id='line_1_28' title="bbox 62 2644 1713 2721; baseline -0.003 -18"><span class='ocrx_word' id='word_1_329' title='bbox 62 2649 108 2719; x_wconf 79' lang='lat' dir='ltr'><strong>Qui</strong></span> <span class='ocrx_word' id='word_1_330' title='bbox 122 2650 190 2706; x_wconf 92' lang='lat' dir='ltr'><strong>vitio</strong></span> <span class='ocrx_word' id='word_1_331' title='bbox 207 2649 317 2720; x_wconf 90' lang='lat' dir='ltr'><strong>proprio</strong></span> <span class='ocrx_word' id='word_1_332' title='bbox 331 2647 394 2702; x_wconf 90' lang='lat' dir='ltr'><strong>talis</strong></span> <span class='ocrx_word' id='word_1_333' title='bbox 405 2647 462 2717; x_wconf 75' lang='lat' dir='ltr'><strong>iam</strong></span> <span class='ocrx_word' id='word_1_334' title='bbox 478 2645 563 2701; x_wconf 82' lang='lat' dir='ltr'><strong>lactus</strong></span> <span class='ocrx_word' id='word_1_335' title='bbox 579 2644 702 2708; x_wconf 79' lang='lat' dir='ltr'><strong>hebetur.</strong></span> <span class='ocrx_word' id='word_1_336' title='bbox 910 2664 963 2721; x_wconf 90' lang='lat' dir='ltr'><strong>que</strong></span> <span class='ocrx_word' id='word_1_337' title='bbox 980 2655 1074 2704; x_wconf 92' lang='lat' dir='ltr'><strong>contra</strong></span> <span class='ocrx_word' id='word_1_338' title='bbox 1089 2648 1223 2703; x_wconf 89' lang='lat' dir='ltr'><strong>rationem</strong></span> <span class='ocrx_word' id='word_1_339' title='bbox 1238 2647 1336 2702; x_wconf 85' lang='lat' dir='ltr'><strong>secisse</strong></span> <span class='ocrx_word' id='word_1_340' title='bbox 1352 2645 1504 2717; x_wconf 85' lang='lat' dir='ltr'><strong>profiterer,</strong></span> <span class='ocrx_word' id='word_1_341' title='bbox 1522 2653 1585 2700; x_wconf 92' lang='lat' dir='ltr'><strong>tune</strong></span> <span class='ocrx_word' id='word_1_342' title='bbox 1606 2659 1713 2700; x_wconf 89' lang='lat' dir='ltr'><strong>mecum</strong></span> 
     </span>
     <span class='ocr_line' id='line_1_29' title="bbox 92 2731 1711 2807; baseline -0.004 -13"><span class='ocrx_word' id='word_1_343' title='bbox 92 2739 127 2795; x_wconf 88' lang='lat' dir='ltr'><strong>llt</strong></span> <span class='ocrx_word' id='word_1_344' title='bbox 141 2736 249 2792; x_wconf 90' lang='lat' dir='ltr'><strong>nullum</strong></span> <span class='ocrx_word' id='word_1_345' title='bbox 267 2736 370 2805; x_wconf 88' lang='lat' dir='ltr'><strong>timeat,</strong></span> <span class='ocrx_word' id='word_1_346' title='bbox 382 2749 432 2790; x_wconf 88' lang='lat' dir='ltr'><strong>nec</strong></span> <span class='ocrx_word' id='word_1_347' title='bbox 443 2732 515 2788; x_wconf 88' lang='lat' dir='ltr'><strong>mala</strong></span> <span class='ocrx_word' id='word_1_348' title='bbox 528 2740 590 2804; x_wconf 90' lang='lat' dir='ltr'><strong>post</strong></span> <span class='ocrx_word' id='word_1_349' title='bbox 601 2738 711 2787; x_wconf 89' lang='lat' dir='ltr'><strong>metuat.</strong></span> <span class='ocrx_word' id='word_1_350' title='bbox 909 2751 1005 2807; x_wconf 86' lang='lat' dir='ltr'><strong>pacem</strong></span> <span class='ocrx_word' id='word_1_351' title='bbox 1024 2736 1128 2791; x_wconf 89' lang='lat' dir='ltr'><strong>habere</strong></span> <span class='ocrx_word' id='word_1_352' title='bbox 1143 2735 1237 2791; x_wconf 85' lang='lat' dir='ltr'><strong>velles.</strong></span> <span class='ocrx_word' id='word_1_353' title='bbox 1255 2734 1325 2789; x_wconf 85' lang='lat' dir='ltr'><strong>Dixit</strong></span> <span class='ocrx_word' id='word_1_354' title='bbox 1340 2734 1420 2789; x_wconf 89' lang='lat' dir='ltr'><strong>etiam</strong></span> <span class='ocrx_word' id='word_1_355' title='bbox 1435 2740 1461 2789; x_wconf 90' lang='lat' dir='ltr'><strong>te</strong></span> <span class='ocrx_word' id='word_1_356' title='bbox 1475 2732 1541 2788; x_wconf 88' lang='lat' dir='ltr'><strong>mihi</strong></span> <span class='ocrx_word' id='word_1_357' title='bbox 1555 2731 1711 2798; x_wconf 86' lang='lat' dir='ltr'><strong>mandasse,</strong></span> 
     </span>
     <span class='ocr_line' id='line_1_30' title="bbox 69 2816 1714 2896; baseline -0.003 -17"><span class='ocrx_word' id='word_1_358' title='bbox 69 2826 137 2882; x_wconf 80' lang='lat' dir='ltr'><strong>dune</strong></span> <span class='ocrx_word' id='word_1_359' title='bbox 152 2832 180 2881; x_wconf 93' lang='lat' dir='ltr'><strong>et</strong></span> <span class='ocrx_word' id='word_1_360' title='bbox 193 2824 223 2879; x_wconf 91' lang='lat' dir='ltr'><strong>in</strong></span> <span class='ocrx_word' id='word_1_361' title='bbox 237 2824 290 2880; x_wconf 89' lang='lat' dir='ltr'><strong>hoc</strong></span> <span class='ocrx_word' id='word_1_362' title='bbox 305 2823 439 2894; x_wconf 87' lang='lat' dir='ltr'><strong>sequeris,</strong></span> <span class='ocrx_word' id='word_1_363' title='bbox 455 2822 521 2877; x_wconf 89' lang='lat' dir='ltr'><strong>dum</strong></span> <span class='ocrx_word' id='word_1_364' title='bbox 533 2835 588 2877; x_wconf 88' lang='lat' dir='ltr'><strong>non</strong></span> <span class='ocrx_word' id='word_1_365' title='bbox 603 2818 763 2890; x_wconf 83' lang='lat' dir='ltr'><strong>resipiscere</strong></span> <span class='ocrx_word' id='word_1_366' title='bbox 781 2816 860 2888; x_wconf 81' lang='lat' dir='ltr'><strong>quid·</strong></span> <span class='ocrx_word' id='word_1_367' title='bbox 910 2823 974 2894; x_wconf 91' lang='lat' dir='ltr'><strong>qnia</strong></span> <span class='ocrx_word' id='word_1_368' title='bbox 989 2824 1062 2896; x_wconf 92' lang='lat' dir='ltr'><strong>quod</strong></span> <span class='ocrx_word' id='word_1_369' title='bbox 1077 2824 1112 2879; x_wconf 91' lang='lat' dir='ltr'><strong>de</strong></span> <span class='ocrx_word' id='word_1_370' title='bbox 1131 2823 1177 2878; x_wconf 90' lang='lat' dir='ltr'><strong>illa</strong></span> <span class='ocrx_word' id='word_1_371' title='bbox 1191 2822 1469 2879; x_wconf 83' lang='lat' dir='ltr'><strong>excommunicatione</strong></span> <span class='ocrx_word' id='word_1_372' title='bbox 1485 2820 1580 2887; x_wconf 83' lang='lat' dir='ltr'><strong>iecisti,</strong></span> <span class='ocrx_word' id='word_1_373' title='bbox 1598 2819 1714 2893; x_wconf 72' lang='lat' dir='ltr'><strong>egotibi</strong></span> 
     </span>
     <span class='ocr_line' id='line_1_31' title="bbox 733 2895 1714 2983; baseline -0.006 -14"><span class='ocrx_word' id='word_1_374' title='bbox 733 2904 824 2977; x_wconf 79' lang='lat' dir='ltr'><strong>[quem</strong></span> <span class='ocrx_word' id='word_1_375' title='bbox 910 2912 1055 2968; x_wconf 89' lang='lat' dir='ltr'><strong>insinuavi.</strong></span> <span class='ocrx_word' id='word_1_376' title='bbox 1072 2895 1162 2968; x_wconf 83' lang='lat' dir='ltr'><strong>Habes</strong></span> <span class='ocrx_word' id='word_1_377' title='bbox 1175 2912 1248 2967; x_wconf 90' lang='lat' dir='ltr'><strong>enim</strong></span> <span class='ocrx_word' id='word_1_378' title='bbox 1270 2910 1417 2983; x_wconf 89' lang='lat' dir='ltr'><strong>quamdam</strong></span> <span class='ocrx_word' id='word_1_379' title='bbox 1427 2910 1520 2967; x_wconf 89' lang='lat' dir='ltr'><strong>villam</strong></span> <span class='ocrx_word' id='word_1_380' title='bbox 1534 2909 1563 2964; x_wconf 92' lang='lat' dir='ltr'><strong>in</strong></span> <span class='ocrx_word' id='word_1_381' title='bbox 1580 2924 1641 2965; x_wconf 88' lang='lat' dir='ltr'><strong>mea</strong></span> <span class='ocrx_word' id='word_1_382' title='bbox 1662 2924 1714 2980; x_wconf 88' lang='lat' dir='ltr'><strong>pa·</strong></span> 
     </span>
     <span class='ocr_line' id='line_1_32' title="bbox 95 2995 1714 3113; baseline -0.003 -56"><span class='ocrx_word' id='word_1_383' title='bbox 95 3005 216 3073; x_wconf 77' lang='lat' dir='ltr'><strong>Aprave</strong></span> <span class='ocrx_word' id='word_1_384' title='bbox 230 2998 327 3071; x_wconf 76' lang='lat' dir='ltr'><strong>creptis</strong></span> <span class='ocrx_word' id='word_1_385' title='bbox 342 2998 385 3055; x_wconf 93' lang='lat' dir='ltr'><strong>vel</strong></span> <span class='ocrx_word' id='word_1_386' title='bbox 399 2997 446 3053; x_wconf 94' lang='lat' dir='ltr'><strong>tibi</strong></span> <span class='ocrx_word' id='word_1_387' title='bbox 462 3009 525 3053; x_wconf 89' lang='lat' dir='ltr'><strong>sero</strong></span> <span class='ocrx_word' id='word_1_388' title='bbox 537 2995 636 3068; x_wconf 87' lang='lat' dir='ltr'><strong>placet,</strong></span> <span class='ocrx_word' id='word_1_389' title='bbox 875 3000 1013 3113; x_wconf 85' lang='lat' dir='ltr'><strong>Crochia,</strong></span> <span class='ocrx_word' id='word_1_390' title='bbox 1037 3009 1064 3056; x_wconf 90' lang='lat' dir='ltr'><strong>et</strong></span> <span class='ocrx_word' id='word_1_391' title='bbox 1086 3001 1149 3072; x_wconf 87' lang='lat' dir='ltr'><strong>quia</strong></span> <span class='ocrx_word' id='word_1_392' title='bbox 1175 3000 1299 3056; x_wconf 90' lang='lat' dir='ltr'><strong>homines</strong></span> <span class='ocrx_word' id='word_1_393' title='bbox 1321 3000 1443 3068; x_wconf 76' lang='lat' dir='ltr'><strong>eiusdem</strong></span> <span class='ocrx_word' id='word_1_394' title='bbox 1464 2998 1536 3054; x_wconf 77' lang='lat' dir='ltr'><strong>villa</strong></span> <span class='ocrx_word' id='word_1_395' title='bbox 1558 2997 1661 3069; x_wconf 82' lang='lat' dir='ltr'><strong>rogasti</strong></span> <span class='ocrx_word' id='word_1_396' title='bbox 1680 2997 1714 3053; x_wconf 94' lang='lat' dir='ltr'><strong>ad</strong></span> 
     </span>
     <span class='ocr_line' id='line_1_33' title="bbox 67 3081 1715 3160; baseline -0.006 -7"><span class='ocrx_word' id='word_1_397' title='bbox 67 3089 136 3145; x_wconf 78' lang='lat' dir='ltr'><strong>Sieel</strong></span> <span class='ocrx_word' id='word_1_398' title='bbox 151 3098 179 3144; x_wconf 71' lang='lat' dir='ltr'><strong>el</strong></span> <span class='ocrx_word' id='word_1_399' title='bbox 193 3089 253 3160; x_wconf 75' lang='lat' dir='ltr'><strong>ipse</strong></span> <span class='ocrx_word' id='word_1_400' title='bbox 268 3087 373 3160; x_wconf 63' lang='lat' dir='ltr'><strong>nequit.</strong></span> <span class='ocrx_word' id='word_1_401' title='bbox 388 3094 529 3158; x_wconf 68' lang='lat' dir='ltr'><strong>postquem</strong></span> <span class='ocrx_word' id='word_1_402' title='bbox 546 3099 627 3155; x_wconf 66' lang='lat' dir='ltr'><strong>super</strong></span> <span class='ocrx_word' id='word_1_403' title='bbox 641 3081 733 3140; x_wconf 71' lang='lat' dir='ltr'><strong>Ombis</strong></span> <span class='ocrx_word' id='word_1_404' title='bbox 747 3097 808 3137; x_wconf 74' lang='lat' dir='ltr'><strong>sese</strong></span> <span class='ocrx_word' id='word_1_405' title='bbox 912 3088 986 3144; x_wconf 89' lang='lat' dir='ltr'><strong>illam</strong></span> <span class='ocrx_word' id='word_1_406' title='bbox 1000 3089 1145 3145; x_wconf 89' lang='lat' dir='ltr'><strong>ecclesiam</strong></span> <span class='ocrx_word' id='word_1_407' title='bbox 1165 3089 1230 3145; x_wconf 91' lang='lat' dir='ltr'><strong>dare</strong></span> <span class='ocrx_word' id='word_1_408' title='bbox 1253 3089 1363 3145; x_wconf 90' lang='lat' dir='ltr'><strong>illorum</strong></span> <span class='ocrx_word' id='word_1_409' title='bbox 1391 3088 1535 3156; x_wconf 89' lang='lat' dir='ltr'><strong>decimam,</strong></span> <span class='ocrx_word' id='word_1_410' title='bbox 1565 3086 1600 3142; x_wconf 89' lang='lat' dir='ltr'><strong>ad</strong></span> <span class='ocrx_word' id='word_1_411' title='bbox 1629 3102 1715 3159; x_wconf 86' lang='lat' dir='ltr'><strong>qnam</strong></span> 
     </span>
     <span class='ocr_line' id='line_1_34' title="bbox 96 3172 1716 3247; baseline -0.001 -16"><span class='ocrx_word' id='word_1_412' title='bbox 96 3177 205 3243; x_wconf 80' lang='lat' dir='ltr'><strong>Extulit,</strong></span> <span class='ocrx_word' id='word_1_413' title='bbox 221 3185 249 3233; x_wconf 90' lang='lat' dir='ltr'><strong>et</strong></span> <span class='ocrx_word' id='word_1_414' title='bbox 263 3175 481 3247; x_wconf 89' lang='lat' dir='ltr'><strong>misereprimus</strong></span> <span class='ocrx_word' id='word_1_415' title='bbox 495 3174 529 3229; x_wconf 92' lang='lat' dir='ltr'><strong>ad</strong></span> <span class='ocrx_word' id='word_1_416' title='bbox 545 3173 598 3228; x_wconf 90' lang='lat' dir='ltr'><strong>ima</strong></span> <span class='ocrx_word' id='word_1_417' title='bbox 613 3172 676 3227; x_wconf 91' lang='lat' dir='ltr'><strong>ruit.</strong></span> <span class='ocrx_word' id='word_1_418' title='bbox 913 3193 973 3233; x_wconf 88' lang='lat' dir='ltr'><strong>earn</strong></span> <span class='ocrx_word' id='word_1_419' title='bbox 988 3179 1054 3233; x_wconf 87' lang='lat' dir='ltr'><strong>dare</strong></span> <span class='ocrx_word' id='word_1_420' title='bbox 1080 3177 1234 3244; x_wconf 87' lang='lat' dir='ltr'><strong>debebant,</strong></span> <span class='ocrx_word' id='word_1_421' title='bbox 1264 3176 1555 3233; x_wconf 86' lang='lat' dir='ltr'><strong>excommunicaverim</strong></span> <span class='ocrx_word' id='word_1_422' title='bbox 1587 3175 1659 3241; x_wconf 91' lang='lat' dir='ltr'><strong>illos,</strong></span> <span class='ocrx_word' id='word_1_423' title='bbox 1690 3183 1716 3232; x_wconf 91' lang='lat' dir='ltr'><strong>et</strong></span> 
     </span>
     <span class='ocr_line' id='line_1_35' title="bbox 61 3262 1713 3336; baseline -0.002 -15"><span class='ocrx_word' id='word_1_424' title='bbox 61 3263 117 3320; x_wconf 90' lang='lat' dir='ltr'><strong>Sed</strong></span> <span class='ocrx_word' id='word_1_425' title='bbox 126 3265 148 3320; x_wconf 93' lang='lat' dir='ltr'><strong>si</strong></span> <span class='ocrx_word' id='word_1_426' title='bbox 162 3264 233 3321; x_wconf 82' lang='lat' dir='ltr'><strong>torte</strong></span> <span class='ocrx_word' id='word_1_427' title='bbox 248 3265 354 3319; x_wconf 88' lang='lat' dir='ltr'><strong>animos</strong></span> <span class='ocrx_word' id='word_1_428' title='bbox 368 3263 462 3318; x_wconf 80' lang='lat' dir='ltr'><strong>vinces</strong></span> <span class='ocrx_word' id='word_1_429' title='bbox 476 3262 511 3317; x_wconf 83' lang='lat' dir='ltr'><strong>sd</strong></span> <span class='ocrx_word' id='word_1_430' title='bbox 524 3268 622 3317; x_wconf 82' lang='lat' dir='ltr'><strong>cuncte</strong></span> <span class='ocrx_word' id='word_1_431' title='bbox 636 3266 789 3332; x_wconf 76' lang='lat' dir='ltr'><strong>protervos,</strong></span> <span class='ocrx_word' id='word_1_432' title='bbox 913 3266 1034 3322; x_wconf 90' lang='lat' dir='ltr'><strong>habebas</strong></span> <span class='ocrx_word' id='word_1_433' title='bbox 1049 3266 1226 3322; x_wconf 85' lang='lat' dir='ltr'><strong>imbreviatos</strong></span> <span class='ocrx_word' id='word_1_434' title='bbox 1241 3274 1306 3336; x_wconf 91' lang='lat' dir='ltr'><strong>quot</strong></span> <span class='ocrx_word' id='word_1_435' title='bbox 1321 3264 1436 3320; x_wconf 85' lang='lat' dir='ltr'><strong>infantes</strong></span> <span class='ocrx_word' id='word_1_436' title='bbox 1460 3265 1519 3320; x_wconf 91' lang='lat' dir='ltr'><strong>sine</strong></span> <span class='ocrx_word' id='word_1_437' title='bbox 1543 3264 1713 3333; x_wconf 87' lang='lat' dir='ltr'><strong>baptismate,</strong></span> 
     </span>
     <span class='ocr_line' id='line_1_36' title="bbox 99 3350 1714 3426; baseline -0.006 -12"><span class='ocrx_word' id='word_1_438' title='bbox 99 3354 230 3426; x_wconf 68' lang='lat' dir='ltr'><strong>liquibus</strong></span> <span class='ocrx_word' id='word_1_439' title='bbox 247 3370 280 3408; x_wconf 84' lang='lat' dir='ltr'><strong>ex</strong></span> <span class='ocrx_word' id='word_1_440' title='bbox 295 3351 385 3407; x_wconf 77' lang='lat' dir='ltr'><strong>studio</strong></span> <span class='ocrx_word' id='word_1_441' title='bbox 399 3351 480 3407; x_wconf 73' lang='lat' dir='ltr'><strong>valde</strong></span> <span class='ocrx_word' id='word_1_442' title='bbox 496 3357 590 3405; x_wconf 72' lang='lat' dir='ltr'><strong>lesere</strong></span> <span class='ocrx_word' id='word_1_443' title='bbox 612 3357 667 3414; x_wconf 69' lang='lat'>¹¹10,</span> <span class='ocrx_word' id='word_1_444' title='bbox 913 3362 939 3409; x_wconf 91' lang='lat' dir='ltr'><strong>et</strong></span> <span class='ocrx_word' id='word_1_445' title='bbox 965 3362 1031 3425; x_wconf 90' lang='lat' dir='ltr'><strong>quot</strong></span> <span class='ocrx_word' id='word_1_446' title='bbox 1069 3354 1192 3408; x_wconf 86' lang='lat' dir='ltr'><strong>homines</strong></span> <span class='ocrx_word' id='word_1_447' title='bbox 1217 3354 1275 3408; x_wconf 88' lang='lat' dir='ltr'><strong>sine</strong></span> <span class='ocrx_word' id='word_1_448' title='bbox 1288 3352 1476 3409; x_wconf 88' lang='lat' dir='ltr'><strong>communione</strong></span> <span class='ocrx_word' id='word_1_449' title='bbox 1504 3352 1568 3407; x_wconf 91' lang='lat' dir='ltr'><strong>inde</strong></span> <span class='ocrx_word' id='word_1_450' title='bbox 1588 3350 1714 3417; x_wconf 91' lang='lat' dir='ltr'><strong>obierint,</strong></span> 
     </span>
     <span class='ocr_line' id='line_1_37' title="bbox 59 3437 1715 3514; baseline -0.002 -18"><span class='ocrx_word' id='word_1_451' title='bbox 59 3437 209 3496; x_wconf 78' lang='lat' dir='ltr'><strong>Confestim</strong></span> <span class='ocrx_word' id='word_1_452' title='bbox 223 3440 329 3513; x_wconf 89' lang='lat' dir='ltr'><strong>poteris</strong></span> <span class='ocrx_word' id='word_1_453' title='bbox 343 3453 440 3496; x_wconf 87' lang='lat' dir='ltr'><strong>secure</strong></span> <span class='ocrx_word' id='word_1_454' title='bbox 455 3453 521 3494; x_wconf 89' lang='lat' dir='ltr'><strong>vera</strong></span> <span class='ocrx_word' id='word_1_455' title='bbox 531 3446 634 3502; x_wconf 89' lang='lat' dir='ltr'><strong>tenere,</strong></span> <span class='ocrx_word' id='word_1_456' title='bbox 912 3458 973 3514; x_wconf 85' lang='lat' dir='ltr'><strong>quae</strong></span> <span class='ocrx_word' id='word_1_457' title='bbox 987 3442 1052 3496; x_wconf 88' lang='lat' dir='ltr'><strong>mihi</strong></span> <span class='ocrx_word' id='word_1_458' title='bbox 1067 3442 1095 3496; x_wconf 89' lang='lat' dir='ltr'><strong>in</strong></span> <span class='ocrx_word' id='word_1_459' title='bbox 1110 3441 1250 3513; x_wconf 90' lang='lat' dir='ltr'><strong>publicum</strong></span> <span class='ocrx_word' id='word_1_460' title='bbox 1265 3441 1384 3510; x_wconf 86' lang='lat' dir='ltr'><strong>objicere</strong></span> <span class='ocrx_word' id='word_1_461' title='bbox 1403 3439 1500 3502; x_wconf 89' lang='lat' dir='ltr'><strong>nolles,</strong></span> <span class='ocrx_word' id='word_1_462' title='bbox 1509 3455 1543 3495; x_wconf 93' lang='lat' dir='ltr'><strong>ne</strong></span> <span class='ocrx_word' id='word_1_463' title='bbox 1556 3448 1652 3511; x_wconf 90' lang='lat' dir='ltr'><strong>postea</strong></span> <span class='ocrx_word' id='word_1_464' title='bbox 1666 3438 1715 3493; x_wconf 95' lang='lat' dir='ltr'><strong>tibi</strong></span> 
     </span>
     <span class='ocr_line' id='line_1_38' title="bbox 100 3525 1715 3601; baseline -0.001 -17"><span class='ocrx_word' id='word_1_465' title='bbox 100 3528 232 3601; x_wconf 79' lang='lat' dir='ltr'><strong>lquibus</strong></span> <span class='ocrx_word' id='word_1_466' title='bbox 247 3536 274 3584; x_wconf 90' lang='lat' dir='ltr'><strong>et</strong></span> <span class='ocrx_word' id='word_1_467' title='bbox 289 3528 386 3584; x_wconf 92' lang='lat' dir='ltr'><strong>nolens</strong></span> <span class='ocrx_word' id='word_1_468' title='bbox 399 3525 521 3583; x_wconf 89' lang='lat' dir='ltr'><strong>vinceris</strong></span> <span class='ocrx_word' id='word_1_469' title='bbox 545 3525 604 3596; x_wconf 90' lang='lat' dir='ltr'><strong>ipse</strong></span> <span class='ocrx_word' id='word_1_470' title='bbox 614 3525 705 3580; x_wconf 91' lang='lat' dir='ltr'><strong>modo.</strong></span> <span class='ocrx_word' id='word_1_471' title='bbox 912 3531 1135 3601; x_wconf 91' lang='lat' dir='ltr'><strong>improperarem,</strong></span> <span class='ocrx_word' id='word_1_472' title='bbox 1152 3530 1225 3601; x_wconf 92' lang='lat' dir='ltr'><strong>quod</strong></span> <span class='ocrx_word' id='word_1_473' title='bbox 1241 3529 1264 3584; x_wconf 93' lang='lat' dir='ltr'><strong>si</strong></span> <span class='ocrx_word' id='word_1_474' title='bbox 1278 3529 1329 3583; x_wconf 88' lang='lat' dir='ltr'><strong>alia</strong></span> <span class='ocrx_word' id='word_1_475' title='bbox 1344 3529 1414 3583; x_wconf 89' lang='lat' dir='ltr'><strong>mala</strong></span> <span class='ocrx_word' id='word_1_476' title='bbox 1427 3529 1461 3584; x_wconf 90' lang='lat' dir='ltr'><strong>de</strong></span> <span class='ocrx_word' id='word_1_477' title='bbox 1475 3543 1519 3583; x_wconf 91' lang='lat' dir='ltr'><strong>me</strong></span> <span class='ocrx_word' id='word_1_478' title='bbox 1541 3527 1637 3594; x_wconf 89' lang='lat' dir='ltr'><strong>scires,</strong></span> <span class='ocrx_word' id='word_1_479' title='bbox 1668 3527 1715 3582; x_wconf 88' lang='lat' dir='ltr'><strong>illa</strong></span> 
     </span>
     <span class='ocr_line' id='line_1_39' title="bbox 57 3609 1711 3688; baseline -0.001 -17"><span class='ocrx_word' id='word_1_480' title='bbox 57 3614 148 3688; x_wconf 76' lang='lat' dir='ltr'><strong>thue</strong></span> <span class='ocrx_word' id='word_1_481' title='bbox 159 3616 260 3688; x_wconf 86' lang='lat' dir='ltr'><strong>duplex</strong></span> <span class='ocrx_word' id='word_1_482' title='bbox 279 3616 379 3684; x_wconf 87' lang='lat' dir='ltr'><strong>animo,</strong></span> <span class='ocrx_word' id='word_1_483' title='bbox 396 3615 554 3671; x_wconf 89' lang='lat' dir='ltr'><strong>inconstans</strong></span> <span class='ocrx_word' id='word_1_484' title='bbox 568 3628 618 3683; x_wconf 90' lang='lat' dir='ltr'><strong>per</strong></span> <span class='ocrx_word' id='word_1_485' title='bbox 632 3621 727 3669; x_wconf 79' lang='lat' dir='ltr'><strong>cuncte</strong></span> <span class='ocrx_word' id='word_1_486' title='bbox 751 3609 861 3676; x_wconf 68' lang='lat' dir='ltr'><strong>viselle.</strong></span> <span class='ocrx_word' id='word_1_487' title='bbox 913 3618 994 3674; x_wconf 90' lang='lat' dir='ltr'><strong>etiam</strong></span> <span class='ocrx_word' id='word_1_488' title='bbox 1008 3618 1125 3674; x_wconf 89' lang='lat' dir='ltr'><strong>diceres.</strong></span> <span class='ocrx_word' id='word_1_489' title='bbox 1142 3617 1220 3674; x_wconf 89' lang='lat' dir='ltr'><strong>Unde</strong></span> <span class='ocrx_word' id='word_1_490' title='bbox 1234 3617 1281 3672; x_wconf 92' lang='lat' dir='ltr'><strong>tibi</strong></span> <span class='ocrx_word' id='word_1_491' title='bbox 1296 3616 1385 3671; x_wconf 89' lang='lat' dir='ltr'><strong>statim</strong></span> <span class='ocrx_word' id='word_1_492' title='bbox 1400 3632 1449 3687; x_wconf 89' lang='lat' dir='ltr'><strong>per</strong></span> <span class='ocrx_word' id='word_1_493' title='bbox 1464 3632 1526 3672; x_wconf 89' lang='lat' dir='ltr'><strong>enm</strong></span> <span class='ocrx_word' id='word_1_494' title='bbox 1540 3614 1711 3682; x_wconf 88' lang='lat' dir='ltr'><strong>remandavi,</strong></span> 
     </span>
     <span class='ocr_line' id='line_1_40' title="bbox 103 3701 1710 3778; baseline -0.001 -18"><span class='ocrx_word' id='word_1_495' title='bbox 103 3705 202 3777; x_wconf 77' lang='lat' dir='ltr'><strong>Lingua</strong></span> <span class='ocrx_word' id='word_1_496' title='bbox 218 3705 383 3761; x_wconf 86' lang='lat' dir='ltr'><strong>assentantis</strong></span> <span class='ocrx_word' id='word_1_497' title='bbox 398 3703 476 3776; x_wconf 80' lang='lat' dir='ltr'><strong>regia</strong></span> <span class='ocrx_word' id='word_1_498' title='bbox 491 3702 573 3757; x_wconf 91' lang='lat' dir='ltr'><strong>corda</strong></span> <span class='ocrx_word' id='word_1_499' title='bbox 589 3701 660 3756; x_wconf 92' lang='lat' dir='ltr'><strong>linis.</strong></span> <span class='ocrx_word' id='word_1_500' title='bbox 913 3706 976 3778; x_wconf 91' lang='lat' dir='ltr'><strong>quia</strong></span> <span class='ocrx_word' id='word_1_501' title='bbox 991 3714 1017 3760; x_wconf 89' lang='lat' dir='ltr'><strong>et</strong></span> <span class='ocrx_word' id='word_1_502' title='bbox 1040 3706 1113 3771; x_wconf 88' lang='lat' dir='ltr'><strong>inde,</strong></span> <span class='ocrx_word' id='word_1_503' title='bbox 1139 3713 1165 3760; x_wconf 90' lang='lat' dir='ltr'><strong>et</strong></span> <span class='ocrx_word' id='word_1_504' title='bbox 1186 3705 1221 3761; x_wconf 89' lang='lat' dir='ltr'><strong>de</strong></span> <span class='ocrx_word' id='word_1_505' title='bbox 1246 3705 1451 3776; x_wconf 89' lang='lat' dir='ltr'><strong>quibuscunque</strong></span> <span class='ocrx_word' id='word_1_506' title='bbox 1459 3703 1554 3767; x_wconf 87' lang='lat' dir='ltr'><strong>velles,</strong></span> <span class='ocrx_word' id='word_1_507' title='bbox 1570 3719 1632 3777; x_wconf 83' lang='lat' dir='ltr'><strong>quae</strong></span> <span class='ocrx_word' id='word_1_508' title='bbox 1660 3703 1710 3758; x_wconf 91' lang='lat' dir='ltr'><strong>tibi</strong></span> 
     </span>
     <span class='ocr_line' id='line_1_41' title="bbox 53 3789 1713 3862; baseline -0.001 -13"><span class='ocrx_word' id='word_1_509' title='bbox 53 3789 147 3860; x_wconf 84' lang='lat' dir='ltr'><strong>Quem</strong></span> <span class='ocrx_word' id='word_1_510' title='bbox 162 3793 367 3850; x_wconf 90' lang='lat' dir='ltr'><strong>contemnendo</strong></span> <span class='ocrx_word' id='word_1_511' title='bbox 382 3791 454 3848; x_wconf 92' lang='lat' dir='ltr'><strong>nosti</strong></span> <span class='ocrx_word' id='word_1_512' title='bbox 468 3799 494 3846; x_wconf 88' lang='lat' dir='ltr'><strong>te</strong></span> <span class='ocrx_word' id='word_1_513' title='bbox 509 3790 608 3846; x_wconf 77' lang='lat' dir='ltr'><strong>ledere</strong></span> <span class='ocrx_word' id='word_1_514' title='bbox 623 3789 731 3856; x_wconf 89' lang='lat' dir='ltr'><strong>crebro,</strong></span> <span class='ocrx_word' id='word_1_515' title='bbox 911 3794 1067 3850; x_wconf 88' lang='lat' dir='ltr'><strong>viderentur</strong></span> <span class='ocrx_word' id='word_1_516' title='bbox 1089 3794 1234 3862; x_wconf 88' lang='lat' dir='ltr'><strong>objiceres,</strong></span> <span class='ocrx_word' id='word_1_517' title='bbox 1256 3792 1305 3849; x_wconf 90' lang='lat' dir='ltr'><strong>sed</strong></span> <span class='ocrx_word' id='word_1_518' title='bbox 1320 3793 1355 3848; x_wconf 93' lang='lat' dir='ltr'><strong>de</strong></span> <span class='ocrx_word' id='word_1_519' title='bbox 1368 3794 1419 3849; x_wconf 90' lang='lat' dir='ltr'><strong>hac</strong></span> <span class='ocrx_word' id='word_1_520' title='bbox 1433 3808 1513 3848; x_wconf 87' lang='lat' dir='ltr'><strong>cansa</strong></span> <span class='ocrx_word' id='word_1_521' title='bbox 1538 3808 1633 3849; x_wconf 90' lang='lat' dir='ltr'><strong>verum</strong></span> <span class='ocrx_word' id='word_1_522' title='bbox 1657 3807 1713 3848; x_wconf 92' lang='lat' dir='ltr'><strong>non</strong></span> 
     </span>
     <span class='ocr_line' id='line_1_42' title="bbox 103 3879 1770 3955; baseline 0 -20"><span class='ocrx_word' id='word_1_523' title='bbox 103 3881 158 3938; x_wconf 89' lang='lat' dir='ltr'><strong>Non</strong></span> <span class='ocrx_word' id='word_1_524' title='bbox 173 3897 273 3953; x_wconf 89' lang='lat' dir='ltr'><strong>parens</strong></span> <span class='ocrx_word' id='word_1_525' title='bbox 288 3881 361 3937; x_wconf 90' lang='lat' dir='ltr'><strong>dicto</strong></span> <span class='ocrx_word' id='word_1_526' title='bbox 376 3880 445 3951; x_wconf 77' lang='lat' dir='ltr'><strong>legis</strong></span> <span class='ocrx_word' id='word_1_527' title='bbox 459 3879 625 3951; x_wconf 76' lang='lat' dir='ltr'><strong>apostolice,</strong></span> <span class='ocrx_word' id='word_1_528' title='bbox 913 3882 1029 3938; x_wconf 86' lang='lat' dir='ltr'><strong>diceres.</strong></span> <span class='ocrx_word' id='word_1_529' title='bbox 1047 3883 1141 3937; x_wconf 90' lang='lat' dir='ltr'><strong>Habeo</strong></span> <span class='ocrx_word' id='word_1_530' title='bbox 1156 3881 1229 3937; x_wconf 90' lang='lat' dir='ltr'><strong>enirn</strong></span> <span class='ocrx_word' id='word_1_531' title='bbox 1243 3882 1374 3955; x_wconf 80' lang='lat' dir='ltr'><strong>seriptum</strong></span> <span class='ocrx_word' id='word_1_532' title='bbox 1388 3897 1517 3952; x_wconf 90' lang='lat' dir='ltr'><strong>perverse</strong></span> <span class='ocrx_word' id='word_1_533' title='bbox 1539 3897 1553 3936; x_wconf 92' lang='lat' dir='ltr'><strong>a</strong></span> <span class='ocrx_word' id='word_1_534' title='bbox 1578 3889 1604 3936; x_wconf 90' lang='lat' dir='ltr'><strong>te</strong></span> <span class='ocrx_word' id='word_1_535' title='bbox 1628 3880 1714 3936; x_wconf 90' lang='lat' dir='ltr'><strong>colle·</strong></span> <span class='ocrx_word' id='word_1_536' title='bbox 1768 3914 1770 3918; x_wconf 91' lang='lat'><em>-</em></span> 
     </span>
     <span class='ocr_line' id='line_1_43' title="bbox 51 3963 1717 4043; baseline -0.007 -7"><span class='ocrx_word' id='word_1_537' title='bbox 51 3963 139 4036; x_wconf 71' lang='lat' dir='ltr'><strong>Qued</strong></span> <span class='ocrx_word' id='word_1_538' title='bbox 154 3971 265 4026; x_wconf 75' lang='lat' dir='ltr'><strong>demum</strong></span> <span class='ocrx_word' id='word_1_539' title='bbox 279 3968 366 4025; x_wconf 73' lang='lat' dir='ltr'><strong>seneli</strong></span> <span class='ocrx_word' id='word_1_540' title='bbox 379 3983 508 4034; x_wconf 75' lang='lat' dir='ltr'><strong>esss0sseS.</strong></span> <span class='ocrx_word' id='word_1_541' title='bbox 526 3982 575 4021; x_wconf 73' lang='lat'>⁵011</span> <span class='ocrx_word' id='word_1_542' title='bbox 590 3965 699 4036; x_wconf 62' lang='lat' dir='ltr'><strong>publiea</strong></span> <span class='ocrx_word' id='word_1_543' title='bbox 711 3965 785 4034; x_wconf 75' lang='lat' dir='ltr'><strong>jere.</strong></span> <span class='ocrx_word' id='word_1_544' title='bbox 913 3979 996 4037; x_wconf 89' lang='lat' dir='ltr'><strong>otum,</strong></span> <span class='ocrx_word' id='word_1_545' title='bbox 1013 3978 1040 4026; x_wconf 90' lang='lat' dir='ltr'><strong>et</strong></span> <span class='ocrx_word' id='word_1_546' title='bbox 1054 3971 1211 4043; x_wconf 89' lang='lat' dir='ltr'><strong>perversius</strong></span> <span class='ocrx_word' id='word_1_547' title='bbox 1226 3987 1285 4041; x_wconf 86' lang='lat' dir='ltr'><strong>qnae</strong></span> <span class='ocrx_word' id='word_1_548' title='bbox 1301 3970 1435 4043; x_wconf 82' lang='lat' dir='ltr'><strong>collegisti</strong></span> <span class='ocrx_word' id='word_1_549' title='bbox 1445 3969 1631 4041; x_wconf 89' lang='lat' dir='ltr'><strong>interpretata,</strong></span> <span class='ocrx_word' id='word_1_550' title='bbox 1644 3969 1717 4043; x_wconf 90' lang='lat' dir='ltr'><strong>qnod</strong></span> 
     </span>
     <span class='ocr_line' id='line_1_44' title="bbox 104 4054 1717 4132; baseline -0.001 -17"><span class='ocrx_word' id='word_1_551' title='bbox 104 4059 132 4113; x_wconf 79' lang='lat' dir='ltr'><strong>lit</strong></span> <span class='ocrx_word' id='word_1_552' title='bbox 145 4059 221 4131; x_wconf 92' lang='lat' dir='ltr'><strong>qnod</strong></span> <span class='ocrx_word' id='word_1_553' title='bbox 241 4059 305 4114; x_wconf 89' lang='lat' dir='ltr'><strong>hinc</strong></span> <span class='ocrx_word' id='word_1_554' title='bbox 320 4057 400 4113; x_wconf 89' lang='lat' dir='ltr'><strong>sedes</strong></span> <span class='ocrx_word' id='word_1_555' title='bbox 416 4056 502 4112; x_wconf 82' lang='lat' dir='ltr'><strong>saneti</strong></span> <span class='ocrx_word' id='word_1_556' title='bbox 516 4054 676 4127; x_wconf 78' lang='lat' dir='ltr'><strong>apostolice·</strong></span> <span class='ocrx_word' id='word_1_557' title='bbox 913 4074 963 4131; x_wconf 88' lang='lat' dir='ltr'><strong>per</strong></span> <span class='ocrx_word' id='word_1_558' title='bbox 977 4074 1075 4114; x_wconf 91' lang='lat' dir='ltr'><strong>manus</strong></span> <span class='ocrx_word' id='word_1_559' title='bbox 1090 4059 1198 4114; x_wconf 87' lang='lat' dir='ltr'><strong>Hadnlsr</strong></span> <span class='ocrx_word' id='word_1_560' title='bbox 1218 4059 1448 4132; x_wconf 85' lang='lat' dir='ltr'><strong>archipresbyteri</strong></span> <span class='ocrx_word' id='word_1_561' title='bbox 1469 4059 1508 4114; x_wconf 92' lang='lat' dir='ltr'><strong>tui</strong></span> <span class='ocrx_word' id='word_1_562' title='bbox 1530 4059 1624 4130; x_wconf 91' lang='lat' dir='ltr'><strong>accepi</strong></span> <span class='ocrx_word' id='word_1_563' title='bbox 1643 4076 1650 4113; x_wconf 93' lang='lat'>:</span> <span class='ocrx_word' id='word_1_564' title='bbox 1667 4056 1717 4114; x_wconf 88' lang='lat' dir='ltr'><strong>sed</strong></span> 
     </span>
     <span class='ocr_line' id='line_1_45' title="bbox 59 4139 1717 4220; baseline 0.002 -23"><span class='ocrx_word' id='word_1_565' title='bbox 59 4139 172 4204; x_wconf 85' lang='lat' dir='ltr'><strong>Scilicet</strong></span> <span class='ocrx_word' id='word_1_566' title='bbox 186 4154 216 4202; x_wconf 89' lang='lat' dir='ltr'><strong>ut</strong></span> <span class='ocrx_word' id='word_1_567' title='bbox 227 4146 316 4201; x_wconf 89' lang='lat' dir='ltr'><strong>subsit</strong></span> <span class='ocrx_word' id='word_1_568' title='bbox 330 4146 433 4217; x_wconf 76' lang='lat' dir='ltr'><strong>quasvis</strong></span> <span class='ocrx_word' id='word_1_569' title='bbox 447 4143 588 4216; x_wconf 86' lang='lat' dir='ltr'><strong>provincia</strong></span> <span class='ocrx_word' id='word_1_570' title='bbox 609 4142 668 4197; x_wconf 87' lang='lat' dir='ltr'><strong>sedi</strong></span> <span class='ocrx_word' id='word_1_571' title='bbox 913 4155 939 4203; x_wconf 92' lang='lat' dir='ltr'><strong>et</strong></span> <span class='ocrx_word' id='word_1_572' title='bbox 954 4155 1040 4220; x_wconf 73' lang='lat' dir='ltr'><strong>gesta,</strong></span> <span class='ocrx_word' id='word_1_573' title='bbox 1057 4164 1118 4219; x_wconf 82' lang='lat' dir='ltr'><strong>qum</strong></span> <span class='ocrx_word' id='word_1_574' title='bbox 1132 4149 1166 4202; x_wconf 93' lang='lat' dir='ltr'><strong>de</strong></span> <span class='ocrx_word' id='word_1_575' title='bbox 1189 4148 1249 4218; x_wconf 90' lang='lat' dir='ltr'><strong>ipsa</strong></span> <span class='ocrx_word' id='word_1_576' title='bbox 1277 4148 1395 4203; x_wconf 86' lang='lat' dir='ltr'><strong>ecclesie</strong></span> <span class='ocrx_word' id='word_1_577' title='bbox 1409 4155 1436 4202; x_wconf 90' lang='lat' dir='ltr'><strong>tn</strong></span> <span class='ocrx_word' id='word_1_578' title='bbox 1451 4147 1541 4218; x_wconf 80' lang='lat' dir='ltr'><strong>egisti,</strong></span> <span class='ocrx_word' id='word_1_579' title='bbox 1562 4158 1588 4203; x_wconf 91' lang='lat' dir='ltr'><strong>et</strong></span> <span class='ocrx_word' id='word_1_580' title='bbox 1604 4147 1717 4219; x_wconf 83' lang='lat' dir='ltr'><strong>qualiter</strong></span> 
     </span>
     <span class='ocr_line' id='line_1_46' title="bbox 104 4216 1717 4307; baseline -0.001 -16"><span class='ocrx_word' id='word_1_581' title='bbox 104 4233 313 4306; x_wconf 67' lang='lat' dir='ltr'><strong>Metropolitanae</strong></span> <span class='ocrx_word' id='word_1_582' title='bbox 328 4249 436 4304; x_wconf 88' lang='lat' dir='ltr'><strong>semper</strong></span> <span class='ocrx_word' id='word_1_583' title='bbox 450 4232 550 4304; x_wconf 89' lang='lat' dir='ltr'><strong>ubique</strong></span> <span class='ocrx_word' id='word_1_584' title='bbox 566 4247 631 4286; x_wconf 83' lang='lat' dir='ltr'><strong>suae.</strong></span> <span class='ocrx_word' id='word_1_585' title='bbox 653 4301 656 4305; x_wconf 9' lang='grc' dir='ltr'><em>φ</em></span> <span class='ocrx_word' id='word_1_586' title='bbox 914 4243 940 4289; x_wconf 90' lang='lat' dir='ltr'><strong>et</strong></span> <span class='ocrx_word' id='word_1_587' title='bbox 955 4252 1016 4306; x_wconf 79' lang='lat' dir='ltr'><strong>quae</strong></span> <span class='ocrx_word' id='word_1_588' title='bbox 1030 4233 1094 4289; x_wconf 93' lang='lat' dir='ltr'><strong>inde</strong></span> <span class='ocrx_word' id='word_1_589' title='bbox 1109 4251 1162 4307; x_wconf 81' lang='lat' dir='ltr'><strong>ego</strong></span> <span class='ocrx_word' id='word_1_590' title='bbox 1172 4235 1227 4306; x_wconf 78' lang='lat' dir='ltr'><strong>egi,</strong></span> <span class='ocrx_word' id='word_1_591' title='bbox 1252 4250 1316 4290; x_wconf 90' lang='lat' dir='ltr'><strong>vera</strong></span> <span class='ocrx_word' id='word_1_592' title='bbox 1332 4216 1487 4289; x_wconf 65' lang='lat' dir='ltr'><strong>nairatione</strong></span> <span class='ocrx_word' id='word_1_593' title='bbox 1509 4235 1673 4306; x_wconf 88' lang='lat' dir='ltr'><strong>conscripta,</strong></span> <span class='ocrx_word' id='word_1_594' title='bbox 1690 4242 1717 4290; x_wconf 89' lang='lat' dir='ltr'><strong>et</strong></span> 
     </span>
     <span class='ocr_line' id='line_1_47' title="bbox 67 4317 1716 4394; baseline 0.001 -18"><span class='ocrx_word' id='word_1_595' title='bbox 67 4320 97 4376; x_wconf 86' lang='lat' dir='ltr'><strong>Si</strong></span> <span class='ocrx_word' id='word_1_596' title='bbox 105 4323 151 4389; x_wconf 90' lang='lat' dir='ltr'><strong>vis,</strong></span> <span class='ocrx_word' id='word_1_597' title='bbox 168 4323 193 4379; x_wconf 91' lang='lat' dir='ltr'><strong>si</strong></span> <span class='ocrx_word' id='word_1_598' title='bbox 206 4338 263 4379; x_wconf 91' lang='lat' dir='ltr'><strong>nou</strong></span> <span class='ocrx_word' id='word_1_599' title='bbox 280 4322 332 4391; x_wconf 87' lang='lat' dir='ltr'><strong>vis,</strong></span> <span class='ocrx_word' id='word_1_600' title='bbox 349 4320 458 4377; x_wconf 84' lang='lat' dir='ltr'><strong>firmum</strong></span> <span class='ocrx_word' id='word_1_601' title='bbox 472 4319 606 4378; x_wconf 80' lang='lat' dir='ltr'><strong>constabit</strong></span> <span class='ocrx_word' id='word_1_602' title='bbox 620 4317 648 4373; x_wconf 83' lang='lat' dir='ltr'><strong>in</strong></span> <span class='ocrx_word' id='word_1_603' title='bbox 662 4333 760 4383; x_wconf 82' lang='lat' dir='ltr'><strong>aevum,</strong></span> <span class='ocrx_word' id='word_1_604' title='bbox 914 4323 1132 4394; x_wconf 88' lang='lat' dir='ltr'><strong>quandocunque</strong></span> <span class='ocrx_word' id='word_1_605' title='bbox 1146 4323 1241 4391; x_wconf 88' lang='lat' dir='ltr'><strong>velles,</strong></span> <span class='ocrx_word' id='word_1_606' title='bbox 1258 4330 1303 4376; x_wconf 91' lang='lat' dir='ltr'><strong>aut</strong></span> <span class='ocrx_word' id='word_1_607' title='bbox 1323 4338 1385 4379; x_wconf 86' lang='lat' dir='ltr'><strong>cunr</strong></span> <span class='ocrx_word' id='word_1_608' title='bbox 1409 4322 1571 4392; x_wconf 90' lang='lat' dir='ltr'><strong>quibusdam</strong></span> <span class='ocrx_word' id='word_1_609' title='bbox 1591 4321 1716 4378; x_wconf 83' lang='lat' dir='ltr'><strong>iratribus</strong></span> 
     </span>
     <span class='ocr_line' id='line_1_48' title="bbox 103 4403 1715 4481; baseline -0.001 -15"><span class='ocrx_word' id='word_1_610' title='bbox 103 4411 142 4468; x_wconf 91' lang='lat' dir='ltr'><strong>Sic</strong></span> <span class='ocrx_word' id='word_1_611' title='bbox 156 4427 223 4467; x_wconf 86' lang='lat' dir='ltr'><strong>rere</strong></span> <span class='ocrx_word' id='word_1_612' title='bbox 239 4418 347 4467; x_wconf 86' lang='lat' dir='ltr'><strong>sanctus</strong></span> <span class='ocrx_word' id='word_1_613' title='bbox 364 4409 479 4481; x_wconf 87' lang='lat' dir='ltr'><strong>Spiritus</strong></span> <span class='ocrx_word' id='word_1_614' title='bbox 492 4407 616 4474; x_wconf 89' lang='lat' dir='ltr'><strong>instituit,</strong></span> <span class='ocrx_word' id='word_1_615' title='bbox 879 4403 943 4466; x_wconf 92' lang='lat' dir='ltr'><strong>Det</strong></span> <span class='ocrx_word' id='word_1_616' title='bbox 972 4411 1214 4468; x_wconf 89' lang='lat' dir='ltr'><strong>consacerdotibus</strong></span> <span class='ocrx_word' id='word_1_617' title='bbox 1237 4410 1345 4479; x_wconf 90' lang='lat' dir='ltr'><strong>nostris,</strong></span> <span class='ocrx_word' id='word_1_618' title='bbox 1364 4417 1410 4464; x_wconf 90' lang='lat' dir='ltr'><strong>aut</strong></span> <span class='ocrx_word' id='word_1_619' title='bbox 1421 4410 1444 4464; x_wconf 95' lang='lat' dir='ltr'><strong>si</strong></span> <span class='ocrx_word' id='word_1_620' title='bbox 1459 4405 1543 4465; x_wconf 88' lang='lat' dir='ltr'><strong>velles</strong></span> <span class='ocrx_word' id='word_1_621' title='bbox 1564 4409 1592 4463; x_wconf 91' lang='lat' dir='ltr'><strong>in</strong></span> <span class='ocrx_word' id='word_1_622' title='bbox 1611 4409 1715 4480; x_wconf 83' lang='lat' dir='ltr'><strong>synodo</strong></span> 
     </span>
     <span class='ocr_line' id='line_1_49' title="bbox 70 4495 1716 4570; baseline -0.001 -16"><span class='ocrx_word' id='word_1_623' title='bbox 70 4495 102 4554; x_wconf 86' lang='lat' dir='ltr'><strong>u</strong></span> <span class='ocrx_word' id='word_1_624' title='bbox 113 4500 157 4555; x_wconf 91' lang='lat' dir='ltr'><strong>tibi</strong></span> <span class='ocrx_word' id='word_1_625' title='bbox 175 4499 334 4570; x_wconf 88' lang='lat' dir='ltr'><strong>conscripta</strong></span> <span class='ocrx_word' id='word_1_626' title='bbox 348 4498 376 4553; x_wconf 92' lang='lat' dir='ltr'><strong>in</strong></span> <span class='ocrx_word' id='word_1_627' title='bbox 391 4513 475 4569; x_wconf 80' lang='lat' dir='ltr'><strong>parvo</strong></span> <span class='ocrx_word' id='word_1_628' title='bbox 490 4496 637 4568; x_wconf 87' lang='lat' dir='ltr'><strong>diplomate</strong></span> <span class='ocrx_word' id='word_1_629' title='bbox 651 4495 713 4550; x_wconf 87' lang='lat' dir='ltr'><strong>misi</strong></span> <span class='ocrx_word' id='word_1_630' title='bbox 917 4499 964 4555; x_wconf 90' lang='lat' dir='ltr'><strong>tibi</strong></span> <span class='ocrx_word' id='word_1_631' title='bbox 988 4499 1170 4554; x_wconf 87' lang='lat' dir='ltr'><strong>ostenderem.</strong></span> <span class='ocrx_word' id='word_1_632' title='bbox 1198 4498 1289 4554; x_wconf 86' lang='lat' dir='ltr'><strong>Tacite</strong></span> <span class='ocrx_word' id='word_1_633' title='bbox 1313 4504 1404 4553; x_wconf 87' lang='lat' dir='ltr'><strong>eutem</strong></span> <span class='ocrx_word' id='word_1_634' title='bbox 1420 4498 1449 4552; x_wconf 94' lang='lat' dir='ltr'><strong>in</strong></span> <span class='ocrx_word' id='word_1_635' title='bbox 1473 4497 1522 4552; x_wconf 88' lang='lat' dir='ltr'><strong>hac</strong></span> <span class='ocrx_word' id='word_1_636' title='bbox 1543 4495 1716 4553; x_wconf 79' lang='lat' dir='ltr'><strong>coelestiane</strong></span> 
     </span>
     <span class='ocr_line' id='line_1_50' title="bbox 103 4584 1716 4659; baseline -0.002 -15"><span class='ocrx_word' id='word_1_637' title='bbox 103 4588 266 4644; x_wconf 88' lang='lat' dir='ltr'><strong>llhemorum</strong></span> <span class='ocrx_word' id='word_1_638' title='bbox 280 4586 381 4659; x_wconf 75' lang='lat' dir='ltr'><strong>presul</strong></span> <span class='ocrx_word' id='word_1_639' title='bbox 397 4585 570 4657; x_wconf 89' lang='lat' dir='ltr'><strong>metropolita</strong></span> <span class='ocrx_word' id='word_1_640' title='bbox 586 4592 667 4639; x_wconf 89' lang='lat' dir='ltr'><strong>tuus:</strong></span> <span class='ocrx_word' id='word_1_641' title='bbox 917 4595 970 4656; x_wconf 91' lang='lat' dir='ltr'><strong>toa,</strong></span> <span class='ocrx_word' id='word_1_642' title='bbox 988 4602 1040 4658; x_wconf 91' lang='lat' dir='ltr'><strong>qua</strong></span> <span class='ocrx_word' id='word_1_643' title='bbox 1054 4586 1156 4651; x_wconf 86' lang='lat' dir='ltr'><strong>dixisti,</strong></span> <span class='ocrx_word' id='word_1_644' title='bbox 1173 4586 1235 4658; x_wconf 90' lang='lat' dir='ltr'><strong>quia</strong></span> <span class='ocrx_word' id='word_1_645' title='bbox 1250 4586 1322 4658; x_wconf 90' lang='lat' dir='ltr'><strong>qnod</strong></span> <span class='ocrx_word' id='word_1_646' title='bbox 1337 4587 1371 4641; x_wconf 89' lang='lat' dir='ltr'><strong>de</strong></span> <span class='ocrx_word' id='word_1_647' title='bbox 1386 4586 1431 4641; x_wconf 89' lang='lat' dir='ltr'><strong>illa</strong></span> <span class='ocrx_word' id='word_1_648' title='bbox 1440 4584 1716 4643; x_wconf 84' lang='lat' dir='ltr'><strong>excommunicatione</strong></span> 
     </span>
     <span class='ocr_line' id='line_1_51' title="bbox 73 4671 1553 4748; baseline -0.001 -19"><span class='ocrx_word' id='word_1_649' title='bbox 73 4672 130 4742; x_wconf 76' lang='lat' dir='ltr'><strong>Qua</strong></span> <span class='ocrx_word' id='word_1_650' title='bbox 143 4676 264 4731; x_wconf 90' lang='lat' dir='ltr'><strong>mundus</strong></span> <span class='ocrx_word' id='word_1_651' title='bbox 284 4683 357 4730; x_wconf 89' lang='lat' dir='ltr'><strong>totns</strong></span> <span class='ocrx_word' id='word_1_652' title='bbox 372 4673 504 4745; x_wconf 89' lang='lat' dir='ltr'><strong>sequitur,</strong></span> <span class='ocrx_word' id='word_1_653' title='bbox 526 4680 681 4737; x_wconf 87' lang='lat' dir='ltr'><strong>veneratur,</strong></span> <span class='ocrx_word' id='word_1_654' title='bbox 702 4671 820 4726; x_wconf 92' lang='lat' dir='ltr'><strong>honorat</strong></span> <span class='ocrx_word' id='word_1_655' title='bbox 915 4674 1004 4731; x_wconf 81' lang='lat' dir='ltr'><strong>fecisti</strong></span> <span class='ocrx_word' id='word_1_656' title='bbox 1015 4689 1067 4748; x_wconf 81' lang='lat' dir='ltr'><strong>ego</strong></span> <span class='ocrx_word' id='word_1_657' title='bbox 1083 4675 1131 4730; x_wconf 92' lang='lat' dir='ltr'><strong>tibi</strong></span> <span class='ocrx_word' id='word_1_658' title='bbox 1145 4674 1291 4741; x_wconf 89' lang='lat' dir='ltr'><strong>insinuavi,</strong></span> <span class='ocrx_word' id='word_1_659' title='bbox 1306 4675 1358 4730; x_wconf 90' lang='lat' dir='ltr'><strong>tria</strong></span> <span class='ocrx_word' id='word_1_660' title='bbox 1372 4673 1553 4730; x_wconf 88' lang='lat' dir='ltr'><strong>consideravi.</strong></span> 
     </span>
     <span class='ocr_line' id='line_1_52' title="bbox 100 4759 1714 4836; baseline -0.001 -18"><span class='ocrx_word' id='word_1_661' title='bbox 100 4765 130 4818; x_wconf 83' lang='lat' dir='ltr'><strong>Et</strong></span> <span class='ocrx_word' id='word_1_662' title='bbox 142 4765 292 4835; x_wconf 89' lang='lat' dir='ltr'><strong>reprobare</strong></span> <span class='ocrx_word' id='word_1_663' title='bbox 306 4763 416 4834; x_wconf 89' lang='lat' dir='ltr'><strong>nequis,</strong></span> <span class='ocrx_word' id='word_1_664' title='bbox 429 4761 452 4817; x_wconf 89' lang='lat' dir='ltr'><strong>si</strong></span> <span class='ocrx_word' id='word_1_665' title='bbox 464 4761 536 4817; x_wconf 88' lang='lat' dir='ltr'><strong>male</strong></span> <span class='ocrx_word' id='word_1_666' title='bbox 551 4760 622 4817; x_wconf 82' lang='lat' dir='ltr'><strong>forte</strong></span> <span class='ocrx_word' id='word_1_667' title='bbox 635 4759 704 4815; x_wconf 88' lang='lat' dir='ltr'><strong>velis</strong></span> <span class='ocrx_word' id='word_1_668' title='bbox 950 4763 1073 4818; x_wconf 90' lang='lat' dir='ltr'><strong>Primum</strong></span> <span class='ocrx_word' id='word_1_669' title='bbox 1088 4764 1210 4835; x_wconf 91' lang='lat' dir='ltr'><strong>quidem,</strong></span> <span class='ocrx_word' id='word_1_670' title='bbox 1224 4763 1353 4836; x_wconf 89' lang='lat' dir='ltr'><strong>quoniam</strong></span> <span class='ocrx_word' id='word_1_671' title='bbox 1368 4763 1390 4817; x_wconf 90' lang='lat' dir='ltr'><strong>si</strong></span> <span class='ocrx_word' id='word_1_672' title='bbox 1401 4762 1470 4817; x_wconf 90' lang='lat' dir='ltr'><strong>ratio</strong></span> <span class='ocrx_word' id='word_1_673' title='bbox 1489 4762 1560 4817; x_wconf 89' lang='lat' dir='ltr'><strong>inter</strong></span> <span class='ocrx_word' id='word_1_674' title='bbox 1575 4770 1602 4817; x_wconf 88' lang='lat' dir='ltr'><strong>te</strong></span> <span class='ocrx_word' id='word_1_675' title='bbox 1613 4769 1639 4819; x_wconf 87' lang='lat' dir='ltr'><strong>et</strong></span> <span class='ocrx_word' id='word_1_676' title='bbox 1655 4761 1714 4818; x_wconf 90' lang='lat' dir='ltr'><strong>cle·</strong></span> 
     </span>
     <span class='ocr_line' id='line_1_53' title="bbox 75 4848 1714 4922; baseline 0.001 -18"><span class='ocrx_word' id='word_1_677' title='bbox 75 4849 193 4908; x_wconf 72' lang='lat' dir='ltr'><strong>Versibus</strong></span> <span class='ocrx_word' id='word_1_678' title='bbox 207 4852 337 4919; x_wconf 88' lang='lat' dir='ltr'><strong>inversis,</strong></span> <span class='ocrx_word' id='word_1_679' title='bbox 349 4851 458 4920; x_wconf 86' lang='lat' dir='ltr'><strong>juvenis</strong></span> <span class='ocrx_word' id='word_1_680' title='bbox 476 4850 621 4906; x_wconf 88' lang='lat' dir='ltr'><strong>llincmare</strong></span> <span class='ocrx_word' id='word_1_681' title='bbox 637 4848 773 4916; x_wconf 87' lang='lat' dir='ltr'><strong>sacerdos,</strong></span> <span class='ocrx_word' id='word_1_682' title='bbox 915 4852 987 4908; x_wconf 90' lang='lat' dir='ltr'><strong>rieos</strong></span> <span class='ocrx_word' id='word_1_683' title='bbox 1000 4852 1188 4908; x_wconf 82' lang='lat' dir='ltr'><strong>laudunensis</strong></span> <span class='ocrx_word' id='word_1_684' title='bbox 1203 4851 1335 4907; x_wconf 78' lang='lat' dir='ltr'><strong>Ecclesia</strong></span> <span class='ocrx_word' id='word_1_685' title='bbox 1351 4849 1478 4920; x_wconf 82' lang='lat' dir='ltr'><strong>agitanda</strong></span> <span class='ocrx_word' id='word_1_686' title='bbox 1492 4849 1573 4917; x_wconf 83' lang='lat' dir='ltr'><strong>foret,</strong></span> <span class='ocrx_word' id='word_1_687' title='bbox 1594 4851 1628 4908; x_wconf 91' lang='lat' dir='ltr'><strong>de</strong></span> <span class='ocrx_word' id='word_1_688' title='bbox 1641 4850 1714 4922; x_wconf 83' lang='lat' dir='ltr'><strong>peti-</strong></span> 
     </span>
     <span class='ocr_line' id='line_1_54' title="bbox 101 4934 1715 4998; baseline -0.001 0"><span class='ocrx_word' id='word_1_689' title='bbox 101 4941 212 4998; x_wconf 87' lang='lat' dir='ltr'><strong>lleddita</strong></span> <span class='ocrx_word' id='word_1_690' title='bbox 226 4957 305 4997; x_wconf 87' lang='lat' dir='ltr'><strong>sume</strong></span> <span class='ocrx_word' id='word_1_691' title='bbox 315 4940 368 4995; x_wconf 91' lang='lat' dir='ltr'><strong>tuis</strong></span> <span class='ocrx_word' id='word_1_692' title='bbox 383 4939 500 4994; x_wconf 87' lang='lat' dir='ltr'><strong>sontibus</strong></span> <span class='ocrx_word' id='word_1_693' title='bbox 515 4939 611 4993; x_wconf 86' lang='lat' dir='ltr'><strong>bansta</strong></span> <span class='ocrx_word' id='word_1_694' title='bbox 627 4937 721 4993; x_wconf 88' lang='lat' dir='ltr'><strong>sacris.</strong></span> <span class='ocrx_word' id='word_1_695' title='bbox 916 4940 988 4995; x_wconf 91' lang='lat' dir='ltr'><strong>tione</strong></span> <span class='ocrx_word' id='word_1_696' title='bbox 1005 4955 1037 4995; x_wconf 89' lang='lat' dir='ltr'><strong>ex</strong></span> <span class='ocrx_word' id='word_1_697' title='bbox 1052 4934 1184 4997; x_wconf 85' lang='lat' dir='ltr'><strong>causisin</strong></span> <span class='ocrx_word' id='word_1_698' title='bbox 1198 4955 1229 4994; x_wconf 90' lang='lat' dir='ltr'><strong>ea</strong></span> <span class='ocrx_word' id='word_1_699' title='bbox 1243 4938 1453 4994; x_wconf 87' lang='lat' dir='ltr'><strong>continentibus·</strong></span> <span class='ocrx_word' id='word_1_700' title='bbox 1465 4939 1501 4994; x_wconf 89' lang='lat' dir='ltr'><strong>ab</strong></span> <span class='ocrx_word' id='word_1_701' title='bbox 1521 4939 1626 4996; x_wconf 89' lang='lat' dir='ltr'><strong>eisdem</strong></span> <span class='ocrx_word' id='word_1_702' title='bbox 1648 4939 1715 4996; x_wconf 90' lang='lat' dir='ltr'><strong>mihi</strong></span> 
     </span>
     <span class='ocr_line' id='line_1_55' title="bbox 73 5027 1712 5101; baseline -0.001 -18"><span class='ocrx_word' id='word_1_703' title='bbox 73 5028 96 5083; x_wconf 91' lang='lat' dir='ltr'><strong>lo</strong></span> <span class='ocrx_word' id='word_1_704' title='bbox 109 5030 210 5085; x_wconf 90' lang='lat' dir='ltr'><strong>sinibus</strong></span> <span class='ocrx_word' id='word_1_705' title='bbox 225 5029 342 5101; x_wconf 89' lang='lat' dir='ltr'><strong>propriis</strong></span> <span class='ocrx_word' id='word_1_706' title='bbox 355 5027 468 5099; x_wconf 89' lang='lat' dir='ltr'><strong>capiens</strong></span> <span class='ocrx_word' id='word_1_707' title='bbox 483 5027 544 5082; x_wconf 89' lang='lat' dir='ltr'><strong>hine</strong></span> <span class='ocrx_word' id='word_1_708' title='bbox 560 5027 691 5098; x_wconf 89' lang='lat' dir='ltr'><strong>septupla,</strong></span> <span class='ocrx_word' id='word_1_709' title='bbox 708 5033 783 5082; x_wconf 89' lang='lat' dir='ltr'><strong>vates</strong></span> <span class='ocrx_word' id='word_1_710' title='bbox 915 5036 1049 5101; x_wconf 88' lang='lat' dir='ltr'><strong>porrecta,</strong></span> <span class='ocrx_word' id='word_1_711' title='bbox 1080 5036 1170 5084; x_wconf 88' lang='lat' dir='ltr'><strong>atrum</strong></span> <span class='ocrx_word' id='word_1_712' title='bbox 1198 5033 1270 5082; x_wconf 90' lang='lat' dir='ltr'><strong>esset</strong></span> <span class='ocrx_word' id='word_1_713' title='bbox 1296 5042 1330 5080; x_wconf 90' lang='lat' dir='ltr'><strong>an</strong></span> <span class='ocrx_word' id='word_1_714' title='bbox 1356 5041 1412 5081; x_wconf 89' lang='lat' dir='ltr'><strong>non</strong></span> <span class='ocrx_word' id='word_1_715' title='bbox 1445 5027 1559 5084; x_wconf 82' lang='lat' dir='ltr'><strong>veritate</strong></span> <span class='ocrx_word' id='word_1_716' title='bbox 1587 5028 1712 5094; x_wconf 89' lang='lat' dir='ltr'><strong>subnixa,</strong></span> 
     </span>
     <span class='ocr_line' id='line_1_56' title="bbox 102 5112 1715 5189; baseline -0.001 -16"><span class='ocrx_word' id='word_1_717' title='bbox 102 5115 133 5170; x_wconf 81' lang='lat' dir='ltr'><strong>Ut</strong></span> <span class='ocrx_word' id='word_1_718' title='bbox 147 5114 234 5186; x_wconf 86' lang='lat' dir='ltr'><strong>poscit</strong></span> <span class='ocrx_word' id='word_1_719' title='bbox 246 5114 312 5184; x_wconf 87' lang='lat' dir='ltr'><strong>justi</strong></span> <span class='ocrx_word' id='word_1_720' title='bbox 328 5113 364 5169; x_wconf 88' lang='lat' dir='ltr'><strong>de</strong></span> <span class='ocrx_word' id='word_1_721' title='bbox 375 5113 500 5168; x_wconf 82' lang='lat' dir='ltr'><strong>menibus</strong></span> <span class='ocrx_word' id='word_1_722' title='bbox 513 5112 631 5168; x_wconf 84' lang='lat' dir='ltr'><strong>Domini·</strong></span> <span class='ocrx_word' id='word_1_723' title='bbox 917 5118 1018 5173; x_wconf 89' lang='lat' dir='ltr'><strong>nullam</strong></span> <span class='ocrx_word' id='word_1_724' title='bbox 1032 5116 1210 5189; x_wconf 76' lang='lat' dir='ltr'><strong>questionem</strong></span> <span class='ocrx_word' id='word_1_725' title='bbox 1225 5115 1339 5171; x_wconf 87' lang='lat' dir='ltr'><strong>deberet</strong></span> <span class='ocrx_word' id='word_1_726' title='bbox 1353 5116 1485 5186; x_wconf 90' lang='lat' dir='ltr'><strong>recipere,</strong></span> <span class='ocrx_word' id='word_1_727' title='bbox 1502 5124 1646 5188; x_wconf 89' lang='lat' dir='ltr'><strong>postquam</strong></span> <span class='ocrx_word' id='word_1_728' title='bbox 1661 5123 1715 5172; x_wconf 83' lang='lat' dir='ltr'><strong>tnae</strong></span> 
     </span>
     <span class='ocr_line' id='line_1_57' title="bbox 914 5202 1714 5275; baseline -0.006 -13"><span class='ocrx_word' id='word_1_729' title='bbox 914 5204 1093 5262; x_wconf 83' lang='lat' dir='ltr'><strong>confessionis</strong></span> <span class='ocrx_word' id='word_1_730' title='bbox 1114 5202 1284 5259; x_wconf 74' lang='lat' dir='ltr'><strong>attestatione</strong></span> <span class='ocrx_word' id='word_1_731' title='bbox 1312 5202 1442 5260; x_wconf 84' lang='lat' dir='ltr'><strong>firmatur.</strong></span> <span class='ocrx_word' id='word_1_732' title='bbox 1458 5204 1539 5260; x_wconf 78' lang='lat' dir='ltr'><strong>atiud</strong></span> <span class='ocrx_word' id='word_1_733' title='bbox 1560 5218 1635 5269; x_wconf 88' lang='lat' dir='ltr'><strong>vero,</strong></span> <span class='ocrx_word' id='word_1_734' title='bbox 1650 5202 1714 5275; x_wconf 87' lang='lat' dir='ltr'><strong>quia</strong></span> 
     </span>
    </p>
   </div>
   <div class='ocr_carea' id='block_1_5' title="bbox 988 576 1617 720">
    <p class='ocr_par' dir='ltr' id='par_1_5' title="bbox 988 576 1617 720">
     <span class='ocr_line' id='line_1_58' title="bbox 988 576 1617 647; baseline -0.011 -14"><span class='ocrx_word' id='word_1_735' title='bbox 988 581 1137 636; x_wconf 79' lang='lat' dir='ltr'><strong>llincrnoro</strong></span> <span class='ocrx_word' id='word_1_736' title='bbox 1153 576 1336 634; x_wconf 78' lang='lat' dir='ltr'><strong>lucdunensi</strong></span> <span class='ocrx_word' id='word_1_737' title='bbox 1349 576 1508 647; x_wconf 84' lang='lat' dir='ltr'><strong>coepiscopo</strong></span> <span class='ocrx_word' id='word_1_738' title='bbox 1521 576 1617 630; x_wconf 80' lang='lat' dir='ltr'><strong>eostre</strong></span> 
     </span>
     <span class='ocr_line' id='line_1_59' title="bbox 1241 679 1376 720; baseline -0.007 -2"><span class='ocrx_word' id='word_1_739' title='bbox 1241 679 1376 720; x_wconf 78' lang='lat' dir='ltr'><strong>saturata.</strong></span> 
     </span>
    </p>
   </div>
   <div class='ocr_carea' id='block_1_6' title="bbox 913 5291 1714 5542">
    <p class='ocr_par' dir='ltr' id='par_1_6' title="bbox 913 5291 1714 5542">
     <span class='ocr_line' id='line_1_60' title="bbox 914 5291 1711 5364; baseline -0.001 -15"><span class='ocrx_word' id='word_1_740' title='bbox 914 5294 1020 5349; x_wconf 91' lang='lat' dir='ltr'><strong>silentio</strong></span> <span class='ocrx_word' id='word_1_741' title='bbox 1042 5291 1197 5362; x_wconf 89' lang='lat' dir='ltr'><strong>suppressis</strong></span> <span class='ocrx_word' id='word_1_742' title='bbox 1211 5291 1301 5358; x_wconf 87' lang='lat' dir='ltr'><strong>bonis,</strong></span> <span class='ocrx_word' id='word_1_743' title='bbox 1322 5309 1382 5363; x_wconf 83' lang='lat' dir='ltr'><strong>quae</strong></span> <span class='ocrx_word' id='word_1_744' title='bbox 1396 5292 1444 5347; x_wconf 92' lang='lat' dir='ltr'><strong>tibi</strong></span> <span class='ocrx_word' id='word_1_745' title='bbox 1468 5291 1603 5347; x_wconf 87' lang='lat' dir='ltr'><strong>insinuavi</strong></span> <span class='ocrx_word' id='word_1_746' title='bbox 1630 5298 1711 5364; x_wconf 87' lang='lat' dir='ltr'><strong>atque</strong></span> 
     </span>
     <span class='ocr_line' id='line_1_61' title="bbox 913 5379 1714 5451; baseline 0.005 -18"><span class='ocrx_word' id='word_1_747' title='bbox 913 5380 1045 5437; x_wconf 87' lang='lat' dir='ltr'><strong>insinuari</strong></span> <span class='ocrx_word' id='word_1_748' title='bbox 1060 5379 1122 5444; x_wconf 81' lang='lat' dir='ltr'><strong>feci,</strong></span> <span class='ocrx_word' id='word_1_749' title='bbox 1150 5379 1308 5450; x_wconf 89' lang='lat' dir='ltr'><strong>imputando</strong></span> <span class='ocrx_word' id='word_1_750' title='bbox 1318 5381 1384 5436; x_wconf 88' lang='lat' dir='ltr'><strong>mihi</strong></span> <span class='ocrx_word' id='word_1_751' title='bbox 1397 5380 1469 5451; x_wconf 90' lang='lat' dir='ltr'><strong>quod</strong></span> <span class='ocrx_word' id='word_1_752' title='bbox 1481 5379 1553 5435; x_wconf 92' lang='lat' dir='ltr'><strong>male</strong></span> <span class='ocrx_word' id='word_1_753' title='bbox 1561 5379 1608 5434; x_wconf 93' lang='lat' dir='ltr'><strong>tibi</strong></span> <span class='ocrx_word' id='word_1_754' title='bbox 1617 5379 1653 5437; x_wconf 88' lang='lat' dir='ltr'><strong>de</strong></span> <span class='ocrx_word' id='word_1_755' title='bbox 1662 5380 1714 5437; x_wconf 87' lang='lat' dir='ltr'><strong>hac</strong></span> 
     </span>
     <span class='ocr_line' id='line_1_62' title="bbox 914 5468 1712 5542; baseline -0.003 -15"><span class='ocrx_word' id='word_1_756' title='bbox 914 5468 1191 5527; x_wconf 87' lang='lat' dir='ltr'><strong>excommunicatione</strong></span> <span class='ocrx_word' id='word_1_757' title='bbox 1215 5486 1297 5541; x_wconf 88' lang='lat' dir='ltr'><strong>quam</strong></span> <span class='ocrx_word' id='word_1_758' title='bbox 1319 5469 1483 5542; x_wconf 87' lang='lat' dir='ltr'><strong>perpetrasti</strong></span> <span class='ocrx_word' id='word_1_759' title='bbox 1507 5468 1712 5540; x_wconf 87' lang='lat' dir='ltr'><strong>insinuaverim,</strong></span> 
     </span>
    </p>
   </div>
   <div class='ocr_carea' id='block_1_7' title="bbox 0 0 1914 6100">
    <p class='ocr_par' dir='ltr' id='par_1_7' title="bbox 0 0 1914 6100">
     <span class='ocr_line' id='line_1_63' title="bbox 0 0 1914 6100; baseline 0 0"><span class='ocrx_word' id='word_1_760' title='bbox 0 0 1914 6100; x_wconf 95' lang='lat' dir='ltr'><strong> </strong></span> 
     </span>
    </p>
   </div>
  </div>
 </body>
</html>
