3794 6104
121 240 172 296 32¹

466 236 589 296 OPUSC.
611 237 657 294 ET
684 237 793 294 nrlsr.
818 237 856 293 lN
884 236 998 293 elusa
1025 235 1198 295 aduenam
1226 236 1377 296 munus.

1724 243 1777 299 322

119 360 251 434 singulos
267 362 371 417 habere
381 361 495 428 debere,
507 361 697 434 neccuiquam
707 362 776 418 duas
792 377 852 417 esse
864 361 928 416 suh·
943 360 1091 420 Atuerunt
1106 362 1290 432 praesumitur,
1308 362 1367 419 sine
1378 362 1550 419 cunctatione
1566 371 1701 419 cassatur.
1719 384 1731 414 s
1748 366 1782 420 Et

111 450 218 521 iectus.
231 447 314 518 Quod
325 449 376 516 illi,
389 450 453 522 quia
463 450 542 505 aliter
552 451 720 506 credendum
737 458 851 516 nonest,
868 466 929 506 ser-

116 538 248 594 vandum
262 546 359 594 saneto
374 538 477 609 Spiritu
502 547 670 612 suggerente
692 539 800 594 sibimet
814 555 930 595 censue-

117 632 201 681 runt.
222 648 234 677 )
254 626 289 681 Et
309 627 391 698 paulo
416 635 501 698 post:
520 628 629 697 «Quod
653 628 756 684 idcirco
771 628 887 684 dicimus
901 635 930 682 ut

122 715 259 771 advertat
273 715 394 771 charitas
420 722 465 771 tua
480 717 549 771 adeo
573 732 624 772 nos
638 732 775 773 canonum
793 725 931 788 praecepta

117 818 254 870 serrare,
270 812 299 858 ut
314 804 351 859 ita
373 804 531 860 constitutio
555 822 664 877 quoque
687 813 782 861 nostra
796 804 928 868 diffiniat,

118 900 264 964 quatenus
273 892 478 964 metropolitani
493 893 534 947 sui
550 908 720 965 unaquaeque
744 893 885 965 provincia
903 893 931 948 in

120 980 258 1035 omnibus
281 980 364 1036 rebus
388 980 589 1036 ordinationem
604 991 753 1053 exspectet.
772 1005 783 1032 ι
809 984 843 1038 Et
866 983 930 1038 Coe-

121 1068 246 1124 lestinus
260 1069 295 1124 ad
318 1069 462 1125 uniuersos
478 1070 622 1141 episcopos
644 1088 693 1142 per
708 1072 890 1127 Viennensem
905 1079 932 1127 et

122 1157 341 1213 Narbonensem
351 1157 523 1229 prouinciam
542 1158 704 1215 constitutos
724 1160 819 1215 scribit
835 1161 930 1232 (epist.

120 1245 164 1316 1),
193 1245 319 1300 similiter
333 1255 359 1300 et
374 1246 411 1302 ad
427 1247 573 1302 universos
587 1248 789 1318 episcoposper
805 1248 932 1318 Apuliam

126 1341 154 1388 et
170 1332 329 1389 Calabriam
343 1334 506 1390 constitutos
517 1336 611 1408 (epist.
632 1336 661 1407 11)
678 1352 684 1391 :
708 1337 816 1403 «Nulli,
834 1337 930 1408 inquit,

983 449 1047 505 item
1062 448 1133 505 idem
1149 451 1184 505 ad
1199 451 1325 505 eumdem
1336 452 1426 522 (1111,
1443 450 1524 522 paulo
1547 452 1673 523 superius
1683 470 1713 507 :r
1732 451 1782 507 llla

983 538 1157 594 Nicanorem
1182 555 1318 595 canonum
1342 557 1392 610 per
1415 548 1540 596 sanctum
1563 557 1628 597 rere
1652 540 1782 614 Spiritum

984 625 1108 681 ordinata
1123 628 1241 683 conditio
1264 628 1338 701 nulla
1361 644 1482 700 unquam
1497 636 1538 684 est
1554 639 1631 700 parte
1647 628 1780 685 solubilis.

983 715 1064 770 Nulla
1079 715 1187 772 sibimet
1201 717 1235 772 de
1257 717 1481 787 multiplicatione
1496 718 1720 791 congregationis
1735 734 1783 789 sy·

983 803 1093 859 11111111
1114 805 1229 862 coucilia
1253 805 1436 875 blandiantur,
1465 822 1554 878 neque
1578 807 1707 863 trecentis
1728 806 1783 862 illis

984 894 1080 949 decern
1093 901 1173 965 atque
1188 901 1250 950 octo
1266 895 1416 965 episcopis,
1432 894 1631 966 quantumlibet
1644 895 1784 966 copiosior

982 998 1112 1037 numerus
1127 982 1311 1049 sacerdotum,
1326 983 1370 1039 uel
1384 998 1546 1055 comparare
1560 999 1590 1039 se
1612 984 1722 1051 audeat,
1739 983 1783 1041 111

983 1069 1114 1140 praeierre
1131 1088 1138 1125 :
1155 1086 1216 1126 cum
1230 1078 1304 1125 tanto
1319 1070 1447 1126 divinitus
1462 1072 1607 1146 privilegio
1620 1072 1733 1128 Nicaena
1748 1071 1784 1127 sit

984 1159 1105 1229 synodus
1119 1166 1296 1225 consecrata,
1312 1166 1341 1213 ut
1355 1159 1412 1214 sive
1426 1175 1476 1230 per
1490 1160 1644 1231 pauciores,
1660 1160 1718 1217 sive
1733 1175 1783 1232 per

982 1245 1075 1316 plures
1085 1246 1281 1303 Ecclesiastico
1286 1246 1391 1316 judicia
1400 1247 1664 1315 celebrentur,omni
1674 1248 1783 1319 penitus

983 1336 1144 1391 auctoritate
1168 1336 1202 1390 sit
1226 1351 1352 1402 vacuum,
1378 1336 1510 1408 quidquid
1525 1336 1560 1391 ab
1579 1336 1688 1392 illorum
1702 1336 1783 1393 fuerit

128 1421 268 1479 sacerdoti
278 1438 344 1478 suos
354 1422 437 1479 liceat
446 1438 566 1480 canones
576 1424 773 1496 ignorare,nec
782 1425 932 1497 quidquam
983 1424 1173 1479 constitutione
1187 1424 1337 1480 diversum.
1352 1446 1363 1475 1
1381 1426 1414 1480 Et
1425 1424 1490 1479 item
1501 1424 1573 1480 idem
1587 1424 1622 1479 ad
1636 1425 1783 1480 hlsximum
1872 1414 1878 1423 “

130 1509 221 1567 iacere
247 1511 321 1582 quod
345 1512 457 1566 Petrum
481 1512 568 1582 possit
592 1513 695 1583 regulis
718 1513 839 1568 obviare.
865 1512 933 1581 Quae
982 1512 1181 1567 Antiochenam
1193 1515 1288 1584 (epist.
1301 1517 1347 1584 66)
1363 1530 1396 1567 :‹
1415 1512 1565 1583 Quidquid,
1577 1512 1673 1584 inquit,
1686 1520 1784 1583 praeter

130 1598 201 1654 enim
216 1613 234 1653 a
249 1598 329 1653 nohis
356 1616 402 1655 res
417 1600 502 1673 digna
525 1600 690 1666 servabitur,
716 1601 739 1655 si
754 1601 933 1658 decretalium
984 1600 1116 1670 speciales
1127 1616 1225 1657 causus
1240 1601 1414 1672 synodalium
1424 1601 1604 1658 conciliorum
1619 1600 1653 1656 ad
1668 1616 1784 1657 examen

131 1702 226 1742 norma
242 1686 453 1744 constitutorum
477 1705 527 1760 pro
553 1688 709 1761 aliquorum
724 1689 800 1745 libitu
822 1689 932 1747 licentia
945 1713 972 1774 Β
984 1688 1139 1760 episcopale
1162 1689 1294 1757 defertur,
1310 1698 1400 1761 potest
1415 1690 1533 1762 aliquam
1549 1689 1716 1759 dijudicandi
1731 1691 1783 1746 ha-

130 1775 236 1846 populis
251 1775 388 1847 permissa
403 1776 566 1850 frangatur?
584 1798 595 1827 ι
982 1777 1048 1833 bere
1064 1778 1207 1843 rationem,
1224 1778 1246 1832 si
1262 1778 1329 1832 nihil
1344 1778 1379 1834 de
1403 1794 1436 1834 eo
1450 1786 1492 1834 est
1506 1795 1523 1834 a
1537 1778 1639 1836 sanctis
1658 1778 1784 1834 Patribus

161 1864 195 1918 Et
210 1880 269 1919 non
285 1864 376 1921 solum
391 1865 436 1919 isti
452 1866 494 1920 sui
509 1866 672 1922 decessores
687 1882 830 1922 sacrorum
845 1884 930 1923 cauo·
981 1866 1055 1937 apud
1070 1865 1208 1922 Nicaenam
1223 1864 1376 1921 diffinitum.
1393 1868 1463 1921 Nam
1479 1867 1553 1939 quod
1568 1868 1603 1921 ab
1618 1867 1728 1923 illorum
1741 1882 1785 1923 re·

130 1968 201 2019 num,
225 1953 261 2009 de
287 1968 407 2024 quorum
431 1953 583 2025 disciplinis
607 1954 757 2012 decretalia
784 1955 931 2012 constituta
981 1955 1053 2026 gulis
1075 1963 1101 2009 et
1134 1954 1326 2011 constitutione
1348 1954 1502 2020 discordat,
1529 1955 1784 2026 apostolicaesedis

128 2041 389 2114 promulgaverunt,
414 2043 467 2099 hoc
489 2043 572 2099 modo
601 2052 629 2098 ut
659 2044 797 2115 praemisi,
818 2045 931 2100 eosdem
981 2058 1120 2114 nunquam
1130 2044 1230 2113 polerit
1240 2043 1364 2099 obtinere
1374 2059 1550 2099 consensum.
1564 2063 1575 2094 )
1589 2044 1623 2098 Et
1637 2042 1786 2099 chalcedo

129 2144 221 2186 sacros
247 2145 369 2187 canones
394 2131 430 2186 ad
449 2133 640 2188 auctoritatem
665 2133 818 2200 duxerunt3
841 2133 890 2188 sed
905 2140 931 2187 et
980 2148 1064 2186 nense
1080 2130 1225 2187 concilium
1241 2131 1308 2188 dicit
1322 2131 1397 2203 (cen.
1412 2134 1449 2201 ll:
1464 2153 1475 2182 1
1493 2131 1614 2205 Regulus
1629 2139 1783 2186 sanctorum

128 2217 266 2273 Damasus
283 2218 319 2273 ad
335 2219 478 2275 Paulinum
486 2221 580 2293 (epist.
593 2222 631 2292 l),
647 2221 684 2277 ita
695 2221 723 2276 in
738 2221 931 2278 observatione
981 2220 1101 2286 Petrum,
1116 2236 1168 2291 per
1182 2220 1289 2293 singula
1299 2237 1370 2277 nunc
1384 2237 1470 2293 usque
1485 2220 1601 2277 eoncilia
1611 2219 1782 2287 constitutas,

128 2321 271 2362 sacrorum
285 2307 462 2364 Nicaenorum
483 2324 628 2377 canonum,
646 2310 716 2366 sicut
731 2317 757 2364 et
771 2310 800 2364 in
814 2309 878 2376 fide,
895 2310 930 2365 ad
979 2309 1121 2379 proprium
1137 2309 1223 2364 robur
1237 2309 1360 2364 obtinere
1375 2309 1560 2365 decrevimus.
1575 2329 1586 2360 r
1599 2310 1634 2363 Et
1647 2309 1713 2364 item
1727 2309 1783 2364 Leo

127 2394 282 2452 Ecclesiam
306 2397 454 2453 redeuntes
478 2397 653 2454 subscribere
674 2399 765 2467 jussit,
792 2415 888 2454 rerum
904 2407 931 2454 et
981 2396 1016 2450 ad
1031 2398 1205 2453 anastasium
1229 2397 1294 2454 dicit
1315 2397 1411 2470 (epist.
1429 2398 1494 2468 88):
1512 2419 1524 2448 1
1542 2396 1697 2453 Secundum
1720 2412 1782 2452 san-

127 2499 305 2541 successores
329 2485 451 2556 ejusdem
475 2486 547 2542 beati
568 2487 676 2552 Leonis,
721 2496 751 2542 ut
774 2487 809 2542 de
838 2487 931 2542 multis
980 2493 1086 2541 ctorum
1103 2488 1211 2542 Petrum
1236 2502 1356 2542 canones
1379 2486 1481 2557 Spiritu
1497 2485 1546 2541 Dei
1562 2486 1686 2541 conditos
1701 2493 1728 2541 et
1743 2493 1783 2542 to·

127 2572 262 2643 quosdam
277 2573 421 2647 designem
436 2591 469 2630 ex
483 2575 603 2643 nomine,
615 2576 724 2630 Hilarus
736 2575 850 2644 scilieet,
864 2577 932 2631 Sim·
979 2574 1033 2629 tius
1056 2574 1151 2630 mundi
1174 2576 1329 2630 reuerentia
1351 2583 1535 2642 consecratos,
1558 2575 1784 2646 metropolitanos

127 2661 233 2731 plicius,
265 2661 352 2730 Felix,
384 2662 522 2729 Gelasius,
554 2663 745 2735 Symmachus,
771 2664 928 2731 Hormisda,
981 2663 1152 2737 singularum
1166 2664 1366 2734 provinciarum
1377 2664 1532 2735 episcopos,
1549 2663 1648 2734 quibus
1663 2680 1696 2717 er
1711 2663 1785 2718 dele·

128 2756 152 2804 et
165 2750 265 2805 beatus
290 2750 459 2824 Gregorius,
486 2753 598 2808 eosdem
620 2768 716 2808 sacros
731 2768 864 2822 canones,
881 2754 930 2808 sed
980 2752 1088 2823 gatione
1112 2759 1206 2807 nostra
1227 2752 1404 2808 fraternitatis
1425 2760 1479 2808 tuae
1502 2767 1569 2807 eura
1592 2751 1780 2822 praetenditur,

127 2844 152 2892 et
164 2837 220 2894 alia
236 2839 356 2896 concilia
371 2857 432 2912 quae
446 2840 583 2897 catholica
602 2841 728 2898 Ecclesia
744 2841 849 2912 recipit,
868 2859 929 2897 ser·
977 2840 1023 2908 jus
1037 2840 1142 2896 traditae
1166 2841 1218 2895 sihi
1243 2840 1391 2912 antiquitus
1414 2840 1553 2914 dignitatis
1576 2840 1782 2896 intermeratum

127 2936 170 2982 rat
184 2943 219 2984 ac
234 2936 394 2995 veneratur,
422 2937 449 2983 et
469 2930 620 3000 apostolica
648 2931 728 2986 sedes
753 2931 845 2986 decuit
869 2947 930 2987 esse
980 2929 1083 2984 habere
1114 2929 1306 2999 deceruimus,
1339 2930 1376 2984 ita
1400 2937 1429 2985 ut
1451 2945 1467 2984 a
1493 2929 1595 3002 regulis
1623 2927 1783 3001 praestitutis

127 3017 273 3084 servanda,
290 3015 320 3071 in
334 3017 390 3072 suis
405 3018 531 3084 decretis,
545 3036 606 3089 quae
620 3036 654 3074 ex
668 3035 764 3074 eorum
779 3019 930 3090 disciplinis
980 3018 1056 3072 nulla
1085 3025 1130 3073 aut
1166 3017 1336 3092 negligentia
1368 3026 1415 3074 aut
1448 3018 1663 3090 praesumptione
1690 3018 1783 3074 disce-

127 3106 383 3178 promulgaverunt,
407 3106 442 3161 ad
466 3108 657 3163 auctoritatem
679 3108 929 3179 deducunt,proeci-
979 3106 1086 3161 dant.»

128 3193 232 3264 pientes
261 3201 292 3248 ut
315 3194 343 3249 in
367 3193 484 3268 singulis
508 3196 595 3252 saeris
618 3196 780 3265 ordinibus,
804 3205 886 3268 atque
902 3197 930 3252 in
1015 3196 1048 3250 Et
1064 3197 1128 3267 quia
1149 3211 1204 3251 nou
1229 3211 1344 3253 neeesse
1368 3196 1480 3252 esttibi
1506 3195 1605 3267 erponi
1629 3196 1664 3251 ab
1693 3195 1785 3267 aliquo

128 3282 242 3355 singulis
257 3298 399 3340 sacrorum
422 3283 548 3339 ordinum
562 3284 751 3357 dignitatibus,
768 3285 929 3341 canonicam
980 3283 1046 3354 quid
1069 3284 1221 3356 intelligere
1245 3284 1348 3340 debeas
1372 3284 1400 3338 in
1412 3269 1456 3339 Ι1ο
1481 3285 1553 3356 quod
1568 3283 1632 3338 dicit
1646 3302 1664 3338 e
1679 3285 1784 3355 regalis

128 3385 252 3426 nonnam
267 3379 373 3440 tenere,
399 3387 511 3429 1111111
536 3381 618 3445 atque
634 3373 711 3445 sequi
727 3381 884 3444 procurent,
903 3381 929 3428 et
978 3374 1159 3444 praestitutis,
1174 3372 1278 3442 inspice
1287 3388 1423 3427 canonum
1434 3372 1527 3440 libros,
1540 3379 1567 3426 et
1576 3371 1682 3427 videbis
1692 3371 1783 3426 omnia

128 3459 192 3515 nulli
216 3460 253 3515 11)
279 3476 376 3516 eorum
399 3461 591 3517 constitutione
613 3462 723 3518 deviare
743 3470 926 3533 praesumant,
979 3460 1025 3514 illa
1040 3460 1264 3531 concilia,quaea
1285 3460 1433 3530 maj0ribus
1449 3461 1584 3516 servanda
1599 3460 1782 3530 suscepimus,

129 3549 250 3622 nullique
275 3549 380 3606 eisdem
404 3549 491 3606 sacris
515 3550 666 3607 canonibus
690 3552 800 3622 impune
815 3551 928 3606 obviare
979 3548 1119 3605 celebrata
1138 3557 1201 3604 ante
1226 3548 1480 3605 chalcedonensem
1496 3549 1640 3621 synodum,
1659 3565 1720 3621 quae
1735 3549 1784 3604 de-

127 3637 302 3707 praeraleaut,
319 3637 386 3693 nulli
400 3639 483 3693 etium
507 3656 586 3701 suurn
601 3639 745 3694 arbitrium
773 3639 807 3693 ad
823 3639 927 3711 quosli-
979 3637 1064 3693 crevit
1074 3638 1186 3709 regulas
1197 3645 1352 3694 sanctorum
1362 3639 1474 3693 Petrum
1487 3655 1536 3709 per
1544 3637 1652 3709 singula
1669 3645 1782 3693 eatenus

128 3722 169 3781 bet
186 3725 355 3795 judicandos
378 3736 538 3799 sequantur,
565 3728 614 3782 sed
639 3744 688 3798 per
712 3736 817 3784 rectum
832 3744 928 3783 eorum
978 3726 1093 3781 concilia
1108 3726 1268 3782 constitutas
1282 3727 1424 3797 proprium
1439 3727 1525 3781 robur
1539 3726 1675 3793 obtinere,
1692 3726 1783 3798 aqui-

129 3814 262 3870 tramitem
284 3830 339 3870 nou
359 3815 526 3872 declinantes
554 3816 589 3871 ad
618 3816 760 3871 dexteram
787 3817 927 3888 nequead
978 3815 1030 3870 bus
1041 3814 1168 3870 omnibus
1178 3817 1232 3870 Leo
1244 3815 1366 3887 praecipit
1375 3815 1601 3887 metropolitanos
1611 3815 1783 3888 singularum

128 3900 264 3958 sinistram
287 3903 424 3972 incedant,
455 3913 482 3960 et
509 3903 619 3976 singuli,
645 3905 715 3961 sicut
738 3904 821 3960 iidem
845 3922 928 3961 vene·
978 3903 1180 3974 provinciarum
1206 3892 1351 3976 episcopos
1375 3904 1450 3959 nulla
1475 3913 1522 3960 aut
1546 3903 1714 3977 negligentia
1737 3912 1784 3959 aut

127 3991 201 4047 randi
225 4005 349 4048 canones
372 3993 564 4062 decreverunt,
587 3993 781 4058 obedientiam,
806 4009 888 4066 quam
910 4008 927 4049 1
977 3993 1188 4063 praesumptione
1199 3993 1351 4050 discedere.
1364 3995 1397 4048 Et
1408 3993 1471 4049 hinc
1482 3993 1609 4048 Gelasius
1620 3993 1648 4048 in
1657 3991 1783 4066 generali

129 4079 179 4134 suis
193 4080 350 4136 minoribus
374 4081 495 4154 exigunt,
521 4081 579 4136 suis
602 4083 752 4151 majoribus
767 4091 928 4138 reverenter
977 4081 1089 4138 decreto
1100 4082 1133 4137 ad
1148 4098 1244 4137 omnes
1260 4082 1406 4154 episcopos
1420 4082 1455 4137 de
1471 4081 1599 4137 institutis
1615 4079 1783 4138 ecelesiasti-

128 4166 292 4240 dependant,
310 4176 337 4224 et
351 4169 421 4226 sicut
435 4185 490 4226 non
509 4170 602 4226 volunt
620 4170 714 4243 gravis
730 4171 822 4226 oneris
838 4171 926 4227 sarci·
977 4169 1016 4225 cis
1030 4170 1095 4225 dicit
1109 4171 1204 4243 (epist.
1221 4170 1248 4240 6)
1266 4188 1273 4225 ε
1292 4191 1303 4220 1
1323 4171 1391 4227 Cum
1414 4169 1493 4225 nobis
1508 4178 1602 4226 contra
1621 4170 1781 4225 salutarium

129 4270 187 4311 nam
201 4255 288 4326 serre,
306 4257 344 4312 itu
358 4273 413 4314 uon
427 4258 549 4314 audeaut
563 4258 805 4330 aliisimportabile
820 4261 927 4331 pondus
977 4258 1160 4314 reverentiam
1175 4258 1336 4331 regularum
1352 4257 1495 4329 cupiamus
1511 4265 1612 4314 temere
1633 4258 1670 4312 nil
1685 4257 1779 4323 licere,

129 4342 274 4418 imponere,
291 4362 344 4403 nec
363 4346 398 4402 de
421 4347 547 4404 obscuris
571 4347 614 4403 111
629 4347 719 4402 dubiis
741 4349 924 4417 constituere,
976 4353 1079 4402 etcum
1095 4348 1175 4403 sedes
1194 4346 1342 4417 apostolica
1363 4347 1503 4416 superbis
1518 4346 1654 4413 omnihus,
1672 4346 1780 4401 invente

129 4434 194 4505 quod
208 4435 356 4507 praeceptis
381 4435 548 4509 evangelicis
571 4437 741 4493 contrarium
765 4444 791 4492 et
807 4437 926 4494 decretis
940 4427 1104 4503 DDomiuo,
1122 4451 1182 4507 que
1206 4435 1327 4505 paternis
1351 4434 1503 4490 canonibus
1518 4442 1581 4489 sunt
1594 4432 1716 4506 praefixa,
1733 4432 1779 4504 pio

129 4530 282 4580 sanctorum
296 4523 451 4579 inveniatur
466 4525 630 4594 adversum,
648 4533 674 4581 et
696 4526 795 4598 singuli
809 4544 923 4583 mensu-

129 4624 180 4667 ram
195 4621 223 4669 et
237 4613 366 4668 ordinem
388 4628 404 4668 a
428 4615 487 4670 Deo
511 4613 562 4669 sihi
583 4615 724 4671 decretum
748 4632 797 4687 per
811 4616 924 4671 eosdem

130 4712 216 4757 sacros
231 4716 356 4758 canones
380 4710 499 4758 servent.
524 4703 578 4759 Sed
603 4712 629 4758 et
643 4703 731 4759 isdem
746 4704 842 4760 beatus
857 4705 921 4775 Leo,

130 4789 248 4847 scribens
272 4790 308 4845 ad
330 4790 486 4848 Anatolium
511 4791 841 4864 constantinopolitanum
863 4794 923 4865 epi-

129 4891 234 4950 scopum
250 4878 346 4951 (epist.
363 4879 425 4950 58),
443 4895 538 4937 sacros
552 4897 682 4948 canones,
700 4882 734 4936 de
750 4898 864 4954 quorum
880 4881 924 4936 di-

126 4967 243 5038 sciplinis
259 4981 312 5023 sua
334 4967 485 5025 decretalia
505 4969 651 5025 constituta
675 4970 870 5042 promulgavit,
887 4971 925 5027 ita

127 5063 318 5112 commemorat
335 5071 341 5112 :
361 5077 373 5108 ‹
391 5056 493 5126 Sancti,
510 5057 646 5129 inquiens,
659 5058 698 5113 illi
713 5067 739 5114 et
754 5059 924 5116 venerabiles

126 5140 224 5210 Patres,
242 5144 333 5216 quiin
348 5145 416 5201 urbe
430 5145 552 5215 Nicaena,
569 5147 707 5221 sacrilego
718 5147 784 5202 Ario
799 5163 860 5205 cum
874 5165 925 5205 sua

122 5227 258 5304 inpietate
274 5233 412 5303 11111111,
429 5249 574 5290 mansuras
587 5252 674 5308 usque
689 5237 717 5290 in
732 5235 814 5291 finem
830 5237 924 5293 mundi

123 5317 194 5395 leges
223 5321 475 5380 ecclesiastieorum
503 5339 640 5380 canonum
668 5325 866 5395 condiderunt,
898 5334 925 5382 et

122 5412 188 5481 apud
201 5428 255 5469 nos
270 5411 300 5467 in
315 5419 373 5469 toto
387 5413 455 5469 orbe
479 5421 615 5469 terrarum
639 5413 667 5469 in
682 5414 738 5470 suis
753 5415 924 5471 constitutio·

980 4523 1132 4595 deuotoque
1147 4523 1255 4579 studeat
1270 4532 1363 4580 tenere
1378 4522 1529 4595 proposito,
1547 4522 1612 4578 satis
1637 4521 1780 4594 indignum

979 4619 1021 4668 est
1035 4613 1182 4684 quemdam
1205 4613 1249 4669 vel
1271 4612 1440 4685 pontificum,
1465 4612 1509 4669 rel
1532 4611 1659 4667 ordinum
1680 4609 1780 4666 subse·

979 4701 1129 4773 quentium,
1149 4702 1219 4758 hanc
1241 4701 1444 4758 observantiam
1463 4700 1592 4765 refutare,
1609 4713 1692 4770 quam
1707 4698 1781 4755 beati

978 4790 1051 4845 Petri
1066 4791 1160 4846 sedem
1175 4798 1201 4846 et
1216 4791 1293 4863 sequi
1309 4790 1398 4846 videat
1413 4798 1439 4846 et
1453 4791 1551 4845 docere
1568 4788 1706 4859 :satisque
1717 4802 1781 4844 cou-

978 4879 1090 4935 veniens
1115 4880 1150 4934 sit
1172 4887 1202 4933 ut
1225 4887 1310 4935 totum
1334 4894 1434 4950 corpus
1456 4877 1588 4934 Ecclesiae
1611 4877 1639 4932 in
1661 4877 1714 4933 hnc
1738 4876 1778 4932 si-

978 4967 1062 5024 bimet
1086 4969 1274 5025 obseruatione
1298 4968 1462 5036 concordet,
1488 4982 1570 5038 quam
1599 4965 1656 5022 illic
1684 4965 1779 5039 vigere

978 5057 1145 5129 conspiciet,
1177 5057 1222 5112 ubi
1259 5056 1391 5112 Dominus
1420 5053 1553 5112 Ecclesiae
1580 5055 1663 5111 totius
1690 5052 1781 5124 posuit

976 5146 1164 5217 principatum.
1184 5167 1195 5196 ι
1212 5146 1247 5200 Et
1271 5153 1379 5201 sanctus
1399 5144 1551 5217 Gregorius
1565 5143 1601 5199 11
1623 5141 1779 5199 Galhcanos

977 5235 1100 5293 scribens
1120 5234 1284 5306 episcopos,
1300 5233 1372 5290 iuter
1395 5234 1448 5291 alia
1473 5243 1499 5290 et
1522 5249 1583 5290 eum
1604 5231 1665 5286 aliis
1688 5230 1777 5287 dicit:

979 5346 990 5375 ι
1007 5323 1115 5389 Omnia,
1131 5323 1266 5397 iuquiens,
1279 5340 1340 5396 quta
1350 5323 1453 5380 sanctis
1461 5320 1612 5380 canonibus
1627 5320 1697 5376 sicut
1704 5335 1779 5392 prae·

976 5412 1092 5468 dixinms
1116 5420 1180 5468 sunt
1214 5413 1341 5481 adversa,
1371 5413 1492 5469 districte
1522 5410 1572 5465 sub
1600 5409 1780 5467 anathematis

121 5498 195 5559 nibus
209 5502 318 5571 vivunt,
334 5509 362 5558 et
376 5501 400 5559 si
415 5501 481 5574 quid
496 5519 613 5576 usquam
626 5504 707 5561 aliter
720 5519 804 5576 qtram
818 5503 857 5561 illi
873 5513 925 5562 sta·
974 5501 1183 5576 interpositione
1212 5503 1387 5560 damnentur.
1407 5523 1418 5552 ι
1436 5498 1490 5571 Qui
1512 5498 1611 5557 heatus
1625 5497 1779 5574 Gregorius
