3794 6104
124 220 176 276 117
610 221 781 279 Httlclthllt
807 219 1010 278 attaliensis
1038 223 1317 284 ancathrtscort.
1720 236 1775 288 l8d

119 345 293 416 precedente
301 347 480 415 Dominieam,
497 345 606 420 quando
621 347 722 402 electus
732 354 773 402 est
784 347 916 402 ordinan—
930 347 959 407 Α
970 350 1148 408 Dominelleo
1162 354 1310 409 australdt
1320 354 1502 426 respondente
1512 356 1641 412 choroad
1651 356 1773 429 singula,

122 434 184 503 dus,
201 437 454 492 conveniredebeut
465 437 586 508 episcopi
600 437 752 492 dioeceseos
767 437 802 490 ad
815 436 920 507 princi·
971 436 1081 508 incipiat
1095 441 1329 498 consecrationem
1343 444 1478 499 cantando
1496 461 1503 498 ι
1524 445 1595 501 Vere
1613 445 1734 517 dianam
1744 449 1773 501 et

123 526 214 594 palem
228 525 372 582 eeclesiam
387 526 553 596 metropolis,
570 533 597 580 et
618 525 727 596 publice
751 540 844 580 eoram
859 541 920 580 om·
966 528 1078 599 jartam
1093 533 1144 595 eat,
1161 546 1248 601 usque
1267 530 1303 587 ad
1325 537 1431 589 aterne
1443 535 1533 600 Deca-
1561 541 1587 588 et
1607 541 1685 598 tuuc,
1702 534 1771 590 sicut

122 611 202 668 uibus
217 613 302 690 dehet,
311 614 420 671 recitari
434 614 583 678 decretum,
593 621 619 669 et
632 613 804 684 interrogare
820 613 921 668 debent
970 615 1031 686 ipsa
1044 618 1213 674 consecratio
1228 620 1415 692 consequitur,
1425 630 1451 677 et
1466 637 1576 691 semper
1586 630 1699 679 teneant
1709 639 1770 678 ma-

122 700 253 774 episcopi,
272 702 295 756 si
317 703 437 758 omnium
465 710 537 769 vota,
555 702 624 756 sieut
646 701 683 756 ibi
704 703 867 770 continetur,
893 702 921 756 in
970 705 1142 761 nusdextras
1161 707 1281 778 episcopi
1296 725 1378 780 snper
1398 719 1479 781 eaput
1502 709 1657 766 ordinandi.
1673 711 1708 767 Ut
1722 726 1773 767 au-

122 791 248 846 eumdem
263 791 379 847 electum
395 789 570 846 concordent.
587 792 619 846 Et
634 799 695 861 post
711 791 920 862 responsionem
971 799 1026 848 tem
1046 802 1156 850 ventum
1169 794 1250 851 fuerit
1270 797 1305 851 ad
1327 797 1387 853 loca
1411 799 1439 853 in
1467 798 1567 870 quibus
1590 807 1653 854 sunt
1675 815 1771 855 cruces

122 873 239 943 illorum,
251 876 351 930 debent
365 876 536 946 interrogare
552 875 683 945 episcopi,
696 875 777 930 silias
794 875 918 942 virtutes,
971 881 1092 954 signatae,
1109 885 1223 956 accipiat
1237 895 1411 942 consecrator
1426 902 1475 942 vas
1490 886 1647 944 chrismatis
1661 887 1691 943 in
1706 887 1771 943 sini-

122 979 183 1033 quae
196 964 297 1019 ibidem
320 964 500 1031 continentur,
524 964 635 1019 eredunt
651 964 693 1018 vel
705 964 792 1019 sciunt
817 981 878 1020 esse
892 964 920 1018 in
971 979 1025 1025 stra
1039 986 1129 1041 manu,
1142 982 1238 1028 etcum
1259 974 1357 1029 dextro
1371 975 1480 1045 pollice,
1502 984 1616 1032 cantans
1637 993 1701 1048 quae
1722 976 1773 1032 ibi-

122 1051 217 1106 eodem
228 1052 324 1107 electo.
343 1053 375 1107 111
389 1061 501 1124 accepto
523 1052 586 1107 inde
606 1053 793 1122 responsione,
819 1053 920 1108 debent
971 1059 1032 1115 dem
1048 1061 1228 1129 continentur,
1245 1079 1294 1132 per
1310 1063 1417 1136 singula
1437 1064 1496 1119 100³
1518 1062 1597 1120 sacius
1612 1081 1723 1120 emam
1738 1064 1771 1120 de

120 1137 286 1214 interrogare
309 1141 441 1211 episcopi,
459 1141 482 1194 si
504 1140 604 1211 aliquis
627 1140 663 1195 ibi
685 1149 736 1205 est,
761 1141 807 1212 qui
824 1150 920 1197 contra
970 1147 1116 1204 chrismate
1132 1149 1159 1204 in
1170 1151 1299 1206 verticem
1314 1151 1504 1218 consecrandi,
1521 1161 1548 1208 et
1562 1151 1688 1224 perlecta
1703 1167 1773 1209 cou-

120 1229 245 1282 eumdem
260 1229 376 1285 electum
393 1229 495 1301 aliquid
504 1229 606 1294 dicere,
624 1229 666 1284 vel
682 1229 844 1284 ordinationi
859 1230 919 1301 epi·
970 1237 1129 1304 sacratione,
1147 1246 1171 1292 et
1183 1239 1410 1309 respondentibus
1424 1239 1551 1295 omnihus
1562 1242 1661 1305 Amen,
1673 1239 1771 1295 sonan.

120 1317 223 1388 scopali
237 1317 404 1373 contrarium
419 1317 458 1371 illi
469 1317 532 1372 velit
543 1318 672 1386 objicere,
693 1326 722 1372 ut
737 1327 814 1373 exeat
830 1327 855 1374 et
874 1319 919 1373 di·
970 1331 1014 1379 tur
1027 1324 1061 1379 ab
1077 1326 1212 1396 episeopis
1227 1328 1377 1398 Evangelia
1398 1328 1432 1383 de
1447 1328 1517 1384 eollo
1542 1329 1610 1397 ejus,
1628 1338 1664 1384 .et
1687 1329 1772 1384 mittat

120 1413 163 1461 cat
178 1422 282 1461 memor
292 1406 491 1462 communionis
508 1423 573 1461 suec.
591 1406 670 1475 Quod
686 1406 709 1461 si
723 1407 821 1479 aliquis
837 1407 919 1479 quid·
970 1413 1100 1468 annulum
1115 1414 1143 1468 in
1161 1415 1280 1470 dextere
1304 1432 1400 1471 munus
1415 1415 1501 1488 digito
1521 1417 1568 1490 qui
1582 1415 1772 1488 praeceditmi·

120 1495 183 1548 dam
197 1495 236 1550 illi
245 1495 384 1563 obiecerit,
401 1495 507 1550 habetis
522 1495 550 1550 in
565 1496 714 1552 canonibus
729 1497 792 1568 quid
807 1497 870 1552 inde
885 1497 920 1550 sit
969 1501 1082 1565 nimum,
1099 1502 1194 1558 dicens
1208 1502 1241 1557 ad
1253 1503 1318 1575 quid
1332 1504 1371 1558 illi
1385 1504 1503 1559 annulus
1513 1505 1601 1559 datur.
1611 1504 1771 1576 Signumest

119 1580 272 1638 faciendum
300 1583 347 1639 Sin
368 1592 458 1639 autem
481 1600 576 1639 omnes
599 1585 749 1640 concordes
773 1584 872 1639 luerint
891 1585 918 1639 in
970 1591 1041 1645 enim
1063 1589 1135 1658 fidei,
1155 1600 1182 1646 ut
1202 1591 1374 1647 audientibus
1397 1609 1426 1647 se
1451 1609 1484 1647 ex
1513 1592 1613 1648 divinis
1634 1594 1771 1665 mysteriis

120 1671 180 1741 ejus
190 1671 332 1742 electione,
351 1673 501 1728 referendae
517 1681 578 1727 sunt
594 1673 627 1727 nb
642 1674 769 1728 omnibus
784 1675 842 1729 Deo
857 1674 918 1729 lou·
932 1704 959 1764 B
971 1678 1059 1750 signet
1074 1696 1134 1750 quae
1149 1688 1174 1735 et
1189 1680 1287 1752 quibus
1303 1680 1436 1752 signando
1452 1689 1523 1748 sunt,
1540 1689 1567 1736 et
1585 1682 1693 1752 aperiat
1712 1699 1770 1754 quae

121 1760 181 1826 des,
198 1770 223 1815 et
239 1762 435 1816 examinandus
463 1770 504 1817 est
517 1761 590 1816 idem
606 1763 708 1817 electus
723 1764 755 1816 ah
770 1763 917 1833 episcopis,
970 1768 1109 1839 atquibus
1124 1768 1272 1839 aperienda
1287 1777 1361 1824 sunt.
1382 1769 1486 1825 Deinde
1495 1770 1578 1825 donet
1589 1769 1628 1824 illi
1643 1769 1769 1827 baculum

121 1850 271 1906 secuudum
291 1851 441 1922 capitulum
470 1851 692 1922 carthaginensis
717 1851 838 1917 concilii,
865 1867 920 1923 quo
970 1856 1055 1912 sancti
1071 1857 1223 1929 regiminis,
1243 1867 1269 1913 et
1280 1858 1325 1912 det
1340 1873 1396 1914 ase
1410 1858 1534 1914 ordinato
1558 1874 1667 1930 pacem,
1691 1860 1770 1915 etsie

121 1937 309 1993 manifestatur
323 1939 411 2010 qualis
424 1939 524 1995 debeat
534 1939 654 1995 ordinari
669 1940 823 2010 episcopus.
839 1940 868 1995 Si
882 1941 919 1994 ita
969 1945 1150 2016 perordinem
1165 1947 1307 2001 ordinatus
1321 1947 1461 2003 osculetur
1482 1947 1627 2019 episcopos
1642 1956 1670 2002 et
1684 1962 1770 2019 pona·

121 2027 224 2097 credat,
241 2035 267 2081 et
284 2028 453 2098 simplicibus
469 2028 560 2083 verbis
574 2029 734 2084 catholicam
750 2027 830 2083 sidem
852 2044 919 2100 pro·
969 2042 1013 2089 tur
1027 2034 1095 2089 sella
1110 2036 1185 2104 juxta
1207 2050 1269 2090 eum
1283 2036 1329 2107 qui
1356 2035 1432 2090 illurn
1448 2036 1593 2101 ordinavit,
1624 2044 1651 2091 et
1676 2036 1770 2093 sedeat

111 2112 233 2196 'silentum
251 2115 320 2171 sieut
332 2116 432 2171 ibidem
449 2117 581 2188 scripturn
596 2117 718 2183 habetur,
738 2125 764 2171 et
780 2125 843 2172 tune
858 2133 920 2171 rno-
970 2123 1007 2178 ibi
1022 2123 1248 2193 metropolitanus
1267 2124 1413 2194 episcopus
1429 2140 1435 2179 :
1453 2123 1574 2196 alioquin
1590 2123 1614 2179 si
1629 2140 1687 2180 non
1700 2134 1771 2181 esset

119 2205 226 2261 nendus
242 2214 283 2260 cst
310 2205 383 2260 idem
407 2205 520 2271 electus,
544 2213 573 2259 ut
587 2206 647 2277 ipsa
662 2214 751 2274 noete,
770 2206 920 2261 seeundum
969 2212 1203 2282 metropolitanus,
1220 2212 1248 2267 in
1263 2213 1360 2268 ordine
1375 2212 1586 2269 consecrationis
1602 2230 1658 2269 suae
1678 2214 1772 2269 sedere

119 2293 291 2349 traditionem
320 2294 508 2365 apostolicam,
526 2310 555 2349 se
572 2295 677 2349 studeat
701 2294 817 2355 Domino
842 2310 920 2351 eorn-
970 2300 1091 2357 deheret.
1115 2301 1150 2355 Et
1173 2310 1235 2357 tunc
1259 2300 1368 2372 legatur
1386 2300 1533 2372 Apostolus
1549 2317 1581 2357 ex
1598 2301 1724 2373 Epistola
1738 2301 1771 2356 ed

119 2383 262 2438 meudare.
970 2389 1152 2456 Timotheum,
1164 2389 1357 2461 quolisdeheat
1373 2405 1434 2445 esse
1449 2390 1593 2463 episeopus
1606 2398 1651 2456 ;et
1666 2389 1773 2461 expleta

156 2479 297 2535 Dominica
327 2488 415 2535 autern
446 2479 489 2535 die
511 2480 641 2534 maturius
670 2480 791 2551 episcopi
816 2480 920 2536 dioeee-
970 2477 1063 2546 missa,
1079 2477 1222 2532 ordinatus
1243 2478 1467 2549 metropolitanus
1485 2478 1630 2550 episcopus
1645 2479 1771 2546 dueatur,

120 2583 182 2624 seos
197 2576 224 2623 et
238 2567 328 2625 clerus
348 2584 381 2624 ac
395 2568 473 2639 plebs
496 2569 643 2625 convenire
661 2568 799 2624 debebunt
819 2569 853 2623 ad
876 2568 920 2623 lo·
971 2565 1014 2620 rel
1029 2565 1193 2636 deportetur,
1210 2567 1245 2620 ad
1267 2567 1428 2622 cathedram
1451 2566 1609 2638 principalis
1633 2565 1771 2633 ecclesie,

120 2673 192 2725 eum,
209 2657 255 2713 ubi
269 2657 420 2713 secundum
444 2658 669 2714 consuetudinem
695 2657 764 2713 solet
778 2666 914 2729 metropo-
970 2653 1143 2709 cantantibus
1157 2654 1265 2711 clericis
1280 2670 1313 2710 ea
1327 2672 1388 2727 quae
1401 2655 1498 2711 adhoc
1511 2670 1579 2727 opus
1594 2656 1770 2711 conveniunt.

116 2745 214 2801 litanus
228 2746 373 2817 episcopus
394 2747 523 2801 ordinari.
552 2748 586 2802 Et
603 2746 767 2818 praeparatis
781 2746 918 2814 omnihus,
970 2741 1037 2798 lllue
1051 2751 1139 2798 autern
1155 2743 1318 2814 perveniens
1333 2743 1451 2799 resideat
1473 2743 1501 2797 in
1510 2742 1654 2814 principali
1676 2744 1773 2800 cathe-

119 2844 145 2890 et
160 2835 296 2907 episcopis
311 2843 337 2890 et
351 2834 544 2890 ecelesiasticis
554 2836 685 2890 ministris
701 2836 728 2890 in
740 2835 861 2890 vestibus
877 2852 920 2889 sa·
970 2831 1030 2895 dra,
1051 2839 1076 2885 et
1091 2831 1262 2887 commendet
1283 2831 1414 2886 ministris
1438 2831 1631 2887 ecelesiasticis
1644 2841 1674 2888 nt
1692 2849 1775 2887 unus·

119 2923 182 2989 eris,
199 2931 226 2979 et
249 2923 383 2977 stantibus
402 2923 538 2994 episeopis
565 2939 645 2979 secus
660 2924 757 2990 altare,
775 2924 847 2978 idern
862 2924 920 2979 ele·
971 2920 1085 2992 quisque
1099 2920 1126 2974 in
1144 2936 1193 2975 suo
1209 2920 1304 2975 ordine
1316 2920 1450 2975 ministret
1465 2920 1517 2975 sibi
1528 2927 1611 2991 atque
1626 2920 1679 2975 sibi
1694 2937 1773 2976 cotn-

119 3021 178 3067 ctus
201 3010 309 3066 indutus
341 3010 541 3082 pontificalibus
569 3011 690 3066 restibus
720 3012 920 3081 eprimeribus
970 3009 1062 3064 missar
1075 3008 1215 3064 Ecclesiae.
1233 3009 1298 3064 lude
1308 3017 1406 3080 pergat
1419 3009 1446 3063 in
1462 3009 1624 3076 sacrarium,
1642 3018 1668 3064 et
1682 3008 1773 3064 iueoe-

81 3095 87 3101 ’
119 3099 225 3156 clericis
241 3099 363 3168 ejusdem
374 3099 532 3171 metropolis
548 3101 582 3154 de
598 3099 721 3154 sacrario
735 3100 815 3154 debet
831 3100 918 3164 educi,
935 3060 1016 3167 Cpto
1031 3098 1154 3154 introita
1174 3096 1209 3151 ad
1224 3097 1337 3151 missam
1353 3097 1503 3152 secundum
1518 3112 1621 3153 morem
1636 3096 1771 3168 procidat,

119 3188 188 3244 etin
203 3188 440 3261 ultimoloeopost
457 3188 600 3259 episcopos
617 3188 755 3245 collocari.
776 3188 802 3242 ls
830 3195 920 3244 autern
970 3193 997 3240 et
1015 3186 1130 3241 salutato
1154 3185 1233 3240 altari
1252 3186 1381 3241 escendat
1401 3186 1435 3239 ad
1452 3186 1544 3240 sedem
1560 3201 1647 3254 suam,
1665 3192 1692 3241 et
1721 3192 1774 3242 stet

118 3276 263 3348 episcopus
284 3277 484 3343 dioecesaneus,
498 3277 543 3348 qui
559 3277 796 3332 consecrationem
809 3276 920 3331 lusurus
971 3273 1008 3327 ihi
1022 3275 1110 3329 donec
1126 3274 1152 3328 in
1169 3290 1218 3329 suo
1235 3274 1295 3330 loco
1306 3274 1415 3345 incipiat
1433 3275 1527 3330 Gloria
1542 3275 1702 3330 iaeeeelsis
1717 3275 1773 3331 Deo

119 3375 161 3420 est
177 3382 346 3437 supereum,
363 3366 483 3436 inooepto
497 3367 621 3423 latroita
639 3366 672 3421 nd
690 3365 804 3420 missam
819 3380 919 3421 secun·
970 3363 1004 3418 de
1025 3362 1157 3433 gradibus
1169 3362 1253 3427 sedis,
1269 3369 1365 3433 etpost
1383 3362 1474 3417 datam
1486 3362 1635 3417 orationem
1650 3361 1770 3418 resident

120 3454 183 3509 dum
208 3471 313 3510 morem
329 3455 469 3526 procedat.
485 3456 519 3510 Et
530 3452 605 3510 finito
627 3455 749 3510 latroila
760 3454 920 3526 dicaturh'p·
970 3450 1076 3506 insede
1091 3467 1149 3517 sua,
1166 3450 1377 3507 consedentibus
1392 3466 1484 3505 secum
1507 3450 1644 3521 episcopis
1661 3457 1687 3505 et
1705 3466 1773 3522 pre·

117 3546 160 3601 rie
175 3545 290 3608 eleison,
311 3552 493 3615 prosequente
507 3544 543 3597 ab
558 3543 618 3614 ipso
633 3544 761 3614 episcopo
779 3544 872 3599 Gloria
889 3545 921 3598 ia
970 3539 1100 3610 shyteris.
1126 3540 1160 3594 Et
1177 3539 1312 3609 completa
1327 3539 1434 3607 missso,
1451 3538 1550 3593 habent
1565 3538 1712 3609 episeopus
1727 3539 1773 3610 qui

117 3633 437 3703 excelsisllceAEtpost
462 3633 558 3689 Gloria
577 3634 609 3687 ia
632 3631 920 3700 accersebantur
970 3638 1032 3677 0010
1059 3622 1195 3677 0111101111
1231 3622 1331 3677 11110103
1359 3621 1770 3692 000110050158011501111115,

119 3721 188 3776 hanc
204 3720 365 3786 orationem,
378 3738 439 3791 quae
454 3721 541 3791 prima
562 3728 603 3775 est
619 3720 646 3773 in
665 3720 753 3774 rotula
772 3735 919 3775 consecra·
971 3727 1039 3781 quns
1055 3711 1126 3766 sacri
1142 3725 1262 3766 canones
1286 3711 1412 3765 ordinato
1427 3710 1462 3765 ab
1490 3709 1693 3765 ordinatoribus
1715 3711 1773 3764 suis

118 3809 208 3864 tionis.
226 3808 320 3863 Statim
336 3816 426 3863 autem
445 3817 507 3878 post
522 3807 685 3878 completam
701 3807 788 3877 ipsam
817 3808 920 3862 oratio·
966 3798 1063 3867 1011001
1078 3799 1210 3869 accipere,
1237 3797 1414 3869 praeferentes
1429 3798 1499 3853 diem
1518 3808 1544 3853 et
1564 3798 1705 3854 consulem
1722 3815 1729 3851 τ
1746 3806 1773 3854 et

120 3912 192 3962 uam,
208 3904 353 3967 antequam
372 3895 479 3968 legatur
494 3895 650 3965 Apostolus,
667 3905 839 3950 commoneat
859 3896 918 3951 ele·
970 3896 1115 3957 antequam
1126 3887 1267 3941 ordinatus
1283 3887 1318 3941 ab
1333 3886 1411 3942 altari
1432 3885 1565 3952 discedat,
1582 3886 1689 3941 miltant
1704 3901 1769 3942 ens-

120 4000 180 4039 rum
197 3993 223 4038 et
238 3984 346 4054 plebem
365 3991 394 4037 nt
407 3983 710 4054 orentproorutnanuo
727 3983 814 4038 eleeto
830 3991 856 4039 et
870 4000 920 4054 pro
969 3974 1032 4030 dem
1053 3975 1156 4030 litteras
1175 3991 1258 4045 supet·
1286 3976 1380 4042 altare.
1411 3975 1483 4030 unde
1508 3991 1553 4030 eas
1580 3974 1718 4047 accipiant
1744 3982 1772 4030 et

119 4071 322 4128 ordinatoribus
352 4071 420 4140 ejus,
445 4081 472 4126 et
499 4071 614 4142 accipiat
632 4071 749 4127 electum
772 4087 854 4125 manu
869 4089 918 4127 sua
970 4063 1072 4119 donent
1087 4063 1176 4118 illasn
1199 4080 1228 4118 se
1247 4064 1384 4130 ordinato,
1403 4072 1429 4119 et
1444 4064 1483 4120 sic
1497 4063 1626 4134 perlectis
1643 4062 1772 4118 omnibus

119 4161 230 4216 dextera
246 4177 296 4231 per
319 4176 427 4214 manum
444 4160 526 4228 illius,
548 4168 574 4215 et
598 4159 741 4230 incipiatur
765 4159 866 4228 litania,
895 4170 921 4216 et
970 4153 1147 4208 benedicatur
1161 4152 1303 4207 Dominus.
1321 4153 1455 4207 Caeterum
1473 4151 1770 4223 quandoprovineialis

118 4256 172 4304 lam
188 4249 246 4320 ipsa
262 4265 323 4305 curn
344 4249 440 4315 alecto,
463 4265 545 4321 quam
570 4258 596 4303 et
613 4249 703 4304 aaeieri
719 4249 765 4320 qui
785 4248 920 4305 adfuerint
969 4240 1276 4311 ordinalltl‘episcopuS,
1293 4239 1771 4310 1113110011οηίοῶ[ἰῑῑθΐωᾶῐῐιθῑῐο-

118 4338 249 4411 episcopi,
267 4338 440 4395 incurventur
454 4348 516 4393 onte
530 4338 627 4403 altare,
643 4354 729 4410 usque
744 4337 808 4392 dum
824 4338 918 4393 brevi·
970 4330 1092 4402 politnno
1123 4329 1276 4384 0100111110
1310 4328 1447 4400 episcopis
1465 4328 1669 4384 01150111001110
1697 4336 1769 4394 01101,

118 4436 160 4483 ter
181 4444 229 4500 pro
253 4436 376 4499 tempore
398 4427 506 4483 finiatur
530 4427 633 4482 litania.
661 4429 694 4484 Ut
716 4435 807 4482 aulem
829 4428 919 4482 clerus
933 4418 959 4479 D
972 4418 1092 4490 quandiu
1107 4417 1207 4489 legitur
1221 4417 1368 4488 Apostolus
1383 4425 1410 4471 et
1423 4425 1548 4472 cantatur
1563 4417 1772 4488 responsorium

116 4517 257 4588 incoeperit
271 4517 360 4572 dicere
375 4518 468 4589 apicas
483 4518 542 4578 Dei,
565 4516 672 4587 erigant
694 4532 724 4571 se
749 4515 880 4586 episcopi,
892 4524 918 4570 et

117 4606 163 4677 qui
176 4605 269 4662 fundet
283 4606 516 4662 consecrationem
526 4604 642 4675 accipiat
657 4613 773 4676 quatuor
787 4607 918 4678 Evange-

116 4694 163 4759 lia,
180 4704 206 4750 et
220 4695 324 4765 aperiet
338 4711 387 4765 per
401 4693 530 4758 medium,
547 4700 573 4746 et
588 4693 730 4747 incurvato
752 4693 812 4763 ipso
829 4701 917 4749 electo

117 4790 180 4837 ante
207 4783 301 4849 altare,
327 4784 412 4838 mittut
433 4783 493 4854 lpse
513 4781 663 4853 Evangelia
684 4780 876 4851 supercollum
893 4793 920 4836 et

117 4868 252 4925 cervicem
267 4871 334 4938 ejus,
351 4879 377 4925 et
392 4880 501 4927 teneant
516 4871 575 4942 ipsa
590 4870 739 4942 Evangelia
755 4887 914 4940 supereum

117 4958 172 5013 duo
200 4957 330 5027 episcopi,
355 4975 424 5013 uuus
440 4976 472 5015 ex
487 4976 540 5014 una
555 4968 640 5031 parte,
658 4959 766 5014 alterex
782 4959 877 5024 altera,
895 4967 921 5013 et

117 5055 171 5101 tam
186 5052 361 5102 consecrator
375 5063 456 5118 quarn
466 5064 561 5104 omnes
575 5047 707 5119 episcopi,
727 5054 836 5102 teneant
858 5062 919 5101 ma·

118 5150 169 5190 uus
184 5135 295 5190 dextras
310 5146 551 5206 suassupercuput
560 5137 715 5203 ordinandi,
731 5145 757 5191 et
767 5135 840 5191 dicat
852 5151 921 5190 eon-

118 5231 241 5279 secrator
253 5241 259 5277 :
273 5223 399 5279 Oramus.
410 5223 579 5294 Propitiare,
592 5227 719 5292 Domine,
733 5225 916 5297 supplicatio·

118 5313 201 5368 aibas
215 5312 332 5377 cestria,
357 5320 383 5366 et
405 5310 519 5382 reliqua.
537 5313 569 5365 lit
583 5313 706 5367 oratioue
731 5313 876 5384 completa,
896 5319 922 5369 et

120 5400 349 5471 respondentibus
372 5399 510 5469 omnibus,
528 5402 625 5468 Amen,
642 5401 714 5455 dicat
729 5410 921 5458 consecrator:

121 5490 255 5551 Dominus
269 5490 420 5557 vobiscum,
431 5491 551 5546 Sursum
567 5488 661 5556 eorda,
679 5490 792 5546 arnam
805 5506 923 5563 apamas

970 4515 996 4562 et
1005 4507 1123 4573 alleluia,
1141 4515 1167 4561 et
1182 4506 1270 4560 statim
1293 4514 1355 4577 post
1375 4505 1487 4560 missam
1505 4504 1609 4559 finitam
1624 4505 1725 4561 dantur
1740 4506 1774 4560 ab

970 4595 1108 4667 episcopis
1124 4603 1186 4649 ante
1208 4596 1294 4650 altare
1308 4593 1434 4649 ordinato
1449 4593 1610 4665 provinciali
1623 4593 1766 4665 episcopo,

971 4693 997 4739 et
1011 4684 1232 4755 archiepiscopus
1243 4690 1269 4737 et
1285 4683 1330 4738 alii
1346 4683 1466 4753 episcopi
1483 4682 1584 4737 radunt
1599 4681 1632 4736 ad
1642 4698 1700 4737 sna.
1712 4683 1773 4754 lpse

971 4781 1061 4829 autem
1076 4772 1216 4827 ordinatus
1231 4779 1319 4827 cantat
1330 4771 1442 4825 missam
1457 4771 1503 4825 ubi
1518 4770 1595 4826 locus
1611 4778 1651 4826 est
1668 4785 1773 4842 oppor-

971 4869 1062 4916 tunus.

1007 4959 1047 5013 De
1062 4957 1104 5012 his
1123 4957 1251 5012 omnihus
1276 4972 1337 5027 quae
1360 4955 1426 5009 mihi
1444 4955 1603 5022 mandastis,
1623 4955 1701 5009 etde
1727 4955 1771 5010 his

972 5046 1053 5102 etiam
1072 5060 1133 5118 quea
1153 5060 1208 5099 non
1236 5043 1395 5113 mandastis,
1424 5051 1451 5098 ut
1476 5043 1520 5111 sit,
1549 5042 1633 5098 reluti
1663 5042 1772 5110 dicitur,

972 5135 1044 5206 quod
1059 5132 1312 5205 supererogaveris,
1329 5133 1406 5188 vobis
1422 5130 1548 5202 rescripsi
1564 5130 1680 5203 qualiter
1696 5130 1774 5186 ordi-

972 5223 1108 5278 nationem
1136 5237 1250 5292 agamus
1278 5221 1408 5292 episcopi,
1433 5229 1460 5275 et
1476 5219 1590 5291 qualiter
1612 5219 1640 5273 in
1655 5226 1775 5284 meacta

972 5310 1088 5367 luenrrrt.
1104 5311 1250 5365 Decretum
1265 5317 1355 5364 autern
1374 5317 1401 5364 et
1415 5308 1648 5364 consecrationem
1667 5306 1775 5379 episeo-

972 5399 1072 5471 palem,
1092 5415 1152 5471 quae
1176 5399 1213 5453 ibi
1237 5405 1419 5463 memoretur,
1445 5413 1497 5470 ego
1520 5412 1576 5452 non
1600 5396 1693 5466 habui,
1716 5413 1776 5469 quae

974 5499 1064 5543 tamen
1078 5487 1238 5544 roshabere
1252 5503 1334 5558 posse
1350 5474 1498 5559 cognosco.
