3794 6104
55 274 114 330 rso
702 262 879 327 srtsroun
906 269 953 325 nr
971 228 1147 328 archivii.
1660 228 1712 327 ria

56 397 173 454 Cunctis
196 402 287 453 autem
308 396 398 452 eidem
419 394 539 468 praelatae
562 395 692 452 Ecclesia
711 395 774 467 jura
798 410 859 450 ser-
875 394 1064 456 Asecundum
1078 396 1201 471 regulam
1215 396 1303 453 Patris
1313 396 1461 465 Benedicti,
1473 394 1616 470 apropriis
1630 395 1712 453 ahba-

58 485 191 541 vantibus
203 484 238 540 sit
251 500 304 556 pax
319 483 426 540 Domini
447 483 532 541 nostri
551 483 616 539 lesu
638 482 748 550 Christi,
765 491 863 555 quate·
914 482 996 549 tibus,
1016 484 1157 540 monachis
1176 484 1301 543 videlieet
1321 502 1354 542 ex
1376 485 1472 542 eodem
1491 483 1617 542 coenobio
1635 500 1715 558 regu·

59 589 114 629 nus
129 574 215 630 ethic
236 572 353 629 fructum
376 571 457 628 bonae
478 571 645 645 operationis
668 571 811 644 recipiant,
837 580 864 627 et
914 571 1139 641 lariterelectis‚
1160 574 1369 646 inperpetuum
1383 575 1562 649 gubernetur.
1582 574 1641 632 Nec
1658 571 1713 630 ille·

59 661 135 734 apud
150 674 285 717 sumntum
300 658 440 717 Arbitrum
455 660 566 732 praemia
577 669 687 717 aeternae
700 659 777 732 pacis
791 660 865 715 iuve-
915 676 975 715 rum
989 676 1079 716 rerum
1094 678 1155 734 quae
1166 662 1237 718 velin
1249 662 1390 734 praelibato
1404 671 1541 735 precepto
1556 661 1715 719 nominatim

58 748 147 805 uiant.
171 750 241 806 Data
254 763 286 805 nr
300 748 437 806 liniendas
462 749 628 820 Septembris
652 748 799 805 indictione
822 764 862 815 m,
915 749 1085 806 continentur
1107 750 1180 806 vela
1198 751 1328 824 predicto
1352 751 1448 807 abbate
1472 748 1621 807 venerabili
1644 765 1717 808 nunc

59 838 169 895 Traeis.
915 836 1037 907 ejusdem
1055 837 1108 895 loci
1128 839 1293 896 'l'heotherto
1316 838 1422 911 praefati
1444 836 1601 895 monasterii
1622 836 1717 895 officiis

915 925 1050 996 deputata
1065 927 1208 998 habentur,
1224 928 1307 983 ullum
1322 928 1462 1000 abaliquo
1477 940 1597 1000 unquam
1611 924 1716 998 patian-

915 1013 1191 1081 turimmunitionem,
1203 1023 1229 1071 et
1239 1016 1320 1071 etiam
1331 1016 1414 1072 rebus
1425 1033 1485 1088 quas
1493 1015 1623 1087 deinceps
1633 1030 1650 1070 a
1660 1012 1718 1088 qui·

915 1096 1033 1153 buslibet
1047 1098 1184 1172 religiosis
1198 1100 1354 1155 bominibus
1364 1099 1459 1156 eodem
1470 1099 1532 1156 loco
1542 1097 1717 1171 pervenerint

916 1185 1086 1242 condonatae.
1108 1186 1186 1257 Quod
1206 1187 1229 1242 si
1248 1189 1308 1260 quis
1328 1189 1380 1245 hoc
1403 1197 1527 1244 nostrum
1553 1185 1717 1244 beneficium

142 1029 179 1070 an
198 1028 347 1070 aetscoeos
366 1027 419 1069 ras
438 1028 558 1070 escuris
583 1028 780 1069 consummes.

372 1103 463 1174 (Anno
483 1103 558 1174 ets.)

78 1193 266 1262 Privilcpinm
292 1194 465 1248 monasterio
489 1192 662 1248 floriacensi
681 1190 847 1248 conceditur

314 1278 417 1352 synodo
443 1281 614 1336 tricassina.
915 1273 1066 1346 irrumpere
1081 1277 1298 1349 presumpserit,
1315 1285 1340 1333 et
1355 1275 1490 1348 stipendia
1510 1291 1652 1333 servorum
1665 1274 1717 1330 Dei

95 1369 227 1424 loannes
251 1369 406 1440 episcopus,
422 1384 518 1424 semus
543 1383 684 1423 servorum
699 1367 758 1433 Dei,
774 1367 864 1422 omni·
915 1363 942 1417 in
956 1362 1024 1419 alios
1038 1380 1105 1419 usus
1118 1365 1292 1431 converterit,
1309 1365 1344 1420 ab
1359 1364 1511 1437 apostolica
1525 1363 1716 1421 communione

59 1458 111 1513 hus
127 1457 265 1530 episcopis
279 1463 360 1530 atque
386 1456 447 1512 aliis
468 1456 519 1512 Dei
543 1455 732 1527 fidelihusper
747 1455 864 1511 Galliam
915 1452 1096 1508 anathematis
1124 1453 1360 1510 animadversione
1388 1452 1463 1508 illum
1492 1469 1665 1525 separamus,
1689 1460 1716 1510 ut

61 1544 228 1601 constitutis.
915 1539 1276 1616 nisiadmonitusovestigio
1287 1559 1317 1599 se
1328 1542 1486 1610 eorrexerit,
1500 1557 1562 1598 curn
1577 1541 1718 1613 rapacibus

95 1632 236 1703 Quoniam
259 1632 408 1704 apostolica
432 1632 605 1689 successione
627 1632 660 1704 tf.
677 1631 865 1706 suggestione]
916 1644 1034 1703 arogno
1048 1630 1099 1685 hei
1114 1630 1250 1696 exclusus,
1264 1648 1324 1703 quae
1334 1638 1455 1687 meretur
1465 1638 1600 1687 tormenta
1614 1628 1720 1701 persol-

59 1721 271 1779 aollicitudinem
297 1721 421 1778 omnibus
444 1720 577 1778 Ecclesiis
600 1720 732 1776 debemus
756 1721 863 1792 impen-
881 1723 971 1810 Brut.
989 1719 1023 1774 Ut
1038 1719 1189 1775 autemheo
1200 1719 1372 1792 privilegium
1385 1728 1486 1775 certam
1497 1720 1617 1776 obtineat
1628 1716 1720 1784 fidem,

60 1811 138 1881 dere,
153 1809 194 1866 sic
209 1810 332 1880 cupimus
346 1809 470 1883 generali
492 1809 634 1865 consrrlere
656 1809 819 1876 necessitati,
836 1819 866 1863 ut
918 1814 944 1861 et
958 1805 1008 1862 Dei
1023 1806 1131 1862 famulis
1140 1807 1169 1862 in
1175 1809 1233 1878 jam
1244 1807 1316 1864 dicto
1327 1806 1491 1864 Floriaeensi
1502 1807 1628 1865 eoenohio
1639 1823 1720 1864 secu

60 1899 144 1955 etiam
159 1910 385 1970 quorumcunque
400 1898 554 1971 singulares
572 1912 669 1954 causas
684 1896 743 1952 sine
758 1896 865 1952 fastidio
917 1895 1021 1950 ritatem
1033 1895 1165 1960 conterat,
1175 1897 1295 1970 quandiu
1306 1897 1380 1952 Deus
1392 1904 1419 1953 et
1427 1896 1559 1952 Dominus
1570 1903 1664 1952 noster
1673 1895 1722 1951 Ee·

60 2000 275 2061 cognoscamus.
284 1987 369 2058 lgitur
376 2002 438 2043 oum
447 1995 558 2058 propter
566 1985 728 2057 multiplices
735 1985 867 2041 Ecclesia
917 1982 1031 2039 clesiam
1043 2000 1120 2039 suam
1131 1985 1232 2041 durare
1244 1983 1369 2051 voluerit,
1381 1993 1472 2041 nostra
1482 1983 1509 2039 id
1521 1982 1721 2054 subscriptione

59 2075 109 2132 hei
135 2090 218 2131 curas
243 2074 411 2130 Gallicanam
434 2074 565 2130 adeuntes
588 2074 739 2147 regionem.
766 2074 866 2129 Trecas
917 2071 1120 2127 roboravimus.
1133 2072 1268 2145 Scriptum
1282 2089 1333 2145 per
1348 2088 1445 2128 manus
1460 2072 1573 2146 Georgii
1588 2068 1722 2128 scriniarii

57 2163 199 2220 deitatem
212 2163 428 2228 devenissemus,
440 2178 511 2219 anno
530 2161 725 2218 iucarnationis
740 2161 865 2217 Domini-
918 2168 1019 2216 sanetas
1029 2159 1277 2235 sedisapostolicae,
1288 2162 1316 2216 in
1326 2177 1421 2217 mense
1432 2162 1565 2233 Augusto,
1574 2157 1722 2216 indictione

59 2251 251 2319 ctetlt,etad
261 2251 547 2323 resecandaqurslibet
557 2250 661 2306 inutilia
671 2250 714 2306 vel
725 2249 866 2306 statuenda
917 2263 957 2304 ιι.
975 2250 1047 2305 Bene
1062 2249 1161 2305 valete.
1179 2252 1249 2305 Data
1262 2250 1350 2306 Nonis
1366 2249 1533 2321 Septembris
1548 2265 1599 2321 per
1612 2260 1721 2304 nunum

60 2339 251 2397 ecclesiastica
263 2340 334 2409 jura,
352 2339 488 2412 synodum
508 2339 663 2412 generalem
687 2337 867 2409 plurimorum
917 2336 1054 2392 Wulberti
1070 2338 1212 2393 humillimi
1229 2338 1350 2411 episcopi
1366 2346 1468 2394 sanctae
1493 2336 1650 2395 Portneusis
1666 2336 1722 2391 Ee-

60 2429 269 2485 celehrarsmus
302 2427 513 2500 episcoporum,
542 2427 614 2483 iuter
641 2427 694 2482 alia
728 2427 867 2500 suggessit
918 2425 1018 2493 clasis,
1036 2441 1108 2482 anno
1123 2428 1181 2482 Deo
1195 2427 1311 2499 propitio
1326 2424 1498 2499 pontificatus
1520 2424 1623 2482 domini
1638 2424 1722 2482 nostri

59 2517 218 2574 auctoritati
238 2516 353 2572 'nostrus
389 2515 555 2572 venerabilis
579 2516 696 2587 partium
716 2525 866 2572 vestrarum
916 2513 1030 2569 loannis
1044 2515 1142 2570 summi
1157 2512 1293 2588 pontificis
1306 2525 1333 2571 et
1347 2514 1511 2571 universalis
1528 2529 1616 2586 papas,
1633 2512 1660 2567 iu
1675 2527 1722 2568 sa-

60 2604 868 2677 abbas‚nornineTheotbertus‚excoenohioquodvocatur
918 2601 1067 2657 cratissima
1091 2603 1157 2659 sede
1181 2603 1253 2659 beati
1282 2603 1354 2660 Petri
1384 2602 1500 2675 apostoli
1531 2611 1624 2669 sexto,
1650 2599 1723 2661 iudi·

61 2693 205 2749 Floriscus
214 2693 243 2747 in
256 2708 330 2767 pago
341 2692 542 2761 aurelianensi,
558 2692 630 2764 quod
646 2692 719 2748 idem
732 2699 869 2748 monoste-
919 2689 1008 2746 ctione
1020 2707 1059 2745 xi.

59 2781 130 2838 mum
145 2780 257 2854 qnidam
271 2781 416 2854 religiosus
431 2781 528 2845 abhas,
545 2778 725 2837 Leodebodus
745 2781 865 2848 nornine,
1275 2787 1366 2844 cult,

61 2871 215 2927 monachus
229 2870 391 2926 exstmrerit
405 2870 433 2926 in
447 2870 551 2926 honore
565 2870 616 2925 Dei
631 2878 657 2925 et
672 2878 772 2927 sauctae
787 2868 867 2945 geui—
937 2888 973 2927 nn
992 2887 1095 2929 witru
1125 2889 1176 2929 ssu
1203 2891 1346 2944 winomari
1368 2890 1520 2933 unrsnssrr
1538 2891 1704 2933 saumana.

61 2959 139 3017 tricis
156 2958 261 3026 nana,
281 2974 333 3014 nec
358 2974 413 3014 non
439 2958 510 3014 beati
535 2958 667 3031 principis
685 2958 868 3030 apostolomm
1239 2965 1304 3035 thu·
1326 2965 1402 3036 sta.)

60 3049 160 3104 Petri:
177 3046 251 3133 quod
272 3047 437 3103 revelatione
459 3046 550 3102 diviua
564 3063 615 3118 per
631 3047 780 3103 monachos
802 3047 870 3116 ejus·
961 3051 1092 3107 Concedit
1102 3052 1147 3107 illi
1156 3053 1279 3124 pellium
1294 3056 1379 3111 certis
1388 3054 1484 3111 detor
1494 3054 1688 3125 deserendum.

60 3137 126 3192 darn
149 3136 204 3192 loci
219 3149 236 3190 a
249 3136 441 3191 Beneventano
464 3135 604 3206 provincia
628 3150 728 3206 eorpus
754 3134 818 3190 illuc
842 3135 870 3191 S.
959 3139 1088 3195 loannes
1104 3141 1259 3212 episeopus,
1277 3158 1375 3197 sentus
1395 3158 1537 3199 servorum
1552 3143 1613 3209 Dei,
1629 3144 1727 3197 wne

62 3224 204 3280 benedicti
218 3223 375 3295 pervenerit
390 3221 455 3279 olim
471 3221 592 3291 allatum,
610 3223 702 3294 ibique
716 3229 875 3278 reverenter
923 3227 1072 3282 venerabili
1087 3227 1216 3300 episeopo
1231 3229 1498 3286 mediomatricorum
1513 3230 1654 3297 Ecclesia,
1666 3244 1727 3301 qua

61 3315 216 3378 humatum,
233 3311 303 3368 sicut
327 3309 550 3367 manifestissima
574 3319 680 3366 constat
704 3309 831 3376 veritate;
848 3319 875 3366 et
923 3324 948 3370 et
968 3314 1056 3372 Mettis
1084 3325 1207 3384 vocatur,
1237 3317 1265 3372 in
1294 3317 1396 3375 honore
1413 3316 1517 3375 scilicet
1540 3317 1625 3375 sancti
1663 3318 1726 3374 Ste-

63 3402 262 3475 quodpropter
272 3400 483 3455 stabilimentum
494 3399 652 3455 monasticae
662 3397 811 3471 religionis,
821 3398 874 3470 piar
922 3402 1005 3475 phuni
1021 3402 1103 3475 primi
1116 3405 1253 3476 martyris.

61 3490 207 3548 memoriae
225 3489 363 3561 gloriosus
382 3489 533 3560 imperator
561 3487 674 3543 Carolus
703 3495 873 3558 praeceptum
959 3491 987 3547 Si
1007 3500 1129 3562 pastores
1149 3494 1240 3549 ovium
1260 3492 1347 3551 solem
1365 3494 1484 3568 geluque
1503 3509 1552 3567 pro
1571 3494 1665 3568 gregis
1684 3495 1726 3551 sui

62 3596 120 3635 suae
142 3577 313 3634 auctoritatis
332 3577 422 3633 eidem
441 3575 503 3632 loeo
523 3593 569 3632 ros
589 3576 778 3632 denominatas
797 3575 875 3631 dele·
923 3580 1043 3636 custodia
1058 3580 1102 3636 die
1121 3597 1154 3637 ao
1172 3591 1252 3638 nocte
1267 3580 1338 3639 lerre
1353 3583 1471 3641 contenti
1487 3591 1558 3651 sunt,
1575 3599 1607 3641 ac
1621 3599 1656 3641 ue
1674 3599 1726 3657 qna

61 3667 180 3742 gaverit,
201 3665 301 3738 partim
321 3681 337 3721 a
355 3664 494 3737 religiosis
513 3665 686 3734 bominibus,
706 3679 756 3735 pro
778 3679 874 3719 amore
923 3685 956 3724 ex
970 3669 1010 3725 eis
1026 3677 1073 3724 aut
1087 3670 1204 3726 errando
1220 3679 1324 3743 pereat,
1341 3681 1388 3728 aut
1400 3671 1496 3727 ferinis
1510 3671 1609 3728 laniata
1624 3671 1725 3727 morsi-

64 3757 115 3811 Dei
136 3755 193 3810 illic
212 3754 390 3820 contributas,
411 3761 439 3808 ut
459 3753 560 3809 victum
579 3761 660 3825 atque
675 3753 803 3808 vestitum
819 3768 874 3807 mo·
923 3753 975 3808 hus
990 3752 1123 3825 rapiatur,
1141 3752 1227 3809 oculis
1244 3770 1352 3828 semper
1366 3755 1540 3830 vigilantibus
1555 3756 1725 3827 circumspe-

64 3844 147 3901 nachi
166 3843 269 3898 ibidem
289 3843 406 3898 Domino
425 3842 571 3897 militantes
590 3841 724 3896 deberent
742 3841 844 3896 habere
866 3858 873 3894 ε

63 3949 116 3989 nce
132 3947 188 3987 nou
203 3939 230 3986 et
244 3932 296 3987 hoe
312 3931 385 4002 quod
400 3931 488 3985 heatae
508 3929 706 3985 recordationis
722 3938 800 4000 pater
814 3930 871 3998 ejus

64 4019 261 4077 serenissimus
268 4020 405 4093 Augustus
416 4019 442 4072 in
451 4018 511 4089 ipso
519 4018 580 4073 loco
588 4017 723 4088 hospitale
731 4017 872 4081 nobilium,

64 4110 140 4182 quod
154 4110 232 4163 Porta
243 4106 406 4179 appellatur,
416 4108 494 4175 juxta
504 4106 657 4178 regularem
669 4105 872 4173 institutionem,

923 3848 1004 3908 etant,
1023 3849 1123 3914 quanto
1146 3842 1246 3898 sudore
1268 3851 1420 3916 quantaque
1434 3859 1500 3900 euru
1514 3845 1646 3907 dehemus
1665 3859 1726 3900 esse

923 3931 1083 4004 pervigiles,
1101 3947 1151 3986 nos
1167 3931 1213 4004 qui
1227 3940 1352 4004 pastores
1370 3932 1520 3988 animarum
1535 3931 1669 3989 dimmuri
1683 3936 1726 3987 ht·

924 4018 1067 4075 tendamus
1096 4019 1130 4074 ad
1159 4029 1315 4091 susceptum
1348 4019 1466 4078 officium
1504 4020 1634 4077 exhibere
1661 4036 1727 4094 erga

924 4107 1077 4163 custodiam
1092 4107 1293 4165 Dominicarnm
1312 4109 1402 4165 evium
1419 4126 1474 4165 uon
1488 4126 1639 4179 cessemus,
1651 4124 1685 4166 ue
1700 4109 1727 4165 iu

64 4200 189 4270 itemque
216 4196 350 4267 hospitale
377 4211 549 4267 pauperum,
570 4195 597 4249 in
617 4195 659 4249 sui
677 4202 875 4266 parentumque
925 4196 968 4251 die
988 4196 1072 4251 divini
1091 4197 1223 4251 examinis
1243 4213 1293 4267 pre
1311 4196 1415 4253 desidia
1441 4206 1534 4252 nostra
1561 4207 1622 4252 ante
1649 4214 1725 4253 sum-

65 4303 179 4342 suorum
190 4285 365 4357 eleemosyna
376 4284 510 4351 statuerit,
521 4292 547 4338 et
557 4299 601 4338 res
612 4283 646 4338 ad
658 4284 710 4338 hoc
721 4290 874 4354 opportune
924 4301 999 4339 mum
1019 4292 1156 4355 pastorem
1176 4284 1351 4357 negligentia
1370 4294 1460 4340 reatus
1480 4286 1633 4350 excruciet,
1654 4285 1725 4341 uude

67 4375 217 4450 agendum,
234 4388 285 4430 uec
299 4389 355 4429 nou
370 4372 440 4428 alias
453 4371 488 4427 ad
502 4372 594 4427 lumen
609 4371 741 4428 Ecclesiae
754 4370 870 4425 admini·
925 4374 1006 4427 modo
1026 4372 1135 4426 honoris
1155 4368 1309 4427 reverentia
1333 4370 1506 4427 sublimiores
1525 4372 1594 4427 inter
1612 4381 1725 4429 caeteros

65 4464 220 4528 mnndum,
226 4462 340 4532 jusserit
347 4461 482 4532 deputari.
493 4459 713 4530 Qureomniaper
717 4459 773 4528 jam
784 4458 872 4514 dictos
886 4453 1088 4531 Diudicamur.
1105 4459 1220 4515 Pallium
1238 4467 1329 4515 autem
1348 4458 1512 4516 fraternitati
1525 4468 1578 4517 tue
1597 4477 1629 4516 ex
1648 4476 1724 4517 more

66 4553 219 4609 monachos
237 4551 369 4607 hactenus
389 4550 491 4604 ibidem
511 4547 694 4619 comperimus
718 4545 868 4602 observari.
922 4549 956 4606 ad
971 4548 1116 4609 missarum
1132 4548 1265 4605 solemnia
1278 4548 1444 4606 celebranda
1459 4549 1655 4616 concessimus,
1669 4548 1725 4605 die

65 4643 147 4698 Nunc
160 4648 218 4695 mm
233 4639 353 4711 seipsum
368 4654 448 4710 quam
464 4637 619 4692 unanimem
630 4634 872 4707 congregationem
923 4639 975 4693 hus
990 4638 1051 4699 vitae
1068 4638 1273 4693 tantummodo:
1286 4637 1359 4709 quod
1374 4637 1431 4703 tibi,
1447 4653 1501 4693 non
1516 4637 1648 4694 Ecclesiae
1662 4645 1723 4706 ture,

65 4731 120 4786 sibi
134 4729 310 4785 commissam
324 4726 464 4782 humiliter
483 4726 631 4797 postulare,
649 4724 771 4796 quamvis
784 4722 871 4795 privi-
922 4727 1000 4782 aliter
1014 4726 1165 4799 privilegiis
1180 4726 1206 4781 in
1221 4743 1271 4782 suo
1287 4735 1357 4782 statu
1372 4727 1553 4792 manentibus,
1570 4726 1607 4782 uti
1622 4740 1723 4782 conee-

66 4819 142 4892 legis
160 4817 308 4873 multorum
327 4815 475 4871 meruerint
494 4814 705 4885 episcoporum,
726 4813 760 4868 ad
781 4811 871 4883 repri·
923 4817 1021 4872 dimus.
1043 4815 1178 4885 Quoniam
1197 4816 1347 4871 indumenti
1370 4816 1457 4869 honor
1475 4815 1597 4871 modesta
1615 4821 1723 4871 actuum

67 4906 198 4962 mendam
213 4904 395 4978 quorumlibet
410 4903 531 4958 illicitam
546 4901 730 4972 cupiditatem,
747 4909 775 4956 nt
790 4916 873 4971 super
923 4904 1068 4960 vivacitate
1092 4903 1241 4959 servandus
1265 4912 1323 4966 est,
1351 4903 1491 4957 hortamur
1508 4910 1538 4958 ut
1563 4903 1588 4959 ei
1615 4919 1723 4960 morum

67 4997 170 5053 abbate
185 4994 304 5068 regulari
321 5009 355 5049 eu
368 4992 408 5047 eis
421 4991 548 5064 eligendo
563 4990 645 5047 etiam
659 4997 761 5046 nostrae
776 4997 872 5044 aucto·
923 4999 1029 5049 tuorum
1049 4999 1209 5048 ornamenta
1236 4991 1418 5056 conveniant,
1439 4999 1590 5063 quatenus,
1611 4998 1723 5047 auctore

66 5084 156 5140 riuus
180 5082 324 5155 privilegia
348 5087 559 5152 consequantur.
580 5077 714 5148 Quocirca
728 5093 779 5133 nos
792 5085 872 5148 pote·
923 5083 990 5149 Deo,
1003 5081 1125 5153 utrisque
1140 5080 1230 5150 possis
1245 5094 1306 5135 esse
1321 5077 1495 5149 conspicuus.
1507 5078 1598 5151 ltaque
1610 5077 1663 5134 vita
1677 5086 1723 5134 tus

67 5181 177 5236 statem
194 5186 274 5244 qnam
288 5169 374 5243 gratis
389 5185 404 5223 a
418 5168 525 5224 Christo
539 5166 704 5238 accepimus,
722 5165 871 5221 secundum
923 5169 984 5225 liliis
1000 5169 1052 5224 tuis
1067 5170 1101 5223 sit
1116 5167 1219 5240 regula.
1236 5168 1265 5222 ln
1280 5167 1338 5237 ipsa
1353 5183 1382 5221 se
1397 5182 1505 5239 semper
1524 5166 1723 5223 considerando

66 5259 256 5334 evangelicam
276 5258 464 5314 auctoritatem
483 5256 568 5328 gratis
588 5255 721 5326 prodesse
747 5254 872 5309 omnihus
922 5257 1077 5331 proficiant,
1099 5264 1127 5312 ut
1145 5263 1220 5311 tuum
1249 5263 1309 5328 post
1336 5255 1482 5311 Dominum
1511 5256 1636 5311 videntur
1660 5271 1722 5312 esse

65 5351 222 5422 cupientes,
238 5347 297 5402 vice
312 5347 384 5401 beati
399 5345 469 5400 Petri
484 5343 599 5415 apostoli
615 5342 785 5398 decernimus
801 5349 829 5395 ut
845 5342 872 5396 iu
924 5347 992 5402 hene
1011 5345 1084 5417 quod
1104 5343 1230 5401 vixerint.
1260 5344 1415 5417 corrigant,
1436 5358 1471 5400 ne
1490 5359 1640 5416 prospera,
1662 5360 1723 5419 quae

66 5454 144 5510 sape
165 5444 315 5493 memorato
334 5436 394 5490 loco
408 5435 480 5489 servi
496 5432 545 5488 Ilei
560 5431 664 5503 absque
685 5430 872 5502 inquietudine
922 5434 1109 5506 temporaliter
1127 5433 1312 5500 blandiuntur,
1334 5432 1478 5502 extollant,
1499 5448 1588 5507 neque
1607 5435 1722 5491 adversa

66 5536 192 5593 debitum
208 5549 265 5590 sum
280 5531 421 5607 religionis
434 5530 593 5603 persolvere
614 5528 719 5601 possint
734 5527 872 5583 servitium
922 5523 1065 5594 dejiciunt;
1079 5522 1127 5578 ssd
1142 5521 1273 5594 quidquid
1290 5521 1356 5577 illud
1371 5518 1461 5586 luerit,
1476 5520 1573 5579 vimute
1587 5522 1721 5596 patientia
