3826 6098
150 221 210 278 629
447 252 453 257 ·
514 215 639 275 opust.
671 218 716 273 ET
743 215 851 272 EPIST.
881 216 918 271 IN
941 215 1056 273 CAUSA
1082 217 1253 276 HINCMARI
1279 218 1436 278 ttuburv.
1764 224 1816 280 630

152 342 243 398 modo
258 357 290 397 se
303 348 474 413 presentare
488 340 660 412 contempsit,
682 339 823 395 absentem
846 338 964 412 legimus
973 338 1003 402 Α
1018 341 1040 395 si
1056 359 1113 398 rem
1128 343 1284 415 probasset,
1300 344 1414 399 alterum
1430 344 1453 399 si
1467 358 1522 400 non
1529 352 1603 401 esset
1612 345 1647 401 ab
1655 354 1813 405 accusatore

146 429 244 485 fuisse
268 429 435 484 damnatum.
459 430 565 503 *Verum
592 429 626 483 dc
654 428 725 483 trina
750 427 960 484 commonitione
1012 431 1162 498 convictus,
1178 448 1233 487 non
1249 432 1274 486 id
1290 433 1362 504 quod
1379 432 1490 502 justitiae
1504 443 1545 490 est
1561 434 1646 503 judex
1670 443 1810 507 aequatum

148 533 247 574 sacrae
261 518 339 591 leges
353 517 456 585 dicunt,
474 516 627 588 quicunque
648 516 734 571 tribus
756 514 961 571 auctoritatibus
1011 518 1060 572 sed
1074 519 1138 573 dum
1152 519 1298 574 miseretur
1312 520 1361 584 rei,
1380 520 1489 576 damnet
1503 522 1675 593 probantem,
1685 529 1731 578 aut
1745 523 1811 581 dum

140 605 258 674 judicis
274 613 434 671 conventus,
451 603 495 659 vel
509 604 597 659 tribus
610 603 706 658 edictis
721 603 756 658 ad
767 603 887 672 judicem
899 601 960 657 lue·
1011 607 1160 662 accusatori
1176 606 1246 662 lavet
1261 607 1308 679 qui
1321 608 1435 679 probare
1448 625 1503 664 non
1517 610 1613 681 possit,
1637 610 1745 667 addicat
1766 610 1812 667 in-

147 694 190 747 rit
202 700 383 764 provocatus,
398 699 446 746 aut
461 707 515 746 uno
531 708 579 762 pro
594 689 923 762 omnibusperemptorio,
933 690 962 745 id
1010 694 1131 750 noxium.
1148 696 1208 750 Non
1224 703 1313 766 potest
1326 696 1409 768 igitur
1422 698 1481 753 baeo
1496 697 1549 752 dici
1558 698 1631 767 justa
1655 698 1813 756 misericor·

146 781 288 854 estquod
304 795 414 837 causam
429 779 586 852 exstinguit,
598 779 680 834 luerit
692 786 831 848 evocatus,
848 786 875 833 et
888 794 962 850 prae-
1011 781 1065 836 dia:
1092 781 1120 835 in
1143 782 1201 853 ipsa
1223 783 1345 838 Ecclesia
1366 784 1412 838 ubi
1434 785 1552 841 maxime
1572 786 1696 842 misereri
1721 787 1810 855 decet,

147 869 277 924 sentiam
290 884 365 923 auam
379 868 453 938 apud
467 883 530 924 eum
548 867 678 936 judicem,
704 883 720 921 a
744 883 797 938 quo
812 867 838 922 ei
856 867 961 922 denun-
1011 869 1096 924 teneri
1111 886 1192 941 quam
1207 871 1323 926 maxime
1347 872 1426 927 debet
1446 872 1533 928 forma
1550 871 1670 942 justitiae,
1695 890 1729 930 ne
1752 874 1812 947 quis

144 957 252 1012 flatum
268 964 318 1022 0⁸1,
335 956 465 1012 exhibere
479 955 607 1026 noluerit,
623 956 755 1011 adversus
770 971 831 1011 eum
847 952 923 1027 quasi
933 953 961 1007 in
1010 972 1026 1012 a
1042 958 1176 1013 consortio
1190 960 1387 1015 communionis
1401 962 1551 1027 abstentus,
1567 962 1642 1018 brevi
1652 961 1810 1034 lacrymula,

147 1052 349 1101 contumacem
381 1043 498 1113 judicari
520 1052 620 1114 potest.
645 1041 772 1113 Quinimo
794 1057 845 1128 nec
870 1050 960 1097 retra-
1011 1052 1092 1118 atque
1106 1046 1141 1100 ad
1158 1055 1262 1117 tempus
1277 1056 1379 1118 parata,
1396 1049 1438 1104 val
1455 1049 1535 1103 etiam
1548 1050 1723 1105 uberioribus
1739 1049 1812 1107 teti-

144 1133 226 1189 ctari
241 1148 292 1204 per
305 1131 513 1203 appellationem
526 1131 635 1204 negotia
656 1138 779 1201 possunt,
803 1130 909 1201 quoties
933 1129 960 1183 in
1012 1134 1062 1188 bus
1078 1133 1307 1202 communionem,
1324 1135 1543 1207 quamplurimis
1568 1137 1650 1193 debet
1670 1138 1812 1210 postulare

147 1219 349 1277 contumacem
363 1218 442 1275 luerit
453 1219 604 1288 judicatum
625 1219 658 1273 ab
685 1233 719 1274 ea
742 1218 875 1274 sententia
902 1234 960 1290 quae
1012 1221 1189 1292 temporibus,
1206 1220 1327 1277 facilitati
1346 1224 1495 1278 sacerdotis
1518 1233 1688 1297 extorqueat.
1713 1226 1811 1282 Nonne

143 1309 293 1364 adversus
322 1315 497 1364 contumaces
523 1308 586 1362 data
609 1315 670 1372 est;
695 1322 784 1378 neque
817 1304 958 1377 appellari,
1011 1324 1072 1364 cum
1087 1309 1133 1363 uni
1146 1308 1271 1380 indulget
1286 1309 1408 1383 indigno,
1424 1310 1556 1381 plurimos
1572 1311 1636 1368 lacit
1657 1314 1691 1368 ad
1716 1310 1812 1385 prola·

143 1413 247 1469 neque
263 1396 291 1450 in
305 1396 417 1467 duplum
432 1395 556 1452 revocari
570 1402 669 1466 potest.
688 1395 722 1450 Et
745 1394 809 1450 hinc
833 1394 861 1449 S.
887 1393 960 1449 Gre·
1009 1397 1113 1468 psionis
1129 1397 1285 1468 contagium
1300 1399 1470 1473 provocari?
1485 1398 1599 1454 facilitas
1614 1400 1687 1456 enim
1711 1401 1808 1470 vaniae,

146 1485 255 1558 gorius
270 1485 304 1540 ad
318 1484 463 1539 Maximum
478 1483 664 1540 salonitanum
679 1482 839 1553 episcopum
863 1482 896 1552 (t.
931 1497 959 1551 v,
1010 1483 1174 1539 incentivum
1188 1483 1281 1538 tribuit
1304 1484 1489 1557 delinquendi.
1516 1487 1574 1542 Hoc
1589 1503 1621 1542 eo
1634 1488 1737 1544 dictum
1757 1497 1807 1556 est,

146 1574 241 1646 epist.
274 1571 359 1643 l03):
400 1595 411 1620 a
441 1571 489 1636 lta,
518 1571 615 1644 inquit,
636 1570 689 1636 lac,
722 1578 752 1625 ut
770 1571 804 1629 ad
845 1568 960 1625 venien·
1011 1580 1040 1626 ut
1056 1572 1172 1627 sciamus
1187 1572 1336 1627 secundum
1350 1574 1464 1629 verbum
1479 1575 1539 1644 Dei,
1556 1576 1705 1631 secundum
1724 1577 1810 1635 ratio-

146 1661 223 1716 dum
239 1660 357 1730 amplius
368 1660 424 1729 jam
447 1675 540 1715 moras
560 1675 615 1715 non
638 1660 749 1732 ingeras
766 1675 772 1714 :
795 1675 829 1713 ne
853 1658 911 1729 ipsa
935 1665 960 1712 te
974 1676 1084 1744 Bnem,
1100 1654 1311 1731 dispensandam
1326 1677 1388 1716 esse
1402 1661 1618 1718 misericordiam
1632 1662 1811 1722 debitoribus.

144 1748 248 1820 magis
262 1747 384 1803 absentia
407 1747 554 1803 obnoxium
577 1747 621 1801 bis
643 1763 704 1825 qqae
723 1746 861 1815 dicuntur,
884 1745 956 1800 assi·
1010 1748 1132 1803 lledicus
1146 1747 1205 1819 ipse
1221 1748 1243 1801 si
1259 1749 1394 1819 serpentis
1408 1749 1519 1805 interius
1544 1751 1663 1806 vulneris
1686 1737 1807 1809 iuveniat

143 1845 224 1909 gnet
240 1854 248 1890 :
266 1844 292 1892 et
307 1852 358 1891 nos
372 1835 442 1891 inter
455 1836 514 1891 baec
529 1851 575 1890 reo
590 1834 651 1907 lob,
669 1835 695 1889 in
710 1842 736 1889 tc
751 1835 808 1890 baec
823 1833 879 1906 res]
903 1849 958 1889 non
1009 1835 1173 1901 cicatricem,
1190 1852 1252 1892 cum
1266 1836 1364 1890 debeat
1379 1852 1502 1894 resecare
1527 1838 1627 1894 ulceris
1646 1838 1749 1910 vitium,
1772 1856 1808 1897 ne

143 1925 246 1981 solum
262 1931 374 1996 propter
387 1923 460 1979 dicta
474 1922 590 1979 crimina
604 1938 665 1994 quae
679 1939 799 1996 purgare
822 1920 958 1977 subterlu·
1008 1924 1089 1979 latius
1104 1931 1206 1995 serpat,
1221 1931 1312 1979 tamen
1328 1939 1344 1977 a
1369 1925 1477 1980 secandi
1505 1926 1655 1999 urendique
1670 1928 1810 1998 proposito

141 2015 208 2087 gis,
227 2013 279 2069 sed
293 2012 376 2067 etiam
390 2018 500 2083 propter
513 2010 704 2066 inobedientiae
718 2010 836 2080 culpam,
851 2009 956 2078 durius,
1010 2011 1139 2084 lacrymis
1153 2012 1268 2066 inllexus
1278 2012 1380 2084 ,aegroti
1399 2013 1604 2069 medicamentis
1625 2021 1709 2086 tegat,
1736 2016 1810 2086 quod

139 2100 261 2156 scilicet
276 2099 348 2155 utin
362 2107 549 2156 contumacem
564 2107 645 2172 cogat
660 2115 693 2154 ex
708 2098 823 2154 concilio
838 2097 908 2153 lerre
915 2097 960 2166 ju·
1010 2100 1083 2156 terro
1098 2100 1276 2171 aperiendum
1292 2108 1349 2155 erat
1366 2117 1372 2154 :
1395 2116 1485 2158 nonne
1508 2101 1560 2157 ista
1580 2101 1681 2157 inutilis
1702 2102 1812 2159 miseri-

136 2187 298 2244 dicium.»
324 2189 357 2243 lit
378 2188 408 2242 S.
431 2187 592 2242 Coelastiuus
616 2187 650 2242 de
674 2187 741 2240 trina
762 2186 902 2241 vocatione
925 2185 960 2240 ad
1011 2188 1105 2244 cordia
1120 2195 1170 2252 est,
1188 2188 1211 2242 si
1226 2196 1337 2259 propter
1350 2189 1461 2244 brevem
1476 2188 1615 2245 incisionis
1630 2189 1673 2245 vel
1696 2189 1811 2247 ustionis

137 2276 317 2333 Nestorium
330 2275 370 2330 ita
382 2274 491 2346 scripsit
505 2274 600 2348 (epist.
617 2275 645 2346 5)
661 2292 668 2328 :
689 2295 699 2325 ι
718 2275 813 2346 ltaque
836 2273 960 2345 quamvis
1012 2277 1135 2333 dolorem
1149 2293 1248 2347 corpus
1263 2277 1372 2332 omnino
1387 2277 1519 2344 tabescat,
1529 2277 1663 2333 vitaeusus
1673 2278 1813 2335 intereat?

129 2366 207 2433 jam
222 2363 307 2420 irater
322 2363 437 2435 cyrillus
452 2363 579 2419 secundis
595 2370 620 2418 te
636 2362 758 2433 epistolis
767 2362 827 2434 lot,
839 2360 961 2432 epistolis
1011 2367 1093 2422 liecte
1108 2365 1190 2437 igitur
1204 2372 1231 2419 et
1245 2365 1373 2420 sacerdos
1388 2367 1495 2434 vulnus,
1512 2381 1546 2420 ne
1567 2365 1647 2421 latius
1671 2372 1772 2438 serpat,
1796 2379 1815 2422 a

140 2451 224 2525 suis]
238 2460 346 2508 asserat
367 2468 429 2508 esse
450 2459 624 2520 conventum,
653 2450 790 2522 intelligas
813 2448 877 2505 volo
900 2456 961 2519 post
1012 2461 1067 2508 tcto
1084 2469 1199 2523 corpore
1214 2452 1355 2522 Ecclesiae,
1372 2453 1449 2525 quasi
1463 2453 1551 2508 bonus
1566 2454 1698 2520 medicus,
1730 2453 1813 2510 debet

135 2541 275 2613 primam
289 2549 316 2595 et
337 2539 485 2596 secundam
507 2539 588 2607 illius,
615 2546 641 2593 et
669 2540 740 2593 hano
764 2536 961 2608 correptionem
1013 2540 1166 2608 abscidere,
1190 2548 1216 2596 et
1241 2541 1357 2612 prodere
1381 2540 1456 2596 virus
1480 2541 1602 2597 criminis
1625 2542 1699 2613 quod
1719 2541 1810 2609 lateat,

137 2637 293 2695 nostram,
304 2634 500 2701 quamconstat
515 2644 577 2682 esse
589 2627 647 2695 jam
662 2626 777 2693 tertiam,
803 2625 838 2679 ab
853 2624 962 2679 univer·
1013 2645 1067 2684 non
1083 2627 1176 2683 fovere
1194 2647 1200 2683 :
1217 2645 1252 2683 ne
1267 2628 1332 2683 dum
1345 2645 1428 2683 unum
1444 2629 1641 2684 excludendum
1658 2644 1712 2685 non
1725 2616 1810 2701 putat,

132 2718 233 2772 sitate
247 2716 358 2788 collegii
371 2725 399 2772 et
413 2723 546 2772 conventu
567 2714 781 2769 Christianorum
807 2721 832 2768 te
848 2728 962 2782 prorsus
1013 2717 1105 2788 plures
1121 2717 1219 2787 dignos
1235 2715 1326 2784 faciat,
1343 2732 1412 2787 quos
1428 2716 1553 2772 excludat
1567 2717 1602 2771 ab
1613 2717 1739 2773 ecclesia.
1749 2718 1813 2774 ture

134 2820 217 2861 esse
233 2806 407 2874 seiunctum3
423 2803 550 2858 nisimox
570 2818 601 2857 ea
625 2819 685 2874 quae
710 2801 779 2856 male
801 2801 874 2856 dicta
901 2808 964 2854 suut-
1014 2821 1081 2877 ergo
1097 2806 1243 2874 Apostolus
1258 2804 1350 2861 divino
1364 2818 1415 2859 nos
1426 2804 1687 2875 bortaturexemplo,
1699 2804 1811 2862 dicens:

132 2893 340 2965 corrigantur,
351 2891 513 2946 nisiineam
528 2891 600 2946 viam
616 2890 723 2954 redeas,
742 2904 824 2960 quam
839 2887 962 2943 Christus
1019 2893 1083 2948 l'idc
1095 2909 1158 2965 erpo
1168 2892 1322 2949 bonitatem
1332 2896 1360 2947 ct
1369 2894 1548 2948 severitatem
1560 2894 1630 2960 Dci,·
1644 2893 1676 2947 ln
1691 2908 1736 2948 eos
1746 2894 1811 2966 qui·

134 2997 217 3037 esse
233 2978 297 3052 [al.,
313 2995 343 3035 se
359 2979 480 3035 Christus
495 2977 567 3050 esse]
583 2985 702 3033 testatur.
723 2999 734 3027 ι
752 2977 786 3030 Ει
796 2977 860 3031 item
875 2976 902 3031 in
917 2991 963 3031 ea·
980 2981 1132 3090 Cdechi
1142 2981 1503 3045 ceciderunt,seceritctem
1520 2982 1552 3035 in
1572 2984 1599 3035 te
1622 2983 1718 3036 cutem
1735 2980 1813 3037 boni-

128 3071 217 3126 nlem
234 3067 369 3139 epistola:
384 3088 394 3118 ι
412 3069 565 3138 Persequar
581 3067 660 3137 plane
682 3064 790 3120 Domini
814 3064 866 3119 mei
892 3063 957 3136 [ol.,
1018 3073 1116 3135 totam,
1132 3071 1157 3124 si
1174 3069 1365 3141 permanseris
1382 3070 1413 3124 ia
1431 3069 1555 3124 bonitate
1572 3071 1659 3138 (Rom.
1677 3068 1730 3138 ιιι).
1746 3087 1757 3117 ι
1776 3067 1812 3123 Et

129 3155 219 3212 leoni
233 3154 354 3227 Domini]
371 3153 459 3209 tidelis
474 3170 571 3210 servus
587 3152 711 3208 inimicos
729 3169 810 3208 :cum
826 3152 964 3223 Propheta
1017 3164 1123 3211 sanctus
1135 3155 1285 3228 Gregorius
1293 3156 1320 3210 in
1331 3155 1433 3228 Regula
1444 3154 1574 3224 pastorali
1582 3154 1675 3227 (parte
1686 3170 1726 3221 ιιι,
1747 3172 1808 3228 cap.

121 3251 271 3311 asserat,
287 3258 335 3300 eos
349 3243 412 3300 odio
427 3241 683 3312 seodisseperlecto
694 3241 782 3311 (Paul.
805 3240 957 3309 cxxxvur).
1016 3248 1041 3309 ι,
1055 3245 1166 3299 admon.
1176 3243 1239 3312 til:
1254 3265 1264 3293 ι
1278 3243 1420 3306 Malorum,
1432 3242 1596 3314 inquit,cum
1616 3241 1722 3298 incauta
1739 3232 1816 3297 cmi-⁴

128 3332 272 3388 Moneor
288 3347 384 3386 rursus
399 3331 486 3386 altero
508 3331 646 3402 loquente,
672 3345 707 3385 ne
728 3344 849 3399 parcam.
877 3325 965 3396 Quem
1016 3332 1085 3387 citiis
1099 3330 1244 3401 cingimur,
1255 3330 1478 3402 culpisligamur.
1489 3328 1566 3384 Unde
1576 3329 1705 3399 iosaphat
1715 3329 1762 3401 qui
1775 3336 1814 3386 tot

123 3421 189 3477 vis
207 3435 282 3491 ergo
296 3419 441 3491 respiciam
455 3417 518 3490 lat,
535 3434 617 3489 quem
633 3417 677 3472 bic
692 3432 745 3489 ego
770 3414 895 3487 respic.]‚
921 3415 964 3470 cui
1015 3419 1049 3474 dc
1059 3418 1245 3473 anteactavita
1260 3416 1401 3488 praeconiis
1417 3416 1553 3482 attollitur,
1569 3417 1603 3471 de
1622 3417 1716 3471 Achab
1739 3415 1813 3489 regis

118 3505 267 3564 honoris
280 3505 383 3578 aliquid
397 3522 516 3573 servem,
532 3504 641 3577 quando
655 3504 747 3578 agitur
763 3510 791 3558 ut
806 3503 873 3557 mibi
882 3502 964 3557 totius
1015 3505 1138 3561 amicitiis
1153 3521 1223 3575 pene
1237 3505 1374 3576 periturus
1388 3504 1543 3575 increpatur
1560 3521 1567 3556 ι
1592 3504 1635 3559 cui
1657 3521 1672 3558 a
1695 3503 1812 3560 Domino

118 3597 383 3669 speimcaecausa
400 3595 556 3651 tollaturt»
580 3593 702 3664 lpsiusin
716 3591 866 3663 Evangelio
880 3590 962 3646 verba
1014 3611 1064 3665 per
1071 3594 1228 3664 prophetam
1239 3592 1352 3647 dicitur:
1370 3593 1457 3663 lmpio
1472 3593 1576 3664 proebes
1591 3592 1747 3659 auxilium,
1782 3596 1812 3648 et

118 3693 215 3741 sunt
233 3682 353 3748 Domini,
364 3682 463 3755 quibus
478 3682 514 3736 ait
529 3697 584 3737 non
598 3680 649 3735 sibi
672 3689 785 3751 patrem,
815 3694 869 3734 non
896 3693 960 3733 ma·
1015 3683 1058 3738 bis
1068 3682 1116 3753 qui
1126 3680 1407 3737 oderuntDominum
1417 3680 1546 3736 amicitia
1561 3680 1708 3751 jamperis;
1719 3683 1747 3736 et
1763 3680 1810 3736 itl-

141 3782 242 3837 trem,
255 3786 311 3826 non
325 3769 406 3836 tilios,
424 3785 479 3826 non
493 3770 614 3841 aliquam
624 3767 853 3825 necessitudinem
863 3765 963 3822 debere
1014 3772 1087 3826 circo
1097 3769 1568 3841 irochidcmDominimcreboris
1579 3767 1812 3840 ;sedbonacpera

131 3858 289 3934 praeponi
302 3858 412 3930 (botta.
428 3858 470 3926 x).
485 3859 535 3913 Est
550 3858 623 3912 enim
638 3856 792 3928 frequenter
803 3855 864 3910 talis
874 3853 963 3926 pietas
1014 3860 1248 3914 incantamentis
1260 3862 1297 3922 tc,
1309 3857 1579 3929 eoquodcbstclcris
1596 3857 1671 3912 lucos
1685 3856 1718 3910 de
1734 3859 1812 3912 terro

143 3967 187 4006 ex
206 3963 267 4020 qua
282 3955 409 4003 nascatur
421 3946 548 4017 impietas
564 3962 570 4000 :
586 3961 647 4001 cum
662 3944 788 4000 vincente
803 3959 898 3999 earum
920 3941 963 3996 al·
1012 3946 1094 4001 iada.
1111 3947 1149 4014 (ll
1175 3949 1239 4000 Par.
1271 3945 1374 4016 ιιιιι).ι
1404 3945 1438 4000 Ει
1465 3945 1493 3998 in
1521 3943 1631 3999 bomilia
1646 3941 1810 4015 Evangelii:
1896 3949 1899 3954 “

108 4036 225 4095 rectu
250 4034 343 4091 carnis
367 4035 489 4091 charitati
510 4035 548 4089 illi
571 4050 632 4104 quae
658 4033 732 4087 Deus
759 4040 810 4097 est,
843 4031 963 4088 charitas
1015 4033 1166 4099 «Multum,
1183 4033 1278 4104 inquit,
1295 4039 1346 4098 est,
1367 4031 1440 4104 quod
1455 4031 1580 4087 carnales
1595 4029 1706 4087 affectus
1719 4030 1810 4086 inten-

111 4122 325 4198 praeponitur
337 4123 494 4194 corporalis.
512 4123 547 4177 Et
572 4122 600 4177 S.
625 4120 784 4176 Ambrosius
804 4120 831 4173 in
855 4119 962 4190 psalmo
1013 4121 1113 4176 tionem
1136 4121 1234 4175 mentis
1257 4120 1440 4185 diverberant,
1466 4120 1579 4191 ejusque
1599 4119 1686 4176 aciem
1706 4119 1809 4175 obscu-

107 4227 243 4270 cxvm
261 4228 269 4266 :
289 4232 300 4260 ι
315 4211 365 4266 Est
376 4211 450 4279 justa
463 4209 660 4275 misericordia,
679 4217 705 4264 et
720 4217 762 4263 est
773 4207 962 4276 etiaminjusta
1011 4215 1070 4262 rant
1083 4227 1089 4273 ;
1107 4209 1156 4262 sed
1171 4223 1225 4261 ιιοιι
1236 4207 1374 4262 declinant
1389 4223 1405 4262 a
1420 4214 1495 4263 recto
1509 4206 1623 4272 itineris,
1648 4207 1692 4279 qui
1714 4220 1808 4262 arcam

100 4297 354 4359 misericordia.
367 4297 490 4370 Denique
505 4298 533 4352 in
547 4297 609 4370 lege
625 4297 758 4367 scriptum
775 4303 817 4351 est
833 4296 867 4350 de
893 4310 961 4366 quo·
1012 4296 1060 4351 Dei
1075 4303 1183 4367 portant
1198 4295 1227 4349 in
1240 4302 1340 4349 mente.
1356 4314 1367 4343 ι

94 4388 221 4446 dam.
238 4386 304 4442 Non
318 4385 491 4441 miserebitur
505 4385 586 4440 illius.
603 4386 638 4439 Et
653 4384 682 4438 in
705 4384 776 4438 libro
799 4372 997 4453 RegnorumD
1042 4385 1076 4439 Et
1091 4399 1125 4437 ne
1145 4383 1206 4453 quis
1228 4382 1309 4446 dicat,
1341 4381 1449 4435 beatum
1474 4380 1651 4436 Caelestinum
1675 4381 1709 4436 de
1733 4381 1812 4439 tertia

98 4467 232 4550 legis,
250 4471 318 4544 qiua
333 4472 398 4528 Saul
412 4481 557 4543 propterea
572 4472 705 4528 contraxit
730 4469 873 4536 offensam,
899 4469 961 4541 quia
1011 4469 1220 4526 commonitione
1244 4468 1387 4540 scripsisse
1409 4469 1442 4522 ad
1462 4468 1617 4524 Nestorium
1632 4467 1808 4524 haereticum:

100 4565 302 4621 miseratus
315 4568 357 4617 est
371 4562 452 4633 Agag
466 4561 584 4616 bostium
598 4576 702 4633 regem,
719 4576 799 4630 quem
814 4557 961 4629 prohibue·
1010 4557 1204 4613 attendendum
1218 4565 1260 4612 est
1275 4556 1347 4629 quod
1362 4555 1471 4611 llilarus
1484 4572 1553 4627 papa
1566 4556 1632 4612 dicit
1646 4555 1740 4628 (epist.
1760 4559 1806 4627 2):

98 4661 184 4710 tat
203 4648 346 4706 cantantia
361 4648 454 4704 divina
469 4649 575 4704 servari
604 4649 629 4720 (l
640 4651 705 4719 litp.
722 4648 783 4718 xv).
800 4646 873 4703 Etsi
899 4644 960 4718 quis
1013 4667 1024 4695 ι
1042 4644 1111 4714 Quia
1125 4661 1179 4700 non
1195 4645 1284 4699 minus
1299 4645 1327 4699 in
1342 4651 1495 4700 sanctarum
1516 4644 1690 4700 traditionum
1718 4643 1808 4699 delin-

92 4732 269 4798 latronis
284 4735 345 4791 liliis
361 4736 571 4807 deprecantibus
586 4744 686 4801 motus,
704 4742 731 4789 et
748 4733 874 4806 lacrymis
896 4749 961 4790 con·
1011 4733 1101 4806 quitur
1116 4733 1279 4799 sanctiones,
1296 4748 1377 4805 quam
1392 4732 1419 4786 in
1441 4731 1569 4801 injuriam
1593 4731 1678 4802 ipsius
1700 4731 1809 4788 Domini

87 4824 127 4891 j
137 4828 226 4903 ugis
242 4825 305 4894 ejus
319 4823 416 4891 llexus,
434 4824 631 4880 absolvendum
646 4830 734 4894 putet,
749 4822 793 4877 cui
806 4822 877 4877 adsit
884 4821 962 4878 latro·
1010 4822 1158 4891 prosilitur.
1179 4844 1189 4870 ι
1206 4823 1240 4876 Ει
1253 4819 1407 4889 hujusmodi
1422 4828 1611 4891 praesumptor,
1629 4821 1675 4891 qui
1690 4821 1718 4876 in
1741 4836 1807 4877 san-

95 4912 266 4973 einandi
283 4910 406 4978 affectus,
422 4927 513 4968 nonne
528 4912 686 4968 innocentes
697 4909 778 4965 tradit
792 4909 883 4976 exitio,
915 4911 960 4980 qui
1011 4918 1115 4966 clarum
1130 4908 1302 4964 traditionum
1314 4908 1488 4978 pertinaciter
1502 4908 1656 4964 sanctiones
1664 4908 1806 4981 delinquit,

95 4996 252 5062 liberet
268 5000 414 5056 multorum
430 5000 509 5056 exitia
528 4998 715 5072 cogitantem?
739 4998 818 5053 Certe
849 4997 873 5051 si
898 4997 960 5068 gla-
1010 5012 1065 5053 ιιοιι
1079 4997 1150 5052 inter
1163 4996 1310 5053 catholicos
1325 5004 1351 5050 et
1366 4997 1573 5066 computandus,
1592 4998 1641 5052 sed
1656 5013 1718 5054 cum
1732 4996 1807 5052 schi-

97 5093 230 5152 dium
254 5087 388 5159 reprimit,
414 5088 503 5145 vincla
525 5087 648 5143 dissolvit
663 5106 669 5152 ;
687 5102 735 5142 cur
759 5085 832 5141 laxat
856 5085 959 5155 exsilia,
1011 5085 1103 5139 amatis
1119 5092 1159 5139 est
1174 5083 1418 5139 condemnandus:
1448 5084 1511 5155 quia
1540 5085 1609 5140 sicut
1637 5085 1664 5138 in
1691 5083 1808 5140 decretis

100 5191 198 5236 eur
227 5175 410 5233 latrocinandi
439 5191 493 5248 qua
517 5182 607 5247 potest
630 5173 804 5230 clementiore
834 5172 877 5228 via
905 5187 960 5227 non
1010 5171 1253 5243 apostolicaesedis
1268 5171 1399 5242 scriptum
1414 5178 1464 5240 est,
1489 5171 1612 5243 quisquis
1635 5170 1808 5229 schismatico

109 5264 239 5338 eripit
254 5262 418 5333 facultatem,
448 5264 495 5336 qui
523 5263 690 5319 voluntatem
719 5268 881 5331 extorquere
906 5275 961 5316 non
1009 5259 1165 5324 assenserit,
1174 5258 1531 5333 schismaticusessanegari
1541 5259 1709 5330 nonpoterit.
1725 5257 1805 5329 Quod

108 5350 557 5424 potuisiDeindeinterduos,
574 5352 626 5407 boc
640 5358 690 5415 est,
719 5356 906 5404 accusatorem
935 5357 961 5403 et
1011 5347 1061 5403 etsi
1076 5363 1170 5402 omnes
1186 5347 1367 5414 sarcerdotes,
1385 5348 1534 5403 etmundus
1543 5348 1683 5415 assentiat,
1695 5348 1805 5405 damna·

112 5453 244 5507 rcum,
262 5439 322 5511 pari
337 5439 459 5511 periculo
474 5440 509 5496 de
524 5439 611 5510 capite
626 5439 817 5503 decernentes,
845 5436 961 5493 alterum
1009 5436 1045 5493 tio
1055 5435 1259 5492 'consentientes
1274 5435 1395 5505 involvit,
1409 5451 1463 5490 non
1474 5435 1724 5506 prevaricationem
1739 5452 1805 5493 con·
