3826 6098
140 233 209 287 505-
495 225 620 284 OPUSC.
647 225 692 281 ET
719 224 829 283 EPIST.
846 225 882 281 IN
905 224 1019 283 CAUSA
1046 223 1217 284 flmculltt
1240 225 1393 289 Lanuuii.
1529 233 1532 236 ’
1631 250 1635 256 ’
1755 233 1808 291 506

148 363 229 412 creta
243 363 339 411 sancta
353 353 427 409 sedis
442 352 573 409 Romana
582 351 750 425 pontificum,
761 369 792 408 ex
802 351 905 407 eisdem
915 367 959 406 sa·
972 350 1056 421 Aqui
1072 351 1106 407 de
1121 368 1151 406 se
1162 351 1278 420 judicari
1294 367 1349 407 non
1363 352 1506 424 prospicit.
1522 353 1592 409 Nam
1608 354 1723 411 velimus
1737 355 1808 412 noli-

144 445 209 500 cris
225 443 378 501 canonibus
393 441 575 515 promulgata,
605 441 708 497 electos
719 440 826 510 judices
849 439 956 513 episoo·
1007 455 1077 506 mus,
1095 447 1140 494 aut
1154 439 1195 494 eis
1210 441 1377 511 purebimus,
1404 449 1449 496 aut
1465 457 1560 497 eorum
1581 442 1683 513 judicio
1697 444 1807 515 percel-

140 549 202 604 pos
219 532 296 604 apud
310 547 354 586 me
369 530 505 602 expetisti,
522 538 548 584 et
564 537 618 584 tres
634 528 784 585 secundnm
799 527 957 584 Africanum
1006 528 1105 595 lemur,
1132 544 1249 600 quorum
1273 529 1410 585 neminem
1443 530 1528 602 aliqui
1543 531 1644 605 quique
1658 532 1808 604 reprobare

140 621 311 690 concilium,
338 619 444 675 scilicet
464 618 625 685 actardum,
651 617 855 689 Ragenelmum,
876 625 956 689 atque
1006 615 1138 671 valemus.
1156 618 1196 672 De
1220 617 1436 689 archiepiscopis
1460 627 1551 674 autem
1566 620 1692 694 Remigio
1711 636 1743 678 ac
1757 623 1808 678 hr-

135 710 297 776 Joannem,
313 722 388 763 ame
403 706 452 761 tibi
466 707 626 780 designatos
641 705 795 777 suscepisti,
806 734 810 740 ·
820 712 848 761 et
861 720 956 761 eorum
1006 703 1095 770 duico,
1119 705 1190 777 quod
1215 705 1280 760 mihi
1302 722 1353 777 per
1373 705 1553 762 Teutlandum
1568 708 1713 765 diaconum
1725 725 1807 768 man·

134 805 231 869 atque
253 796 369 852 aliorum
391 797 478 851 Deum
503 794 656 851 timentium
677 794 791 863 judicio,
816 792 956 850 indemni
1006 791 1103 862 dastis,
1132 792 1275 865 privilegio
1307 802 1410 851 sanctas
1433 796 1563 851 Romanae
1590 797 1723 855 Ecclesiae
1752 814 1808 857 non

136 884 238 958 regis,
260 885 329 941 sieut
345 883 499 956 postulasti,
516 883 664 955 prasentia
679 882 888 956 dequibusdam
904 882 955 937 de·
1006 881 1175 951 prejudicat,
1202 881 1250 937 sed
1268 884 1341 954 quod
1364 883 1403 937 eis
1426 884 1524 939 eadem
1550 893 1643 941 sancta
1668 887 1749 942 sedes
1771 887 1807 944 de

127 980 257 1029 cretum
271 972 329 1039 fuit,
347 980 376 1027 ut
399 970 534 1028 beneficia
556 987 615 1042 sna,
641 989 702 1043 quae
731 970 956 1027 irrationabiliter
1006 986 1049 1024 me
1076 970 1161 1026 voluit
1185 985 1218 1025 ac
1238 970 1371 1042 disposuit
1392 973 1562 1029 committere
1588 974 1731 1030 commisit.
1751 975 1807 1032 Vos

127 1061 338 1132 perdiderant,
349 1075 513 1131 recuperare
523 1061 667 1116 deberent:
678 1060 955 1132 quorumdamautem
1006 1074 1070 1113 vero
1085 1058 1157 1131 quod
1172 1066 1293 1113 vestrum
1312 1067 1354 1114 est
1368 1060 1456 1133 agite.
1469 1062 1498 1115 ln
1513 1060 1631 1118 Domino
1646 1063 1711 1118 Jeso
1726 1063 1808 1120 Chri-

122 1165 244 1203 eorum
261 1163 344 1204 causa
356 1164 442 1220 usque
459 1149 494 1204 ad
509 1149 592 1204 aliurn
607 1157 752 1205 tractatum
768 1149 850 1204 certis
866 1149 955 1204 causis
1006 1154 1047 1201 sto
1063 1147 1132 1202 bene
1147 1147 1243 1203 valete.
1263 1148 1520 1219 «Egoliincmarus
1531 1158 1634 1207 sauctae
1645 1152 1809 1210 Laudunen-

121 1236 393 1293 intervenientibus
404 1253 459 1292 non
475 1236 597 1303 diffinita,
609 1237 658 1293 sed
674 1238 717 1292 die
733 1237 787 1292 alia
801 1236 955 1292 diffmienda
1004 1235 1042 1289 sis
1057 1236 1179 1291 ecclesiae
1203 1236 1349 1308 episcopus
1364 1245 1461 1308 sponte
1486 1238 1648 1311 subscripsi.
1668 1261 1679 1290 r
1698 1242 1739 1297 Dc
1752 1257 1807 1315 quo

122 1325 292 1391 remansit,
310 1333 336 1380 et
352 1333 379 1380 tu
398 1333 460 1379 ante
476 1323 663 1380 diffinitionem
687 1333 782 1381 contra
798 1341 892 1382 sacros
907 1341 955 1382 ca-
1005 1323 1113 1394 pittacio
1128 1323 1176 1378 tibi
1190 1323 1281 1378 distuli
1296 1325 1473 1396 respondere,
1490 1334 1589 1396 putans
1604 1335 1630 1383 te
1650 1336 1805 1402 retractare,

118 1429 246 1480 nones,
265 1422 293 1470 et
303 1413 361 1469 sine
372 1413 600 1470 ullanecessitate
610 1414 654 1469 vel
664 1413 779 1481 ratione,
789 1413 955 1486 fugalapsus
1006 1419 1032 1466 et
1064 1427 1079 1465 a
1103 1419 1150 1466 tua
1171 1412 1340 1468 contumacia
1360 1412 1523 1484 resipiscere
1550 1430 1557 1469 ε
1589 1422 1617 1471 tu
1637 1423 1728 1472 autem
1750 1433 1808 1474 non

118 1503 306 1575 regularem
320 1502 505 1558 diffinitionem
533 1510 692 1574 exspectare
718 1502 913 1574 contempsisti.
941 1524 952 1552 s
1007 1499 1142 1572 quievisti,
1159 1499 1229 1556 sicut
1245 1516 1326 1557 causa
1343 1501 1482 1556 brevitatis
1496 1502 1600 1558 omitto.
1617 1503 1652 1558 Et
1665 1512 1727 1576 post
1747 1506 1808 1563 hacc

115 1594 224 1659 Item,
242 1600 307 1663 post
321 1592 412 1664 aliqua
427 1591 461 1646 de
483 1591 646 1648 canonibus.
672 1613 683 1642 r
701 1592 735 1647 Et
758 1592 792 1647 ab
809 1592 955 1647 eleetomm
1005 1605 1056 1660 per
1070 1589 1202 1645 clericum
1217 1596 1292 1644 tuum
1307 1590 1478 1646 Bertharium
1501 1591 1603 1648 domno
1630 1592 1689 1668 regi
1704 1592 1808 1650 litteras
1890 1639 1893 1649 ,

109 1680 261 1751 judicie,
276 1688 305 1736 ut
318 1680 442 1752 praedixi,
459 1680 565 1736 incaute
575 1697 606 1736 ac
615 1681 759 1736 inhoneste
775 1680 840 1754 fuga
850 1680 953 1752 lapsus,
969 1686 1067 1769 Btuas
1083 1677 1216 1745 direxisti,
1234 1693 1368 1734 excusans
1391 1687 1428 1748 te,
1446 1679 1574 1752 quoniam
1591 1681 1626 1736 ad
1641 1680 1718 1737 illum
1740 1683 1809 1740 sicut

117 1767 306 1824 abscedens
339 1767 495 1839 pitaciolum
527 1766 751 1824 irrationabiliter
788 1768 953 1836 confectum,
1008 1766 1057 1823 tibi
1072 1767 1248 1822 mandaverat
1264 1767 1354 1823 venire
1378 1784 1433 1824 non
1447 1785 1554 1840 posses,
1571 1770 1636 1842 quia
1651 1770 1808 1827 febricitans

118 1863 161 1910 et
180 1870 277 1909 manu
292 1862 337 1909 tua
348 1855 542 1926 subscriptum,
555 1872 587 1911 ac
596 1855 717 1928 praeiatae
727 1856 893 1929 professioni
906 1863 958 1913 tuae
1010 1864 1037 1910 ut
1047 1863 1072 1911 te
1083 1856 1124 1911 sol
1147 1863 1271 1928 tangeret
1282 1853 1397 1912 sufferre
1408 1857 1541 1929 nequibas
1553 1876 1560 1913 z
1572 1858 1621 1913 sed
1632 1858 1680 1914 tibi
1692 1860 1807 1916 Romam

117 1958 349 2017 usquequaque
365 1945 540 2010 contrarium,
565 1960 616 2016 per
641 1945 839 2026 Ermenqldum
863 1944 957 2000 diaco·
1009 1944 1091 1998 eundi
1103 1944 1242 2001 licentiam
1265 1946 1343 2001 daret
1357 1946 1506 2003 secundum
1528 1955 1620 2003 votum
1642 1956 1716 2003 tuum
1732 1948 1807 2021 quod

120 2048 210 2088 num
245 2040 325 2088 tuum
347 2047 376 2086 vr
405 2032 500 2087 Nonas
522 2031 606 2088 lulias
640 2049 671 2088 111
702 2033 862 2089 Indictionis
893 2032 960 2089 mihi
1008 2033 1116 2101 vovisti,
1133 2034 1242 2106 quando
1264 2035 1349 2090 altere
1368 2034 1428 2091 vice
1450 2033 1556 2091 febrem
1577 2035 1704 2104 habuisti,
1721 2043 1751 2092 ut
1771 2035 1808 2093 ad

120 2120 260 2187 misisti,
279 2120 351 2194 quod
368 2119 404 2176 ita
427 2137 457 2176 se
481 2121 571 2177 habet.
589 2124 822 2179 Revereafissimo
842 2122 959 2178 lihame-
1010 2129 1161 2178 sanctorum
1188 2122 1373 2192 apostolorum
1403 2123 1495 2178 limina
1528 2123 1597 2179 sicut
1619 2139 1734 2180 voveras
1754 2139 1806 2182 va·

118 2228 206 2267 rum
227 2210 437 2282 archiepiscopo
452 2212 613 2277 hincmaro,
629 2216 735 2268 sanctos
760 2211 958 2268 laudunensis
1009 2210 1096 2279 niens,
1113 2210 1214 2266 ibidem
1229 2211 1262 2265 ab
1277 2210 1373 2266 eadem
1387 2211 1465 2266 febre
1489 2211 1657 2268 liberareris.
1674 2215 1700 2267 ls
1714 2219 1806 2269 autem

120 2296 953 2372 ecclesioessllincmcruslicomirerontecpiscopusdebitam
1008 2299 1125 2355 domnus
1139 2316 1197 2367 rex,
1214 2315 1306 2356 coram
1321 2299 1459 2372 episcopis
1483 2307 1510 2356 et
1525 2301 1586 2356 aliis
1602 2301 1658 2356 suis
1680 2300 1806 2360 fidelibus

122 2390 163 2444 in
186 2387 311 2443 Christo
318 2386 501 2443 devotionem.
521 2387 575 2442 Vos
585 2387 669 2453 scitis,
686 2388 750 2460 quia
760 2389 794 2441 ab
804 2387 957 2444 universali
1009 2389 1055 2459 qui
1070 2387 1225 2455 adfuerunt,
1241 2388 1290 2444 tibi
1304 2405 1353 2461 per
1372 2389 1498 2445 eumdem
1524 2389 1655 2446 clericum
1671 2397 1747 2446 tuum
1761 2407 1806 2449 ra-

124 2482 252 2533 saneta
269 2474 400 2531 Romane
415 2475 636 2548 Ecclesiaepapa,
652 2485 729 2547 patre
742 2492 850 2549 quoque
865 2484 958 2532 nostro
1008 2476 1157 2544 mandavit,
1174 2477 1272 2533 mirum
1288 2486 1314 2533 et
1327 2493 1383 2534 non
1404 2495 1498 2535 verum
1515 2495 1578 2535 esse
1599 2478 1673 2551 quod
1687 2479 1804 2550 diceres,

126 2573 158 2622 et
173 2563 322 2639 magistro
337 2563 473 2641 Hadriano
506 2565 547 2620 his
564 2573 676 2622 vocatus
690 2565 786 2632 existo,
802 2574 828 2620 et
842 2582 891 2622 vos
906 2565 959 2637 ipsi
1008 2565 1136 2637 quoniam
1160 2567 1195 2622 ad
1218 2567 1293 2622 illum
1316 2567 1411 2624 venire
1433 2584 1489 2623 nou
1512 2583 1618 2640 posses,
1643 2575 1669 2623 et
1692 2569 1805 2625 Romam

128 2655 161 2709 in
185 2652 434 2726 quaternionibus,
456 2653 553 2708 mihia
576 2654 654 2709 vobis
670 2654 697 2709 in
711 2654 959 2725 attiniacopalatio
1008 2654 1083 2709 adire
1107 2654 1223 2710 valeres.
1253 2655 1368 2710 venires
1387 2664 1476 2712 autem
1498 2655 1533 2711 ad
1557 2655 1643 2727 illum,
1668 2664 1693 2712 et
1709 2656 1732 2712 si
1745 2655 1806 2729 ipse

133 2757 242 2799 coram
258 2741 477 2812 archiepiscopis
492 2742 665 2814 etepiscopis
688 2742 735 2814 qui
748 2742 891 2799 adfuerunt
904 2742 956 2797 da·
1007 2757 1058 2813 pro
1073 2757 1155 2798 cansa
1174 2742 1324 2797 rationabili
1351 2750 1376 2799 te
1398 2742 1463 2800 illuc
1476 2744 1516 2800 ire
1539 2744 1608 2800 velle
1633 2759 1805 2815 cognoscere

140 2832 189 2899 tis,
211 2829 293 2902 quod
308 2830 345 2885 ad
359 2830 485 2887 eamdem
502 2830 596 2886 sedem
611 2830 705 2886 venire
722 2831 834 2885 totidem
843 2839 956 2888 vocatus
1006 2837 1109 2900 posset,
1129 2829 1176 2884 tihi
1203 2829 1342 2886 licentiam
1363 2847 1419 2887 non
1438 2832 1597 2905 denegaret.
1621 2833 1661 2888 Tu
1681 2849 1749 2890 vero
1769 2831 1804 2890 ad

144 2921 315 2984 detrectem,
331 2934 375 2973 me
390 2919 615 2990 reprehendistis,
634 2919 657 2973 si
680 2918 745 2973 vitio
753 2919 893 2990 scriptoris
904 2934 955 2992 pro
1007 2934 1069 2973 eum
1084 2918 1176 2975 venire
1191 2918 1312 2986 noluisti,
1337 2920 1425 2976 donec
1440 2920 1510 2977 circa
1525 2919 1664 2976 lialendas
1682 2921 1805 2995 Septem·

149 3102 278 3160 tractem,
296 3094 370 3166 quod
381 3095 462 3153 valde
477 3102 592 3152 tractem
601 3111 656 3151 non
671 3095 706 3150 ab
722 3095 844 3166 resaccipi
853 3103 952 3167 potest,
969 3063 1094 3150 Cfratris
1109 3095 1152 3151 sui
1166 3096 1297 3154 Ludovici
1312 3098 1400 3154 rediit.
1417 3097 1478 3168 Quo
1497 3097 1606 3154 obviam
1627 3099 1665 3154 illi
1680 3099 1803 3168 veniens,

152 3183 397 3264 intercharaxatum
412 3200 467 3240 non
481 3184 539 3239 luit.
556 3184 633 3240 Unde
648 3199 697 3240 vos
711 3200 783 3240 nunc
797 3200 845 3254 pro
859 3199 952 3240 amore
1002 3182 1070 3238 nihil
1085 3200 1146 3240 cum
1157 3201 1199 3254 eo,
1219 3186 1268 3241 sed
1282 3201 1332 3242 nec
1346 3201 1464 3252 mecum,
1473 3202 1523 3257 per
1538 3195 1565 3242 te
1579 3186 1729 3243 velmissos
1744 3195 1805 3244 tuos

154 3272 197 3328 llei
213 3272 411 3343 omnipotentis
426 3281 453 3328 et
468 3272 620 3329 reverentia
636 3274 721 3329 sancti
736 3273 808 3329 Petri
822 3288 951 3344 exposco,
1004 3271 1038 3326 de
1052 3271 1162 3327 licentia
1176 3281 1221 3328 tua
1236 3274 1351 3329 Romam
1364 3274 1447 3329 eundi
1462 3274 1561 3329 dixisti.
1584 3274 1639 3330 Sed
1653 3282 1679 3330 et
1693 3274 1803 3348 quaudo

154 3359 219 3417 sicut
235 3361 268 3416 in
292 3361 389 3417 eadem
409 3363 515 3433 synodo
535 3361 563 3417 in
577 3361 674 3418 eodem
689 3361 821 3417 attiniaco
844 3362 953 3417 avohis
1003 3359 1081 3415 missi
1095 3361 1187 3417 domni
1203 3362 1345 3434 apostolici
1360 3362 1471 3419 lilremis
1485 3361 1603 3434 fuemnt,
1620 3362 1804 3435 quotidieper

155 3456 313 3515 convocata,
329 3451 401 3524 quod
418 3458 444 3505 et
468 3451 614 3522 impetrare
636 3466 690 3507 non
709 3450 793 3518 valui,
811 3450 952 3520 'expostu-
1004 3458 1108 3521 septem
1123 3450 1181 3505 dies
1205 3466 1266 3506 cum
1288 3467 1353 3524 rege
1377 3459 1403 3507 et
1418 3467 1525 3508 mecum
1544 3451 1652 3508 locutus
1677 3450 1760 3518 fuisti,
1776 3458 1804 3507 st

156 3534 212 3605 lavi,
229 3553 265 3593 ac
282 3538 340 3606 jam
349 3538 431 3594 etiam
440 3555 490 3610 per
504 3537 793 3612 integrumelllagitavi
801 3554 911 3605 annum,
928 3546 953 3593 et
1003 3537 1066 3593 inde
1089 3537 1154 3593 nihil
1177 3537 1278 3594 dixisti.
1305 3539 1385 3608 Quod
1408 3539 1478 3596 dicis
1506 3547 1531 3595 te
1554 3540 1582 3595 in
1606 3541 1712 3612 synodo
1730 3538 1803 3613 apud

157 3625 294 3698 praecipue
308 3625 337 3680 in
355 3627 460 3697 synodo
476 3627 549 3698 apud
566 3627 730 3682 vermeriam
747 3626 875 3698 palatium
888 3625 953 3682 olim
1004 3626 1182 3692 vermeriam,
1212 3627 1330 3700 indeque
1366 3627 1439 3699 apud
1468 3628 1633 3685 attiniacum
1665 3627 1804 3685 licentiata

154 3711 180 3767 th
193 3730 268 3771 orno
283 3714 377 3770 habita
392 3715 562 3773 obsecrando
576 3715 736 3786 declamavi,
756 3731 829 3771 nunc
844 3731 953 3788 quoque
1004 3714 1085 3770 eundi
1109 3716 1221 3772 liomam
1242 3715 1354 3786 petisse,
1378 3725 1404 3773 et
1425 3716 1574 3789 impetrare
1597 3733 1653 3774 non
1670 3715 1805 3788 potuisse,

152 3804 315 3870 etobsecro,
327 3810 354 3858 et
371 3803 434 3860 item
452 3804 585 3872 declamo,
610 3813 639 3859 ut
660 3803 954 3877 ethacteousegi,quo
1004 3817 1100 3858 ornnes
1116 3803 1247 3875 episcopi,
1264 3803 1310 3878 qui
1326 3803 1354 3859 iu
1369 3805 1473 3860 eisdem
1501 3806 1613 3878 synodis
1634 3805 1753 3874 fuerunt,
1767 3803 1804 3861 li·

149 3900 241 3948 testra
257 3891 486 3964 archiepiscopali
495 3892 654 3948 auctoritate
668 3892 844 3964 apuddomni
852 3891 955 3964 glorio-
1005 3890 1087 3963 quido
1115 3891 1212 3959 sciunt,
1239 3893 1366 3965 quoniam
1387 3909 1449 3950 cum
1471 3893 1505 3949 de
1520 3895 1574 3949 tuis
1588 3891 1740 3951 insolentiis
1763 3892 1806 3950 in·

140 3973 250 4036 sissimi
267 3979 346 4052 regis
360 3980 633 4038 Caroliclementiam
649 3981 803 4050 obtineatis,
821 3989 954 4052 quatenus
1004 3980 1172 4051 crepabaris,
1201 3981 1298 4036 timens
1329 3982 1457 4055 regulare
1479 3982 1622 4052 judicium,
1654 3982 1698 4038 vel
1730 3981 1805 4057 ragis

135 4060 242 4124 domni
267 4076 296 4123 et
317 4068 482 4126 universalis
509 4086 587 4142 papae
618 4070 732 4125 Adriani
753 4069 897 4142 preceptis
921 4084 954 4125 ac
1003 4068 1219 4140 castigationem,
1234 4070 1372 4126 licentiam
1382 4071 1464 4126 eundi
1473 4071 1587 4128 Romam
1601 4072 1725 4144 petebas.
1737 4071 1806 4129 Cum

123 4144 369 4214 institutionibus
384 4157 579 4215 ecclesiasticis
594 4159 671 4227 mihi,
689 4167 718 4214 ut
732 4159 858 4215 omnibus
872 4173 954 4229 expe·
1004 4174 1070 4214 vero
1093 4158 1214 4226 videbas,
1247 4159 1310 4230 quia
1338 4167 1366 4216 et
1391 4176 1439 4216 rex
1461 4167 1487 4216 et
1509 4159 1631 4232 episcopi
1653 4167 1730 4217 eraut
1756 4158 1805 4215 tibi

109 4241 190 4320 dir,
209 4249 296 4305 velut
319 4247 344 4302 ei
354 4247 398 4320 qui
419 4247 453 4303 de
476 4247 549 4303 omni
574 4246 698 4303 Ecclesia
722 4245 763 4301 ias
785 4247 867 4301 habet
877 4245 953 4317 judi·
1004 4245 1164 4318 placabiles,
1180 4248 1214 4302 de
1228 4246 1286 4318 ipsa
1301 4246 1412 4303 licentia
1435 4247 1502 4303 nihil
1524 4248 1644 4318 dicebas,
1669 4248 1739 4305 sicut
1752 4262 1805 4306 nec

98 4340 240 4410 candi,
263 4336 346 4392 liceat
359 4336 482 4406 obedire,
503 4335 630 4392 videlicet
644 4343 673 4390 ut
687 4335 781 4390 limina
795 4341 954 4391 sanctorum
1004 4330 1086 4387 modo
1114 4329 1191 4397 facis,
1223 4331 1310 4387 donec
1343 4330 1461 4404 aliquam
1484 4332 1642 4405 novitatem,
1668 4339 1697 4387 ut
1720 4331 1804 4401 soles,

83 4425 420 4495 apostoloruml’etri
427 4425 529 4481 scilicet
537 4433 563 4480 et
571 4425 648 4480 Pauli
656 4432 805 4494 merear,nt
817 4423 955 4491 devovi,et
968 4420 994 4481 D
1005 4435 1087 4492 quara
1097 4434 1204 4489 semper
1213 4419 1333 4475 timendo
1344 4427 1482 4491 exspecto,
1496 4420 1592 4476 iterum
1602 4421 1696 4492 facias,
1709 4421 1805 4496 dequa

80 4510 165 4568 ab
176 4512 956 4585 eodeminsupervoeatussum,penetrarehlioquiume
1006 4506 1184 4578 compellatus
1207 4506 1315 4562 solitam
1340 4507 1495 4564 cantionem
1518 4509 1552 4564 de
1575 4509 1684 4566 licentia
1704 4518 1747 4565 tua
1761 4525 1805 4566 re·

76 4605 228 4661 vohis
244 4602 359 4670 abhinc,
375 4609 404 4657 ut
426 4602 633 4675 archiepiscopo
653 4601 833 4674 coepiscopus
848 4601 956 4656 obtem·
1005 4603 1106 4651 cantes.
1124 4595 1220 4651 Petitio
1234 4602 1324 4652 autem
1334 4603 1380 4652 tua
1394 4596 1465 4667 apud
1480 4597 1609 4653 domnum
1624 4612 1719 4669 regem
1740 4597 1803 4653 talis

79 4692 350 4758 Deraredehet,
361 4691 493 4746 canonice
503 4690 594 4747 sciatis
604 4692 720 4763 obsequi
728 4706 783 4746 non
791 4705 883 4761 posse,
893 4688 957 4763 quia
1007 4684 1065 4751 fuit,
1089 4684 1199 4756 quaudo
1222 4686 1257 4740 ad
1279 4701 1341 4741 eum
1358 4685 1466 4754 venisti,
1489 4685 1554 4757 quia
1577 4686 1646 4741 sicut
1669 4684 1763 4757 plures
1777 4691 1806 4740 et

84 4785 153 4832 ut
183 4780 324 4838 decernit
338 4780 433 4835 beatus
449 4795 521 4852 papa
537 4779 674 4847 Gelasius,
691 4778 815 4836 nesciunt
829 4777 894 4850 quid
912 4777 955 4832 lo-
1006 4788 1076 4844 pene
1099 4788 1195 4829 omnes
1216 4773 1243 4828 in
1267 4774 1327 4829 istis
1351 4772 1498 4845 provinciis
1531 4773 1600 4830 scire
1621 4773 1756 4842 dicuntur,
1779 4781 1807 4831 et

89 4876 283 4937 quunurr,
299 4867 347 4940 qui
362 4867 479 4924 decretis
492 4876 592 4924 sancta
603 4868 732 4924 Romanae
740 4866 871 4923 Ecclesiae
882 4866 957 4922 sedis
1006 4869 1089 4933 patet,
1109 4862 1212 4918 addens
1234 4863 1365 4937 gravibus
1389 4862 1524 4936 graviora,
1549 4862 1623 4918 velut
1636 4861 1696 4934 ipsa
1710 4877 1805 4920 sacro·

99 4958 306 5018 praesulum
321 4957 399 5029 quasi
414 4972 533 5012 canones
547 4965 697 5028 opponunt,
715 4956 811 5028 quibus
822 4955 957 5012 contraire
1007 4967 1068 5006 rum
1093 4966 1226 5007 canonum
1251 4951 1439 5007 demonstrant
1455 4950 1568 5022 judicia,
1591 4951 1685 5007 nescio
1707 4950 1805 5024 quibus

111 5052 250 5102 contra
270 5061 390 5102 canones
408 5052 449 5100 est
459 5045 534 5116 ipsos
552 5061 582 5100 se
597 5045 739 5116 erigere.»
760 5045 814 5100 Iste
831 5044 958 5100 Gelasius
1007 5040 1252 5097 machinationibus
1273 5039 1414 5112 exquisitis
1436 5047 1494 5094 ate
1506 5039 1593 5109 jussio
1608 5049 1649 5096 est
1663 5038 1804 5112 principa·

122 5141 227 5204 papa
237 5133 405 5190 venerabilis
418 5141 561 5190 etsanctus
571 5133 822 5190 omnesdecretales
830 5133 959 5205 epistolas
1006 5129 1039 5184 lis
1057 5128 1155 5192 elicita,
1178 5136 1207 5183 ut
1231 5128 1265 5185 de
1280 5129 1322 5183 his
1346 5127 1500 5201 dequibus
1523 5127 1745 5198 electosjudices
1759 5141 1806 5182 aa·

132 5223 350 5280 venerabiliter
365 5223 453 5279 sanxit
471 5222 669 5294 suscipiendas,
684 5238 795 5279 neceas
810 5222 957 5278 venerabi·
1007 5218 1127 5275 cundum
1140 5231 1236 5273 sacros
1249 5231 1369 5273 canones
1383 5216 1523 5289 expetisti,
1538 5231 1593 5272 non
1607 5215 1695 5272 solum
1710 5229 1808 5274 eorum

146 5300 221 5365 liter
234 5311 360 5382 suscipit,
375 5310 438 5366 lieet
453 5310 487 5365 ad
502 5318 604 5366 tomum
618 5319 700 5382 caput
720 5309 838 5378 inclinet,
852 5309 899 5383 qui
917 5309 958 5367 eis
1008 5306 1129 5380 querela,
1152 5321 1267 5380 quorum
1287 5320 1373 5363 causa
1394 5321 1483 5380 usque
1502 5305 1538 5362 ad
1561 5303 1645 5361 alium
1663 5310 1806 5363 tractatum

154 5406 213 5451 hun
224 5399 319 5456 obedit
334 5400 382 5454 sed
398 5399 488 5471 potius
508 5415 590 5471 porro
604 5400 700 5455 obvias
715 5413 811 5454 manus
825 5398 955 5468 inferens,
1007 5394 1162 5451 diffinienda
1183 5393 1324 5465 remansit,
1358 5410 1453 5450 verum
1477 5402 1504 5452 et
1532 5409 1604 5469 quae,
1628 5400 1657 5448 ut
1677 5391 1746 5462 dixi,
1777 5391 1806 5450 in

168 5488 232 5552 tuod
246 5488 306 5544 sine
320 5487 444 5562 periculo
466 5487 513 5562 agi
535 5503 590 5544 non
603 5496 702 5560 potest,
735 5487 845 5562 respuit,
864 5495 957 5561 utpote
1006 5495 1100 5554 domni
1113 5496 1187 5571 regis
1201 5495 1346 5569 prasentia
1359 5495 1507 5554 electomm
1524 5495 1646 5568 iudicum
1673 5494 1807 5556 maanus
