3794 6104
46 240 77 295 di
788 235 976 294 ertslotat.
1675 252 1709 304 62

38 364 99 420 tico
117 363 287 435 presbytero
299 363 409 435 scripsit
422 364 515 436 (epist.
529 367 586 435 ΒΞ),
601 372 630 420 ut
654 371 759 420 remota
783 364 859 419 omni
872 361 1076 424 Althemornm
1100 369 1259 439 provinciae,
1283 371 1499 442 archiepiscopis
1521 378 1547 426 et
1572 371 1710 442 episcopis

36 451 474 509 dubitationeChalcedonensis
493 453 591 524 synodi
615 452 804 509 diffinitionem
826 454 861 509 de
909 453 972 510 illuc
991 473 1023 510 ex
1053 458 1180 514 mandato
1211 468 1302 515 vestro
1318 460 1543 516 convenientibus
1566 448 1709 516 occnr'rerc

33 539 111 605 fide,
127 557 218 612 quam
233 550 260 596 et
283 541 440 613 apostolicae
463 542 537 596 sedis
563 541 682 597 firmavit
703 542 859 608 auctoritas,
910 543 1044 614 festinavi,
1058 562 1111 617 quo
1126 547 1205 603 ctiam
1220 547 1349 604 dilectum
1365 549 1477 603 fratrem
1501 557 1624 604 nostrum
1648 549 1711 603 Vul·

32 628 220 704 profiteatur
234 646 263 685 se
278 647 328 701 per
342 631 432 685 omnia
456 640 633 698 servaturum,
659 632 768 700 adjecta
791 632 859 685 sub·
912 630 1004 686 ladam
1019 636 1112 689 restire
1128 637 1293 692 commonui.
1310 638 1366 692 Eos
1381 626 1464 692 etiarn
1480 637 1577 693 iratres
1599 646 1708 692 nostros

33 719 195 789 criptione
210 735 304 774 manus
318 720 447 790 propriae,
473 737 534 791 rptae
560 721 587 775 in
608 721 731 777 Ecclesia
760 721 861 791 populo
911 720 945 775 de
961 721 1046 792 ipsius
1061 723 1188 796 collegio,
1201 726 1247 796 qui
1262 727 1313 780 sub
1327 734 1419 781 nostra
1434 743 1497 782 cura
1512 728 1624 796 degunt.
1646 742 1707 781 me-

32 816 194 881 praesente
210 808 348 863 recitetur.
366 807 470 876 Quibus
481 817 587 864 constat
602 825 650 864 eos
665 810 710 881 qui
726 810 760 865 ab
772 810 861 864 eccle·
911 825 973 865 cum
988 811 1100 866 adduxi.
1121 811 1196 880 Quos
1211 814 1278 868 sieut
1292 814 1359 868 mihi
1377 816 1497 870 scribere
1511 815 1617 887 dignati
1631 815 1706 877 estis.

33 896 165 952 siastica
183 897 328 952 traditione
352 897 461 951 deviant
483 914 533 967 per
553 906 747 968 contemptum,
772 898 862 953 taliter
907 899 1011 968 justum
1024 900 1088 970 qnid
1104 901 1147 954 vel
1165 901 1239 970 pium
1255 903 1384 970 sentiens,
1401 903 1459 958 sine
1473 904 1665 959 retractatione
1680 903 1708 958 in

35 985 138 1055 recipi
166 986 272 1040 debere
291 986 447 1058 :quoniam
464 994 492 1040 ut
505 987 614 1040 Hilarus
630 987 696 1041 dicit
708 987 802 1059 (epist.
819 986 857 1056 2),

38 1090 105 1130 non
140 1074 236 1128 minus
266 1075 295 1128 in
317 1083 472 1129 sanctarum
502 1075 674 1130 traditionum
696 1076 862 1147 pelinquitur

41 1162 224 1228 sanctiones,
243 1178 324 1233 quarn
339 1162 366 1216 in
382 1163 507 1231 injuriam
522 1163 608 1233 ipsius
621 1164 729 1218 Domini
746 1163 857 1234 prosili-

43 1260 104 1306 tur.
127 1252 172 1305 De
188 1252 297 1323 quibus,
315 1252 337 1305 si
361 1267 377 1305 a
400 1266 449 1305 sua
474 1251 646 1322 professione
670 1252 713 1306 vel
737 1252 861 1307 subscri-

45 1340 147 1411 ptione
164 1339 389 1407 exorbitaverint,
406 1340 621 1412 Cartltaginensc
637 1341 701 1395 dicit
716 1340 862 1396 concilium

47 1430 226 1497 tramittam
244 1430 340 1484 Carth.
360 1443 389 1496 tt,
415 1445 479 1485 curt.
506 1430 560 1495 l3l.
579 1429 607 1484 Si
635 1430 705 1501 quis,
723 1429 860 1500 inquiens,

51 1524 152 1573 contra
168 1532 250 1571 suam
273 1516 469 1586 professionem
493 1517 535 1572 vel
560 1517 789 1588 subscriptionem
813 1534 864 1571 ve-

912 987 968 1040 seis
983 987 1125 1042 ordinibus
1149 1004 1284 1044 consensu
1307 1006 1340 1046 ac
1357 992 1460 1069 judicio
1481 992 1709 1062 coepiscoporum

912 1076 1074 1130 Rhetnensis
1087 1078 1235 1147 provinciae
1249 1080 1392 1134 restituere
1410 1088 1588 1144 maturarem,
1610 1081 1632 1135 si
1647 1081 1709 1135 illos

912 1163 947 1218 ab
968 1165 1072 1219 eisdem
1103 1166 1236 1235 gradibus
1266 1183 1327 1221 eunt
1357 1183 1452 1222 eorum
1480 1176 1584 1223 tantum
1605 1168 1709 1238 judicio

912 1253 1084 1321 dejecissem.
1102 1255 1155 1309 Sed
1172 1255 1300 1326 quoniam
1315 1257 1412 1328 synodi
1426 1257 1618 1327 episcoporum
1627 1256 1709 1328 quin·

913 1357 964 1413 que
980 1343 1191 1411 provinciarum,
1214 1361 1328 1414 quorum
1351 1361 1414 1400 meo
1435 1360 1571 1400 consensu
1592 1344 1712 1415 expetie-

913 1437 976 1483 runt
995 1431 1137 1498 judicium,
1167 1431 1325 1488 diffinitione
1356 1434 1431 1488 luere
1450 1433 1571 1501 deiecti:
1594 1442 1621 1487 et
1641 1433 1710 1487 sicut

913 1518 1009 1572 melius
1024 1520 1153 1589 sapientia
1175 1531 1266 1578 vestra
1287 1522 1371 1587 novit,
1395 1523 1465 1577 sacri
1487 1537 1605 1577 canones
1625 1536 1710 1592 usque

54 1606 130 1661 nerit
144 1607 175 1660 in
186 1606 288 1677 aliquo,
305 1605 364 1675 ipse
379 1623 409 1661 se
423 1606 525 1661 honora
548 1606 674 1676 privabit.
702 1607 734 1661 lit
754 1615 865 1662 sanctus

58 1694 215 1766 Gregorius
233 1695 268 1747 ad
285 1694 430 1748 lllaxlmum
451 1695 610 1765 episcopum
635 1694 819 1749 Salonitanum
832 1694 867 1749 de
879 1703 943 1778 But
961 1696 995 1748 ab
1006 1696 1067 1751 aliis
1083 1698 1181 1767 dejecti
1196 1701 1230 1754 ab
1245 1700 1304 1755 aliis
1327 1715 1382 1755 non
1404 1699 1581 1769 recipiantur,
1601 1698 1712 1752 minima

56 1785 169 1839 Andrea
185 1784 302 1839 diacono
318 1784 382 1838 dicit
400 1787 493 1855 (epist.
508 1787 569 1849 titt,
589 1785 636 1839 lib.
653 1785 713 1853 vul,
732 1784 796 1854 quia
811 1784 863 1838 lla-
915 1792 1004 1838 autem
1015 1787 1198 1859 restituantur,
1214 1790 1263 1844 sed
1286 1796 1331 1843 aut
1352 1789 1511 1845 eorumdem
1533 1795 1577 1842 aut
1600 1787 1712 1856 majoris

58 1872 282 1945 gitatijudicium
295 1888 349 1927 non
360 1872 441 1927 debet
456 1872 490 1926 dc
506 1888 589 1927 causa
604 1889 686 1943 quam
709 1873 768 1943 ipsa
788 1873 865 1940 judi·
915 1872 1022 1927 concilii
1038 1875 1229 1946 episcoporum
1244 1877 1418 1932 diffinitiones
1433 1893 1464 1932 ac
1482 1876 1585 1945 judicia
1600 1883 1714 1946 praesto·

59 1961 135 2016 cavit.
154 1960 212 2016 Sed
227 1960 290 2031 quia
305 1968 461 2031 contempta
477 1960 564 2015 luerat
587 1961 708 2016 indebita
727 1978 864 2031 praesum·
914 1960 1014 2029 lentur,
1031 1962 1147 2018 aliorum
1158 1982 1226 2036 opus
1241 1966 1269 2020 in
1282 1967 1390 2020 illorum
1411 1964 1579 2019 restitutione
1594 1963 1713 2018 nullate-

57 2050 155 2119 ptione,
174 2065 230 2104 non
246 2049 334 2104 solum
350 2048 474 2103 diffinitio
499 2049 647 2119 synodalis
664 2050 865 2120 cpiscoporum,
916 2065 967 2103 nus
979 2066 1110 2121 usurpare
1124 2053 1286 2125 praesumpsi
1301 2070 1369 2125 quos
1384 2068 1446 2107 meo
1466 2052 1577 2107 arbitrio
1592 2052 1627 2105 ab
1651 2049 1713 2105 olii·

60 2139 105 2193 sed
117 2147 146 2192 et
163 2137 324 2209 apostolicae
346 2138 419 2192 sedis
442 2138 534 2193 domni
557 2138 694 2193 benedicti
716 2154 793 2208 papae
817 2154 866 2193 au·
916 2139 958 2193 cio
973 2155 1027 2193 non
1042 2141 1181 2211 suspendi,
1198 2151 1225 2197 et
1239 2143 1266 2196 in
1281 2141 1392 2213 praelata
1407 2141 1511 2212 synodo
1522 2140 1713 2209 episcoporum

58 2228 178 2292 claritas,
206 2227 405 2297 opportunitate
437 2227 562 2291 inventa,
598 2243 648 2296 per
681 2227 866 2282 venerabilem
916 2227 1036 2298 quinque
1052 2230 1262 2300 provinciarum,
1279 2238 1514 2287 nontantumnoo
1537 2227 1655 2297 judicavi
1671 2227 1714 2282 vel

59 2315 170 2370 lratrem
196 2323 223 2369 et
247 2315 441 2385 coepiscopum
466 2323 590 2369 nostrum
613 2315 756 2370 llodonem
775 2332 866 2370 exem·
916 2315 1013 2384 dejeci,
1027 2333 1122 2372 verum
1138 2334 1189 2374 nec
1203 2320 1412 2388 cumjudioibus
1435 2334 1529 2373 eorum
1553 2314 1714 2387 subscripsi,

61 2405 116 2474 plar
129 2402 274 2475 privilegii
294 2404 387 2457 domni
413 2403 552 2458 benedicti
572 2404 623 2457 sub
644 2402 708 2457 fidei
733 2405 866 2474 astipula-
917 2405 981 2475 quia
994 2405 1059 2458 milti
1075 2408 1228 2464 commissae
1241 2407 1372 2464 Ecclesiae
1387 2406 1436 2462 filii
1454 2405 1583 2460 finitimos
1610 2403 1713 2474 episco-

61 2492 131 2548 tione
148 2493 275 2562 dirigens
290 2491 384 2546 domni
398 2493 423 2545 N
426 2492 505 2547 icolai
521 2507 600 2563 papae
614 2492 774 2555 auctoritati,
788 2492 822 2546 ab
833 2508 866 2547 eo
916 2504 966 2559 pos
978 2490 1053 2557 juxta
1068 2505 1187 2546 canones
1203 2493 1380 2548 sardicenses
1393 2507 1445 2562 pro
1463 2505 1547 2546 causa
1562 2505 1610 2543 sua
1625 2488 1712 2542 inter·

17 2633 23 2639 .
62 2581 130 2651 qnod
146 2597 216 2635 suus
224 2580 356 2635 decessor
371 2579 528 2636 firmaverat
547 2580 719 2635 corroborari
734 2580 864 2651 poposci:
916 2577 1060 2648 pellarunt,
1078 2585 1104 2632 et
1126 2579 1225 2637 Africar
1246 2581 1393 2653 provinciae
1413 2595 1534 2634 canones
1559 2575 1713 2646 hujusmodi

63 2685 114 2725 non
129 2671 165 2724 ad
183 2669 320 2737 injuriam,
337 2669 409 2739 quod
423 2669 502 2731 absit,
519 2669 592 2723 sedis
607 2668 775 2739 apostolicae,
788 2668 865 2749 qnasi
919 2666 1023 2721 vicinos
1038 2666 1182 2738 episcopos
1201 2669 1304 2734 audire,
1321 2677 1347 2723 et
1362 2669 1431 2723 inter
1452 2683 1500 2723 eos
1522 2682 1553 2721 ac
1572 2665 1712 2737 proprium

63 2758 120 2826 ejus
134 2759 227 2813 adhuc
243 2757 442 2828 inambiguum
460 2757 594 2811 sententia
618 2757 773 2825 duceretur,
790 2765 816 2811 ct
830 2757 866 2811 ob
916 2756 1074 2827 episcopum
1089 2759 1225 2817 adhibitos
1240 2758 1277 2812 ab
1292 2758 1332 2811 eis
1346 2757 1491 2827 episcopos
1503 2756 1598 2825 jubent
1615 2753 1709 2825 queri-

64 2846 90 2900 id
104 2861 159 2900 non
176 2844 335 2900 sufficerent
351 2861 411 2915 quar
425 2845 460 2899 ab
477 2860 509 2899 ea
524 2845 609 2898 semel
620 2844 713 2899 domni
728 2845 868 2899 Benedicti
916 2847 1035 2902 moniam
1051 2849 1179 2905 dilliuire.
1197 2847 1274 2902 Unde
1289 2845 1427 2901 humiliter
1441 2845 1565 2911 obsecro,
1590 2858 1626 2897 ne
1662 2858 1712 2913 pro

65 2950 140 3004 papae
157 2933 334 2998 auctoritate,
350 2942 378 2987 ut
401 2933 464 2987 inde
488 2934 603 3004 quaestio
622 2934 702 2987 nullis
721 2932 867 3004 aliquando
917 2934 1099 2992 inobedientia
1114 2936 1328 3008 mibircputetis,
1345 2934 1473 3005 quoniam
1488 2949 1536 2988 eos
1550 2948 1605 2987 non
1620 2931 1713 2986 statim

66 3022 234 3093 temporibus
244 3023 356 3088 oriatur,
374 3030 400 3076 et
414 3022 568 3092 aspirantes
593 3021 711 3076 indebite
732 3022 866 3077 anhelitus
917 3025 1030 3092 restitui,
1047 3028 1093 3098 qui
1109 3027 1143 3081 ad
1158 3026 1302 3098 synodum,
1319 3023 1387 3079 sicut
1395 3022 1573 3094 praecepistis,
1589 3021 1640 3076 boc
1655 3020 1715 3076 solo

66 3111 215 3181 compressi
231 3109 352 3164 funditus
366 3118 499 3180 perpetua
518 3118 655 3174 maneant,
675 3108 780 3163 suerent
795 3126 863 3166 can·
881 3071 977 3167 Ctneo
992 3130 1060 3169 ausu
1075 3132 1158 3188 agere
1174 3115 1278 3180 viritas,
1302 3112 1461 3167 obedienter
1484 3110 1599 3176 occurri,
1620 3117 1649 3164 et
1672 3108 1713 3162 his

68 3200 171 3254 lirmata
187 3217 194 3252 ι
212 3199 261 3253 sed
278 3200 406 3269 quoniam
422 3199 529 3254 incauta
537 3199 713 3268 presumptio
723 3207 751 3252 ut
760 3200 865 3253 consti·
916 3214 977 3268 quae
991 3198 1088 3255 iratres
1104 3209 1130 3254 et
1144 3197 1300 3270 coepiscopi
1311 3196 1407 3255 nostri.
1424 3204 1521 3250 vestrae
1534 3193 1713 3250 sanctissimae

67 3290 129 3344 tatio
151 3288 344 3360 geminaretur
374 3288 475 3359 exegit,
509 3294 644 3359 quatenus
672 3288 695 3341 si
720 3287 865 3346 obstinatio
915 3288 1086 3356 paternitatis
1100 3287 1268 3343 devotissimi
1282 3286 1339 3349 lilii,
1356 3292 1446 3341 vestra
1466 3283 1525 3339 sulti
1546 3282 1710 3348 auctoritate,

67 3393 227 3448 permanere
243 3376 387 3447 deligeret,
405 3391 434 3430 se
448 3384 510 3447 post
526 3383 564 3430 tot
579 3375 777 3445 prohibitiones
800 3375 866 3430 niffi·
915 3376 950 3430 de
964 3376 1070 3431 illorum
1086 3377 1254 3431 restitutione
1269 3376 1459 3439 decreverunt,
1475 3373 1626 3428 secundum
1640 3370 1713 3442 quod

66 3468 117 3521 nita
132 3467 246 3536 impune
271 3482 327 3520 non
351 3482 433 3535 posse
455 3454 561 3519 tentare
582 3473 773 3537 cognosceret.
800 3467 865 3522 llaec
914 3465 1028 3534 mystica
1042 3466 1156 3520 ilicaena
1169 3465 1300 3535 synodus,
1316 3462 1441 3518 scribens
1456 3462 1489 3515 ad
1502 3458 1643 3515 ditrocsim
1658 3458 1711 3512 Ec-

66 3571 114 3610 non
127 3572 179 3625 per
194 3554 326 3608 malitiam
341 3553 423 3617 dicta,
450 3555 498 3609 sed
520 3569 554 3607 ne
578 3564 607 3607 nt
631 3562 792 3624 putarentur
813 3570 865 3624 per
914 3553 1005 3608 clesiae
1020 3553 1219 3617 Alexandrinae,
1237 3552 1271 3607 de
1286 3550 1418 3605 ordinatis
1432 3565 1447 3603 a
1463 3548 1570 3603 llleletio
1582 3546 1712 3602 damnato

65 3643 193 3698 mititiam
217 3643 307 3709 tacita,
333 3643 368 3697 ad
391 3651 508 3697 vestram
534 3642 654 3696 notitiam
678 3643 865 3698 necessarium
915 3642 1045 3713 episcopo
1059 3642 1184 3697 clementi
1198 3639 1312 3697 consilio
1327 3639 1427 3705 statuit,
1444 3635 1714 3705 videlicetutmysti·

65 3732 123 3786 dttri
138 3733 302 3803 perducere,
320 3732 366 3802 qui
380 3731 509 3787 canonice
533 3738 629 3786 cuncta
652 3747 703 3801 pet·
727 3732 863 3802 ordinem,
915 3747 947 3786 aa
960 3732 1130 3787 ordinatione
1142 3729 1238 3786 firmati
1255 3730 1386 3784 haberent
1399 3729 1531 3781 honorem
1546 3733 1571 3780 et
1586 3724 1711 3779 ministe-

67 3838 121 3893 quae
136 3823 165 3875 in
182 3819 299 3890 praefato
312 3818 396 3874 fratre
410 3829 504 3873 nostro
520 3819 634 3873 Vullado
645 3828 669 3874 et
679 3819 794 3892 collegis
806 3822 865 3890 ejus
915 3819 995 3887 rium,
1014 3828 1039 3874 et
1054 3821 1253 3890 proveheretur
1269 3817 1382 3890 quilibet
1403 3831 1497 3871 eorum
1524 3814 1553 3868 in
1581 3815 1712 3868 honorem

68 3919 139 3982 gesta
155 3917 231 3973 sunt,
257 3908 406 3962 secundum
429 3908 639 3977 preceptionem
664 3907 756 3963 domni
778 3909 865 3963 nostri
915 3909 1036 3978 episcopi
1052 3909 1079 3962 in
1093 3907 1216 3965 Ecclesia
1231 3906 1360 3972 deluneti,
1379 3905 1402 3959 si
1416 3905 1490 3959 visus
1506 3902 1576 3958 soret
1599 3902 1710 3974 dignus,

68 4014 149 4068 papae,
166 3997 326 4052 examinare
337 4005 362 4050 et
378 3995 500 4050 subtilius
516 3996 689 4068 investigare,
712 4004 737 4050 et
754 3996 777 4049 si
801 3997 865 4067 quid
915 4004 941 4051 et
957 4012 1017 4051 eum
1032 3997 1149 4067 populus
1164 3995 1302 4068 elegisset,
1314 4011 1374 4049 eum
1389 4008 1525 4048 consensu
1535 3989 1712 4047 Alexandrini

67 4087 164 4155 justum
180 4087 311 4156 piumque
326 4102 435 4139 sensum
451 4084 540 4151 luerit,
560 4085 595 4139 dc
609 4085 717 4139 illorum
734 4084 864 4139 reforma·
914 4086 1045 4156 episcopi,
1063 4086 1113 4139 sub
1128 4085 1203 4152 atrius
1218 4099 1284 4140 cura
1298 4082 1425 4139 dioecesis
1440 4080 1487 4135 illa
1501 4080 1629 4152 degebat,
1645 4094 1711 4134 con·

71 4176 137 4229 tione
152 4174 261 4229 debetis
272 4173 415 4244 perlicere,
431 4190 465 4227 ne
482 4173 545 4244 quid
558 4172 628 4227 forte
649 4175 865 4243 pretermissum
915 4174 1077 4229 decernente
1101 4173 1302 4244 quodammodo
1325 4171 1424 4225 similia
1445 4169 1573 4224 Africano
1596 4167 1711 4223 concilio

72 4264 198 4329 videatur,
216 4263 290 4333 quod
306 4262 383 4318 vobis
399 4262 480 4329 scire,
497 4271 524 4315 et
540 4261 612 4315 unde
628 4276 644 4314 a
667 4261 743 4315 vobis
765 4278 864 4318 conve·
914 4263 950 4316 de
964 4262 1122 4327 Donatistis,
1139 4279 1200 4332 quae
1215 4277 1269 4317 non
1285 4261 1364 4315 vobis
1379 4267 1408 4313 nt
1417 4256 1559 4330 incognita
1578 4257 1711 4327 ingerun-

74 4350 257 4406 niatdilliniri.
915 4359 968 4416 tur,
983 4352 1031 4405 sed
1047 4359 1074 4406 ut
1097 4350 1236 4427 notissima
1260 4348 1438 4414 inculcantur,
1464 4361 1601 4401 sacrorum
1625 4360 1711 4399 cano·

871 4428 900 4490 D
915 4455 978 4493 num
994 4448 1019 4494 et
1035 4438 1279 4509 sedisapostolicae
1295 4436 1467 4491 manentibus
1490 4433 1643 4490 constitutis
1664 4447 1713 4503 pa-

916 4527 1050 4582 ratissime
1073 4544 1205 4595 annuere,
1228 4536 1255 4581 ct
1288 4527 1419 4581 sollicitus
1442 4538 1550 4578 servare
1581 4521 1711 4574 unitatem

915 4616 1024 4686 spiritus
1038 4616 1066 4671 in
1086 4616 1195 4671 vinculo
1218 4616 1304 4686 pacis,
1328 4615 1513 4682 obtemperare
1535 4608 1629 4665 curavi
1645 4625 1653 4661 t
1668 4623 1709 4662 re-

911 4713 1023 4777 servato
1037 4722 1088 4776 per
1102 4705 1193 4760 omnia
1208 4704 1388 4759 sententiaeac
1399 4696 1619 4769 jurisprivilegio
1634 4698 1710 4767 ejus-

915 4794 978 4848 dem
992 4794 1151 4865 apostolica
1166 4794 1250 4860 sedis,
1266 4800 1292 4847 et
1306 4791 1378 4845 salva
1393 4786 1555 4842 diffinitione
1570 4802 1601 4842 ac
1616 4783 1713 4842 constr·

341 4438 510 4493 EPISTOLA
530 4439 586 4493 l'll.

311 4541 348 4581 tn
365 4542 504 4582 xtcottnx
515 4541 616 4583 atriu.

76 4618 365 4690 PtrEpt'loncmmiaso
380 4633 446 4671 cam
456 4617 529 4739 αοὶέὲ
538 4615 636 4686 synodi
654 4616 865 4672 Suessioncnsis

391 4694 493 4743 annot
533 4728 539 4740 .

334 4775 425 4846 (Apud
449 4774 600 4843 eumdem.)

104 4884 217 4938 Domino
231 4882 404 4938 sanctissimo
415 4890 441 4935 et
457 4880 677 4936 reverentissimo
687 4881 795 4934 Patrum
811 4881 865 4935 Pa-

75 4972 103 5024 tri
112 4973 244 5035 Nicaeae,
261 4970 356 5041 primae
372 4985 403 5025 ac
429 4985 541 5023 summae
564 4969 637 5024 scdis
660 4968 816 5039 apostatice
838 4977 865 5023 et

73 5061 223 5115 universalis
237 5059 369 5115 Ecclesia
389 5074 477 5130 papae,
501 5058 674 5125 lltucutncs,
700 5058 864 5113 Rhemorum

73 5151 218 5220 episcopus.
235 5156 262 5203 et
278 5155 376 5202 vestre
390 5146 570 5202 sanctissime
590 5146 759 5216 paternitatis
781 5146 864 5201 dcvo-

73 5237 185 5291 tissimus
203 5236 328 5291 lamulus.

101 5327 213 5382 Decimo
236 5326 331 5396 quinto
352 5321 466 5378 Kalend.
496 5322 674 5393 Septembris,
708 5322 864 5378 indictionis

71 5428 125 5482 xiv,
140 5415 292 5469 secundum
305 5420 425 5468 vestram
444 5411 622 5483 apostolicam
642 5410 804 5480 jussionem,
828 5411 863 5467 ad

915 4884 1033 4938 motione
1049 4890 1212 4954 exspectatae
1226 4888 1322 4937 vestrae
1331 4876 1513 4942 discretionis,
1529 4883 1609 4947 atque
1619 4883 1712 4930 aueto-

914 4973 1012 5027 ritatis.
1045 4974 1078 5027 Et
1108 4973 1169 5044 qnia
1199 4968 1319 5040 Synodo,
1342 4983 1393 5037 per
1424 4966 1497 5020 hunc
1524 4964 1710 5020 venerabilem

914 5060 1148 5130 arehiepiscopum
1164 5057 1317 5128 Egilonem,
1339 5055 1384 5126 qni
1407 5054 1525 5110 interluit
1548 5053 1708 5117 actionibus,

914 5149 1048 5220 dirigente
1073 5146 1215 5218 epistolam
1238 5144 1359 5199 omnium
1385 5153 1518 5206 nostrum,
1545 5142 1590 5214 qui
1612 5141 1709 5195 adesse

912 5239 1058 5310 potuimus,
1075 5253 1135 5292 cum
1151 5236 1210 5305 ipso
1226 5250 1292 5290 voca
1306 5234 1472 5306 loquentem,
1489 5231 1616 5303 quoniam
1632 5228 1655 5283 si
1671 5228 1711 5283 eis

914 5343 1022 5381 manum
1045 5324 1194 5397 porrigitis,
1231 5323 1372 5378 vobiscum
1401 5322 1503 5393 pariter
1526 5319 1707 5390 porrigemus.

912 5413 1027 5470 Vallado
1050 5422 1076 5467 et
1098 5415 1156 5483 ejus
1179 5413 1293 5486 collegis
1313 5427 1365 5483 pro
1383 5407 1579 5480 disceptatione
1600 5407 1708 5463 diversa

69 5501 227 5559 Scottorum
241 5501 388 5571 civitatem,
414 5499 617 5557 cumfratribus
641 5515 672 5554 ac
692 5500 863 5571 coepiscopis
909 5501 1096 5572 judicantium,
1117 5502 1145 5556 in
1166 5503 1264 5558 eadem
1286 5499 1390 5573 synodo
1411 5497 1536 5554 omnibus
1555 5510 1709 5553 consonan-
