3794 6104
177 239 248 294 tots
330 241 334 246 ’
694 231 865 293 ΑΙΜΟῘΝΠΒ
887 230 1080 291 donandus
1095 227 1323 290 sannuncurt.
1756 236 1822 293 illd

177 368 249 428 sunt,
260 359 334 417 fideli
349 360 419 432 stylo
434 359 540 415 Christo
556 360 624 414 dnce
638 357 803 430 digessimus
816 359 887 426 :jam
903 373 975 414 nnnc
989 357 1108 419 Aetium
1123 358 1244 413 dividere
1265 356 1400 412 voluimus
1429 372 1554 428 corpora,
1581 358 1646 414 licet
1676 357 1823 429 quantitme

178 466 239 524 qnae
255 456 359 505 restant
374 449 458 520 ipsius
479 447 661 503 translationis
680 454 706 501 et
731 454 870 517 gestorum
883 446 919 517 [in
944 463 975 501 ea
1025 445 1132 516 exigna.
1148 446 1288 517 Nobisqne
1303 445 1399 500 donari
1412 447 1538 517 petimus,
1557 445 1692 517 quidquid
1715 454 1825 516 prater-

178 537 382 603 miraculorum,
393 537 467 592 brevi
478 535 708 607 quemadmodum
719 534 975 605 coepimnstractatn
1026 543 1121 589 eumer
1135 533 1163 588 in
1178 534 1221 588 his
1236 534 1404 589 excessimus
1421 550 1426 589 :
1443 534 1489 605 qni
1504 534 1538 589 de
1553 534 1647 588 multis
1672 549 1763 604 panca
1790 534 1826 589 le·

179 625 294 683 sollicite
308 626 459 682 videamus.
483 625 578 695 Neque
606 624 677 678 enim
703 622 815 687 effugari
834 623 974 688 lectorem,
1026 631 1133 693 gentes,
1145 622 1191 676 illa
1205 638 1317 692 prorsus
1331 639 1391 693 quae
1405 621 1458 677 tide
1471 637 1502 678 ac
1516 621 1652 678 relatione
1679 622 1764 695 dIgua
1790 622 1827 676 in·

179 713 264 770 inulto
278 712 366 784 magis
380 727 446 767 vero
461 712 496 766 ad
511 728 544 767 ea
558 728 619 784 qnae
632 712 757 767 dicuntur
772 710 886 780 invitari,
896 725 975 780 opor·
1027 718 1108 766 vente
1121 711 1273 779 habuimus,
1291 711 1330 766 eis
1344 711 1524 782 praesentibus
1544 711 1591 782 qui
1606 710 1736 766 viderant
1760 717 1829 766 atte-

179 809 217 858 tet
236 801 352 873 qualiter
366 801 417 856 etsi
439 817 530 856 sermo
558 801 674 856 incultus
703 806 852 870 exasperat,
879 799 977 853 saltem
1028 799 1169 865 stantibus,
1185 799 1223 870 pii
1237 799 1340 855 laboris
1355 799 1444 854 studio
1459 799 1518 870 ipso
1529 798 1826 854 inloeoscriberecn-

180 890 334 946 succinctus
353 889 637 961 demulceatldeoque
646 905 726 945 omne
741 890 793 943 boc
808 903 878 958 opns
888 887 915 941 in
925 887 978 942 dno
1029 887 1157 942 ravimus.

691 1204 864 1280 INCIPIT
898 1205 1036 1278 LIBER
1068 1199 1332 1276 SECUNDUS.

438 1506 551 1563 CAPUT
570 1508 714 1564 PRIMUM·
991 1508 1145 1579 Bttdetiter
1159 1524 1295 1592 accessit),
1313 1539 1342 1578 se
1357 1523 1399 1579 vel
1423 1525 1579 1591 advenisse,
1604 1523 1649 1580 vel
1673 1531 1749 1580 certe
1772 1522 1823 1579 sine

216 1601 357 1674 Siquidem
371 1601 424 1657 illis
441 1603 474 1657 ad
489 1604 650 1676 balagivum
665 1605 803 1675 oppidum,
818 1607 896 1674 juxta
924 1620 976 1658 nn-

180 1689 254 1745 vinm
269 1690 401 1762 Sagarim,
424 1692 524 1745 cursim
545 1693 778 1762 pervenientibus,
807 1694 834 1747 iu
859 1693 977 1765 quadam

179 1775 269 1832 insula
284 1778 342 1833 solo
358 1779 485 1850 contigua
506 1781 677 1836 resederunt.
707 1781 857 1852 Statimque
886 1779 977 1835 divul-

178 1872 270 1937 gatum
284 1873 324 1920 est
338 1866 437 1921 nobilis
451 1867 540 1922 levitae
555 1877 581 1923 et
592 1870 719 1940 martyris
743 1885 841 1940 corpus
865 1869 972 1924 adesse.

179 1952 254 2008 Tunc
268 1955 432 2010 conveniunt
454 1956 578 2010 nonnulli
602 1974 716 2012 munera
737 1966 762 2012 et
780 1958 911 2030 obsequia
926 1973 977 2027 pro

178 2055 260 2113 posse
275 2040 431 2098 offerentes.
450 2045 523 2098 luter
537 2061 607 2116 qnos
621 2046 719 2100 mulier
735 2047 836 2101 dudum
844 2061 914 2101 caeca
930 2046 979 2099 ad-

178 2128 260 2184 ducta
275 2138 325 2195 est,
342 2148 402 2203 quae
416 2132 490 2186 humi
514 2141 576 2187 ante
599 2133 671 2204 ipsas
691 2134 810 2205 reliquas
831 2141 976 2205 prostrata,

179 2215 271 2272 lumen
287 2218 339 2273 sibi
348 2220 443 2274 donari
454 2223 589 2291 poposcit.
602 2223 635 2275 Et
645 2222 802 2293 aliquandiu
818 2222 886 2276 flens
909 2238 940 2276 ac
951 2222 978 2274 iu

179 2306 302 2361 oratione
316 2307 475 2377 persistens,
488 2309 576 2363 visum
590 2311 695 2364 cunetis
722 2310 767 2381 qni
788 2309 898 2364 aderant
914 2325 977 2366 cer-

179 2393 306 2448 nentibus
325 2397 428 2466 recepit
443 2405 469 2450 et
480 2397 654 2468 semetipsam
666 2397 753 2469 qualis
770 2406 880 2452 venerat
909 2413 978 2468 qna-

180 2477 268 2552 lisque
282 2481 377 2538 effecta
403 2493 474 2540 esset
504 2485 655 2552 admirans,
672 2486 762 2541 aiebat
778 2504 784 2539 :
803 2486 911 2541 Gratias
930 2485 979 2538 tibi

179 2568 264 2636 Dens,
281 2570 384 2643 tibique
408 2582 501 2627 sancte
516 2582 628 2645 martyr,
659 2574 705 2646 qui
724 2591 767 2629 me
790 2581 842 2629 tnae
871 2573 978 2628 virtutis

180 2657 305 2713 ubertate
320 2660 433 2732 dignam
449 2661 558 2716 duxisti.

501 2767 612 2823 CAPUT
627 2768 659 2822 ll.

1027 1613 1141 1668 remedii
1152 1612 1287 1668 medicina
1303 1612 1453 1667 recessisse
1468 1612 1593 1668 doluerit.

1329 1717 1445 1772 CAPUT
1458 1719 1504 1772 tv.

1064 1807 1135 1861 Pene
1150 1805 1232 1877 igitur
1246 1821 1296 1875 per
1311 1805 1418 1876 singula
1442 1806 1616 1860 mansionum
1639 1804 1703 1861 looa
1719 1805 1820 1876 patratis

1027 1894 1175 1960 miraculis,
1192 1901 1221 1948 nt
1235 1892 1311 1948 verbi
1338 1892 1425 1963 gratia
1449 1893 1476 1946 iu
1494 1893 1570 1948 Livia
1593 1893 1704 1948 duobus
1729 1892 1824 1949 claudis

1028 1982 1136 2050 erectis,
1154 1989 1179 2036 et
1194 1981 1222 2035 in
1238 1983 1390 2036 Carcasone
1405 1989 1479 2035 extra
1495 1981 1592 2035 urbem
1604 1980 1632 2034 in
1649 1981 1769 2036 ecclesia
1782 1981 1823 2035 snb

1028 2070 1112 2142 ipsius
1122 2069 1222 2124 Levitae
1232 2077 1258 2124 et
1268 2069 1395 2140 Martyris
1404 2069 1581 2124 veneratione
1592 2069 1705 2124 Christo
1717 2077 1822 2130 sarran,

1028 2158 1203 2213 daemoniacis
1213 2157 1382 2228 infirmisque
1393 2156 1454 2211 aliis
1464 2174 1519 2212 non
1527 2158 1625 2228 paucis
1645 2157 1758 2222 curatis,
1768 2158 1824 2226 jam·

1028 2246 1081 2302 laeti
1096 2246 1220 2300 Castrum
1235 2261 1288 2316 quo
1302 2245 1473 2310 tendebatur,
1490 2244 1621 2315 praecipui
1637 2245 1727 2299 Patris
1750 2246 1826 2300 Bene·

1028 2333 1093 2389 dicti
1109 2334 1305 2388 monasterinm
1319 2333 1545 2404 appropinquant.
1564 2333 1620 2388 Sed
1646 2333 1735 2404 qualis
1755 2332 1824 2387 fuerit

1028 2429 1105 2476 tanta
1128 2421 1286 2492 exceptione
1309 2421 1420 2492 dignus,
1446 2437 1506 2475 cnm
1531 2420 1665 2476 crucibus
1687 2437 1721 2477 ee
1736 2421 1825 2486 cereis,

1029 2510 1209 2580 omnibusque
1239 2508 1369 2578 congruis
1395 2509 1534 2563 ornatibus
1558 2508 1604 2563 ille
1636 2510 1825 2564 monachornm

1029 2598 1351 2670 splendidnsapperatns,
1362 2611 1470 2651 necnon
1486 2605 1510 2652 et
1524 2596 1726 2651 devotissimus
1743 2596 1826 2668 populi

1029 2701 1186 2749 concursus,
1205 2700 1267 2739 reor
1281 2684 1457 2754 superfluum,
1480 2683 1503 2738 si
1518 2684 1619 2754 exponi
1642 2686 1824 2751 contendatur,

1030 2773 1154 2843 Martyris
1169 2773 1260 2842 itaque
1288 2787 1387 2842 corpus
1411 2772 1572 2827 servandum
1587 2773 1826 2844 venerandumque

217 2869 332 2926 profecti
348 2880 439 2926 autem
453 2872 516 2928 inde
530 2874 566 2928 ad
580 2875 698 2944 pergam
723 2873 866 2929 castellum
896 2855 1444 2930 001aninecctesiaatmaegenenicis
1470 2859 1519 2914 Dei
1541 2860 1637 2915 llariae
1661 2869 1729 2916 ante
1750 2861 1826 2931 ipsius

182 2970 265 3012 cursu
280 2957 331 3013 iter
345 2959 476 3031 dirigunt.
501 2961 552 3016 Ubi
579 2961 710 3015 Dominus
737 2961 830 3015 itidem
858 2960 980 3031 praestito

183 3043 325 3112 miraculo,
343 3046 408 3116 qnid
423 3048 511 3102 meriti
527 3048 625 3119 quidve
640 3049 735 3118 gratiae
745 3048 817 3117 apud
828 3064 889 3102 enm
914 3063 980 3101 san-

183 3131 980 3205 ctuslevitaetmartyrhaberct‚clementerostendit.Nam

182 3218 254 3275 iuter
269 3222 389 3293 reliquos
405 3224 560 3295 gratissima
576 3225 634 3293 ejus
659 3240 770 3279 munera
798 3224 979 3294 requirentes,

182 3306 267 3362 adfuit
282 3310 392 3381 qnidam
408 3311 645 3377 delatnsclandns,
655 3295 884 3383 totoquecorpore
894 3326 981 3384 agro-

183 3403 236 3451 tus.
254 3396 307 3465 Qui
329 3414 422 3454 coram
437 3400 559 3471 reliqniis
582 3401 622 3470 (nt
646 3401 672 3454 in
697 3400 795 3454 talibus
822 3399 981 3471 contingere

183 3483 263 3555 solet)
279 3487 360 3556 ooepit
375 3487 494 3557 primum
509 3488 603 3543 dolore
614 3489 704 3544 trelido
719 3487 845 3560 affligi,et
867 3487 981 3558 inpavi-

182 3581 274 3629 mento
291 3574 417 3630 volutari.
434 3574 514 3643 Quod
535 3577 687 3630 astantibus
705 3576 802 3630 mirum
816 3575 980 3631 videbatur:

184 3660 233 3716 sed
247 3662 329 3731 paulo
344 3671 406 3732 post
417 3664 564 3718 miserante
580 3665 637 3719 Deo
656 3663 882 3719 intercessionem
911 3663 982 3718 beati

184 3744 317 3805 Vincentii
334 3752 670 3807 consolidataesnntbases
685 3753 784 3823 pedum
804 3752 871 3821 ejus,
887 3759 913 3805 et
942 3751 984 3805 di-

185 3837 253 3892 renti
268 3854 380 3908 gressus
396 3857 403 3893 :
419 3841 456 3894 ita
470 3848 498 3893 ut
514 3841 604 3895 laetitia
620 3840 758 3911 sospitatis
773 3840 862 3895 amica
872 3839 984 3895 comita-

181 3931 234 3992 tus,
244 3940 294 3996 per
308 3942 338 3980 se
353 3927 388 3980 ad
403 3943 468 3983 suos
483 3944 566 3982 sanus
581 3929 693 3983 rediret.

487 4042 601 4097 CAPUT
617 4043 662 4096 lll.

222 4142 291 4212 Quia
306 4160 369 4200 vero
384 4145 496 4201 lucerna
524 4162 578 4202 nen
606 4147 687 4202 debet
711 4146 852 4211 abscondi,
884 4146 932 4201 sed
954 4154 984 4201 nt

186 4229 571 4304 luceatsupercandelabrum
587 4237 660 4306 poni,
689 4236 745 4304 jam
767 4235 832 4289 illud
860 4244 982 4290 sanctum

187 4335 288 4391 corpus
299 4329 373 4377 tanto
385 4323 511 4378 virtutum
522 4323 627 4396 fulgore
648 4340 792 4379 coruscum
813 4322 912 4378 feretro
931 4339 982 4394 ap-

185 4415 283 4474 tantes,
301 4410 449 4466 Salomone
463 4413 571 4479 comite,
590 4412 692 4482 praevio
715 4412 884 4483 pacificoque
913 4412 982 4467 dne-

186 4503 246 4552 tore
264 4498 424 4554 Cerdaniam
440 4516 527 4571 nsque
550 4508 691 4556 venerunt.
715 4499 755 4554 lbi
773 4501 845 4554 enim
873 4508 984 4570 propter

187 4594 373 4653 occurrentes,
391 4589 608 4643 etuecessariam
623 4588 727 4642 itineris
751 4589 880 4659 quietem,
910 4588 984 4642 saln-

187 4673 228 4727 bri
244 4675 461 4731 consideratione
481 4676 678 4747 aliquantisper
694 4684 764 4730 stare
793 4677 982 4730 decreverant.

187 4761 375 4835 latrantesque
392 4765 535 4834 quamdam
561 4764 681 4833 ejusdem
711 4764 856 4834 provinciae
879 4764 981 4829 villam,

187 4852 383 4920 qnaeapriscis
398 4852 547 4908 cultoribus
561 4868 659 4907 nomen
669 4852 744 4905 xtbis
755 4852 870 4920 accepit,
894 4852 983 4922 impo-

188 4946 300 4992 suerunt
314 4938 380 4994 illud
395 4956 477 5011 super
491 4941 577 4995 altare
585 4939 708 4995 ecclesia.
719 4941 806 4994 beatae
816 4939 908 4994 lfariae
921 4941 983 4994 Vir-

1032 2948 1148 3004 coeuobii
1174 2956 1279 3018 portam
1294 2946 1504 3012 collocaverunt,
1516 2947 1552 3001 ob
1563 2947 1693 3002 devotam
1719 2949 1828 3003 maxime

1031 3035 1193 3091 feminarum
1217 3034 1407 3107 frequentiam,
1438 3035 1535 3107 quibus
1560 3037 1725 3091 monasterii
1749 3037 1826 3107 ipsius

1031 3125 1121 3180 aditus
1134 3140 1166 3178 ex
1181 3123 1292 3194 antiqua
1307 3124 1415 3177 Petrum
1431 3123 1553 3191 ejusdem
1564 3124 1617 3178 loci
1634 3125 1827 3180 consuetudine

1032 3202 1192 3284 denegatur.
1208 3212 1393 3266 Decrevemnt
1415 3219 1506 3265 tamen
1524 3226 1624 3266 novam
1640 3211 1785 3268 basilicam
1802 3213 1826 3266 in

1032 3301 1091 3369 ejus
1119 3301 1251 3353 honorem
1279 3299 1446 3354 monasterio
1475 3298 1593 3354 viridam
1629 3307 1756 3356 extruere
1774 3300 1827 3355 :ad

1033 3403 1113 3460 qnam
1141 3387 1283 3459 utriusque
1320 3403 1399 3442 sexus
1424 3387 1551 3458 personis
1577 3388 1686 3443 devotis
1711 3389 1779 3444 liber
1797 3388 1826 3442 sit

1032 3491 1170 3532 accessus.

1069 3635 1124 3690 Sed
1138 3633 1266 3705 qnoniam
1282 3632 1351 3688 forte
1367 3640 1472 3703 poterat
1485 3633 1606 3688 dubitari
1640 3635 1677 3690 de
1701 3636 1747 3690 tali
1773 3637 1827 3704 ejus

1033 3722 1188 3777 Inventione
1202 3730 1228 3776 et
1242 3728 1331 3792 optata
1346 3720 1493 3789 delatione,
1505 3723 1559 3777 hoc
1574 3724 1752 3794 omnipotens
1760 3725 1826 3778 Deus

1032 3811 1066 3865 ad
1087 3810 1224 3866 cnmnlnm
1247 3826 1304 3865 snae
1328 3809 1454 3864 bonitatis
1469 3809 1516 3864 tali
1548 3811 1686 3866 miraculo
1711 3810 1826 3867 roborari

1032 3899 1125 3954 voluit.
1142 3899 1172 3951 ln
1187 3898 1251 3952 villa
1265 3897 1412 3960 vidcellas,
1429 3913 1446 3952 a
1463 3898 1631 3953 monasterio
1656 3899 1744 3953 tribus
1760 3900 1825 3953 dnu-

1034 3995 1105 4041 taxat
1118 3986 1226 4040 milibus
1235 3986 1362 4055 distante,
1376 3984 1611 4056 feminaqnaedam
1626 3987 1732 4043 ibidem
1746 3987 1825 4042 adbuc

1033 4077 1148 4147 degens,
1165 4074 1274 4129 nomine
1290 4074 1422 4140 aitrudis,
1438 4090 1454 4128 a
1469 4074 1559 4130 vicino
1575 4075 1824 4141 snoadmonitaest,

1033 4172 1062 4218 nt
1078 4163 1201 4234 deposito
1216 4162 1325 4218 lanificii
1339 4178 1433 4233 opere,
1448 4162 1477 4216 in
1491 4177 1633 4218 occursum
1651 4163 1825 4234 snsceptionis

1031 4252 1104 4307 beati
1120 4251 1252 4307 Vincentii
1267 4251 1395 4322 martyris
1410 4267 1469 4306 enm
1484 4251 1545 4305 aliis
1560 4261 1730 4322 properaret.
1753 4250 1824 4318 Quod
1885 4301 1887 4305 ,

1032 4340 1079 4396 illa
1093 4340 1184 4396 facere
1200 4355 1342 4409 recusans,
1356 4354 1419 4395 cnm
1434 4338 1565 4394 caehinno
1585 4339 1655 4394 dfxit
1669 4356 1731 4396 esse
1744 4339 1825 4410 potins

1033 4444 1133 4499 corpus
1148 4429 1288 4497 cujusdam
1302 4428 1389 4482 lfauri
1417 4427 1517 4482 ethnici
1531 4427 1576 4482 rel
1602 4428 1729 4499 llispani,
1752 4442 1824 4498 qnam

1032 4517 1170 4588 martyris.
1187 4518 1220 4571 Et
1231 4517 1367 4587 extemplo
1382 4516 1503 4570 omnium
1518 4515 1627 4586 privata
1641 4517 1822 4571 membrorum

1033 4604 1128 4662 officiis
1142 4604 1330 4669 contrabitur;
1350 4619 1383 4660 ac
1402 4602 1486 4658 veluti
1500 4603 1618 4658 cadaver
1639 4603 1819 4658 miserabiliter

1033 4692 1061 4748 in
1076 4703 1180 4748 terram
1196 4700 1377 4757 consternata,
1394 4707 1424 4746 se
1439 4707 1502 4746 mox
1517 4690 1707 4762 expiraturam
1721 4688 1821 4746 terribili

1033 4798 1100 4838 voce
1110 4781 1259 4852 proclamat
1276 4798 1282 4834 :
1299 4788 1433 4853 rogatque
1454 4795 1529 4846 suna,
1553 4787 1584 4833 ut
1607 4781 1644 4834 ad
1660 4780 1746 4835 sancti
1762 4786 1821 4833 tern-

1033 4871 1107 4941 plum
1122 4869 1266 4924 deferatur.
1297 4868 1348 4925 Ubi
1363 4884 1444 4923 curru
1460 4868 1559 4936 delata,
1576 4884 1627 4938 per
1642 4869 1703 4923 dies
1721 4881 1818 4928 norem,

1032 4958 1225 5029 aspicientibus
1240 4956 1341 5021 multis,
1359 4956 1482 5011 eamdem
1497 4955 1688 5026 percussionis
1704 4954 1818 5010 debilita-

187 5025 268 5097 ginis.
288 5026 348 5095 Quo
363 5027 826 5099 innumeramultitudinentrinsqne
841 5043 921 5082 sexus
936 5042 985 5097 per
1034 5054 1087 5101 pem
1120 5046 1257 5100 sustinens
1283 5045 1383 5099 mansit
1400 5063 1407 5098 :
1424 5051 1506 5116 atque
1538 5052 1601 5113 post
1633 5045 1702 5099 apos
1733 5055 1817 5097 novem

186 5113 299 5169 biduum
315 5115 477 5185 continente,
494 5116 595 5186 reperti
612 5116 828 5182 suntintereos,
853 5115 984 5170 contracti
1034 5135 1113 5189 saluti
1139 5132 1292 5199 pegmata,
1315 5133 1418 5198 valens,
1454 5139 1484 5186 up
1505 5148 1578 5187 „unc
1607 5148 1718 5204 quoque
1748 5128 1816 5185 mppr,

188 5203 304 5272 genibus
319 5204 383 5269 duo,
401 5211 426 5259 et
441 5219 495 5258 una
510 5204 607 5258 debilis
622 5204 729 5267 mulier,
747 5219 836 5259 caecus
857 5220 936 5272 nnus,
953 5219 984 5259 ac
1033 5222 1123 5279 0,pr

189 5287 373 5347 febricitantes
387 5308 435 5347 sen
449 5293 638 5365 energumeni,
655 5293 713 5361 ejus
724 5292 826 5348 sanctis
840 5288 984 5346 meritisab
1341 5271 1453 5347 caint
1471 5291 1518 5346 Vl.

189 5377 983 5453 omniintirmitatumgmvedinctiberati.Necaudivimus,
1069 5382 1216 5438 Enimvero
1235 5380 1471 5452 frequentantibus
1496 5379 1586 5436 locum
1607 5379 1745 5450 plebibus,
1770 5376 1817 5431 sire

190 5465 263 5544 quod
277 5466 346 5522 nllus
361 5485 522 5544 quocunque
535 5469 680 5527 debilitatis
694 5470 788 5526 morbo
807 5468 918 5526 invasus
950 5468 987 5540 (si
1034 5470 1149 5527 infirmis
1162 5470 1246 5528 variis
1260 5469 1438 5549 languoribus
1451 5468 1591 5542 oppressis
1606 5468 1752 5528 saufeium
1768 5478 1817 5523 nte
