3826 6098
102 259 134 313 25
371 228 379 241 '
810 234 998 296 aristote.
1715 246 1750 301 oe

101 379 303 448 bioetlobxtr),
320 393 436 451 regnum
466 375 575 443 Christi,
602 373 675 446 quod
702 379 744 427 est
766 361 1218 434 Ecclesia,Acellentissimusrcx
1244 358 1349 440 noster,
1367 387 1426 442 quae
1442 370 1475 424 de
1491 368 1534 422 illa
1550 367 1628 423 vobis
1644 366 1751 437 scriptis

101 468 314 532 conturbaverit,
339 474 365 521 et
383 481 456 520 nunc
473 481 522 520 eos
537 465 563 518 in
588 478 675 536 regno
702 476 762 525 suo,
779 459 806 512 id
820 464 861 512 est
875 455 903 508 in

102 557 221 621 inferno,
239 555 361 619 retincat,
379 562 405 609 et
421 569 515 608 secum
531 550 666 607 insaecula
690 546 825 604 retinebit.
850 545 902 599 Pro

100 653 176 701 certo
187 652 276 699 autem
291 643 383 698 sciatis
399 642 462 714 quia
476 658 538 697 cum
561 640 661 696 nostris
684 636 851 709 parentibus,
875 632 903 687 id

96 741 136 788 εει
166 748 228 788 oum
255 731 394 802 apostolis,
426 730 557 798 Christus,
589 730 645 784 Rex
663 743 767 799 regum,
786 737 902 796 regnum

99 838 188 882 sunm,
207 822 233 874 id
261 828 303 874 est
322 819 483 883 Ecclesiam,
513 817 685 889 conquisivit,
709 812 856 884 ampliavit,
876 816 904 864 et

99 911 176 973 rexit,
193 919 219 964 et
233 925 284 979 per
299 925 350 965 nos
366 917 391 963 et
407 907 558 972 nobiscum,
575 906 675 960 utinam
691 920 744 958 non
769 902 804 955 ad
827 898 903 968 judi-

98 1000 170 1053 cium
186 1006 312 1052 nostrum
326 997 450 1052 dicamus
468 994 612 1050 leamdem
628 992 789 1052 Ecclesiam,
814 989 840 1042 id
862 992 903 1041 est

98 1103 212 1159 regnum
228 1102 318 1149 suum,
335 1084 455 1156 quotidie
467 1083 592 1154 acquirit,
604 1089 695 1152 auget,
708 1089 788 1151 atque
803 1077 903 1149 guber·

97 1184 144 1231 nat
159 1175 232 1229 idem
248 1174 382 1230 Dominus
397 1174 477 1227 Jesus
492 1171 624 1233 Christus,
642 1171 710 1225 sicut
724 1169 826 1222 dictum
841 1172 904 1219 esta

97 1259 214 1314 Domino
226 1257 362 1313 Ecclesiae
377 1273 427 1326 per
442 1257 604 1326 prophetam
621 1272 628 1308 :
644 1257 698 1309 Pro
706 1253 835 1325 patribus
848 1249 904 1304 tuis

98 1351 160 1402 nuti
175 1351 247 1402 suat
260 1347 312 1402 titt
327 1346 382 1414 filii
397 1348 455 1416 (Pe.
472 1359 558 1409 xciv,
575 1343 602 1396 id
619 1350 660 1396 est
684 1357 735 1412 pro
762 1337 902 1410 apostolis,

96 1437 201 1491 creavit
216 1435 264 1489 tibi
280 1435 435 1504 episcopos
448 1433 493 1504 qni
509 1441 535 1486 te
550 1438 646 1502 regant
660 1439 685 1486 et
693 1430 819 1484 doceant.
838 1427 905 1480 Cum

96 1541 150 1594 qua
160 1523 287 1579 Ecclesia
301 1523 380 1577 nobis
397 1539 412 1575 a
435 1524 491 1576 Deo
502 1521 657 1583 commissa,
675 1535 722 1572 rex
746 1516 903 1573 christiane»

95 1620 122 1667 et
139 1613 259 1677 domine,
283 1613 352 1666 sicut
375 1611 474 1665 litteris
494 1609 594 1665 vestris
606 1608 736 1679 jussistis,
750 1606 861 1675 iejuniis
877 1611 903 1659 et

953 462 978 509 et
993 457 1083 510 verbis
1097 475 1146 529 per
1156 459 1262 531 legatos
1286 468 1393 514 vestros
1421 457 1582 530 apostolatui
1600 463 1691 511 vestro
1705 471 1752 509 re·

952 544 1100 600 nuntianda
1109 549 1264 618 spopondit,
1276 548 1427 618 adimplere
1437 546 1527 602 vellet.
1537 544 1616 614 Quod
1627 544 1650 597 si
1656 559 1751 599 eorum

952 632 1056 687 animos
1070 634 1104 688 ad
1120 635 1146 688 in
1159 636 1351 705 protelandum
1367 652 1429 691 esse
1448 635 1566 689 intentos
1587 633 1752 703 investigare

952 736 1104 790 possemus,
1122 740 1294 796 nequaqnam
1312 741 1372 779 eam
1396 724 1590 794 reciperemus.
1613 720 1750 793 Alioquin,

952 809 979 863 id
995 819 1036 864 est
1059 811 1081 864 si
1108 812 1187 867 aliter
1216 814 1377 884 egissemus,
1405 813 1493 886 gratia
1508 820 1535 866 et
1562 809 1752 866 communione

952 907 1044 954 vestra
1072 898 1125 954 srui
1152 918 1321 973 nequaquam
1349 902 1511 957 valeremus.
1543 899 1630 969 Quam
1653 905 1752 954 vestra

953 988 1119 1043 auctoritatis
1135 989 1278 1060 epistolam
1293 999 1321 1044 ut
1334 989 1449 1060 oportuit
1463 995 1621 1043 reverenter
1632 986 1749 1057 suscepi,

953 1085 979 1130 et
998 1077 1169 1148 coepiscopis
1191 1078 1292 1133 nostris
1314 1094 1373 1133 eam
1396 1078 1490 1149 relegi,
1519 1085 1545 1131 et
1565 1092 1613 1146 pro
1637 1074 1752 1146 praelata

952 1165 1044 1219 Juditlr
1058 1167 1130 1236 apud
1144 1173 1249 1237 patrem
1271 1174 1297 1221 et
1320 1173 1434 1220 matrem
1455 1165 1527 1218 illius
1544 1171 1678 1236 ‘quantum
1700 1178 1752 1233 po-

953 1253 1063 1322 tuimus,
1080 1262 1108 1308 ut
1128 1255 1275 1309 mandastis
1302 1253 1481 1309 communiter
1508 1252 1703 1306 intervenimus
1727 1259 1753 1309 et

955 1343 1073 1413 paternis
1085 1359 1116 1398 ac
1131 1343 1260 1397 maternis
1275 1344 1414 1398 obtutibus
1430 1357 1491 1396 eam
1515 1349 1680 1411 praesentare
1695 1348 1751 1395 stu·

954 1431 1073 1486 duimus.
1097 1432 1157 1486 Post
1172 1449 1232 1502 qua>
1246 1432 1389 1495 voluimus,
1421 1430 1483 1501 quia
1497 1429 1536 1484 sic
1559 1428 1637 1483 nobis
1653 1444 1752 1484 secun-

954 1520 1018 1574 dum
1044 1535 1135 1574 sacras
1162 1521 1280 1591 regulas,
1297 1521 1366 1575 sicut
1390 1535 1437 1574 eas
1452 1517 1639 1590 intelligimus,
1665 1517 1753 1571 visum

956 1607 1041 1662 iuerat
1064 1609 1129 1679 (non
1149 1608 1220 1662 enim
1245 1609 1303 1662 sine
1319 1608 1408 1679 dignis
1431 1605 1596 1677 poenitentiae
1620 1605 1753 1660 fructibus

97 1701 278 1766 orationibus,
294 1716 326 1755 ac
340 1699 452 1764 litaniis,
478 1698 622 1753 Dominum
648 1712 781 1751 summum
797 1694 900 1764 guber·
915 1696 1058 1774 Balrsolvi
1073 1712 1154 1766 posse
1171 1705 1306 1767 putamus,
1324 1696 1395 1768 quod
1412 1695 1591 1750 anathematis
1602 1694 1755 1750 .vinculoa

95 1799 221 1843 notorem
235 1789 263 1842 iu
280 1789 341 1842 navi
358 1797 459 1843 sanctae
473 1786 605 1842 Ecclesiae
621 1786 767 1840 fluctuante
791 1783 818 1836 iu
848 1783 900 1837 boc
950 1786 1036 1841 sacris
1056 1785 1158 1856 regulis
1183 1785 1338 1839 innodatum
1361 1785 1497 1854 videmus)
1519 1793 1547 1838 ut
1567 1785 1641 1854 juxta
1661 1783 1749 1838 ecclc·

95 1892 184 1940 mare,
200 1877 228 1930 id
253 1885 295 1931 εει
324 1875 424 1931 saeculo
448 1874 624 1946 naufragoso,
655 1873 773 1944 peccatis
800 1869 900 1925 nostris
950 1873 1087 1928 siasticam
1112 1872 1287 1928 traditionem
1314 1874 1388 1943 prius
1418 1872 1548 1927 Ecclesiae
1566 1888 1646 1944 quam
1671 1872 1753 1925 laese-

95 1965 290 2020 communibus
304 1965 485 2019 dormientem
501 1963 610 2034 pulsare
625 1971 651 2017 et
665 1961 792 2030 excitare,
809 1968 835 2015 et
850 1973 900 2029 pro
950 1969 1010 2017 rant
1025 1960 1222 2026 satisfacerent,
1246 1970 1272 2015 et
1296 1961 1336 2017 sic
1360 1962 1470 2016 demum
1496 1962 1568 2033 quod
1592 1959 1752 2031 praecipiunt

95 2055 174 2108 vobis
189 2053 331 2124 deprecari
347 2053 539 2108 studebimus:
563 2058 591 2105 ut
605 2050 763 2122 quantocius
779 2065 829 2119 pro
853 2063 900 2101 sua
946 2051 1006 2119 iura
1030 2049 1307 2121 legummuudialium
1328 2049 1439 2121 exsequi
1476 2058 1664 2120 procurarent.
1697 2048 1752 2104 Sed

94 2141 226 2196 ineffabili
239 2142 340 2212 pietate
349 2141 459 2213 evigilet
472 2148 498 2194 et
508 2140 623 2211 imperet
638 2139 726 2194 ventis
741 2146 767 2192 ct
781 2137 860 2202 mari,
873 2136 900 2189 id

95 2240 136 2285 est
155 2230 347 2284 tentationibus
357 2228 501 2283 diabolicis
515 2235 542 2282 ct
565 2225 796 2299 inquietudinibus
811 2241 900 2280 saecu-

94 2318 192 2371 larium
209 2318 359 2384 bominum,
381 2324 409 2371 ut
437 2317 529 2372 redeat
561 2315 794 2388 quantulacunque
822 2321 900 2367 trau·

96 2405 225 2476 quillitas‚
242 2406 327 2479 gratia
344 2412 371 2460 ει
385 2405 573 2460 misericordia
588 2403 709 2473 ejusdem
726 2401 834 2456 Domini
849 2416 901 2454 no-

95 2494 146 2548 stri
161 2495 225 2548 Jesu
243 2495 353 2559 Christi,
370 2493 414 2550 cui
429 2502 470 2548 est
487 2502 513 2548 et
537 2493 571 2548 sit
585 2501 707 2563 potestas
721 2500 747 2546 ct
763 2492 858 2555 honor,
875 2497 899 2543 et

95 2583 192 2654 gloria
202 2592 228 2637 ct
244 2582 397 2654 imperium,
414 2583 442 2637 in
458 2583 557 2638 saecula
572 2581 742 2636 saeculorum.
760 2582 856 2633 Amen.

391 2697 561 2753 EPlSTOLd
581 2698 615 2752 ll.

344 2802 381 2840 ΛΙ)
400 2801 542 2841 Nicotauat
562 2800 663 2839 PdPAll.

99 2879 136 2930 lle
152 2878 298 2931 avocatione
312 2876 385 2930 sedis
397 2876 617 2937 Cameracensis,
634 2877 662 2928 et
677 2873 710 2927 de
726 2872 858 2927 balduini
872 2875 900 2926 et

131 2948 231 3002 laditlr
248 2947 468 3017 corrjanctiorte:
484 2946 572 3018 deque
588 2944 706 3001 aottndt
717 2943 899 3014 depositione,

134 3035 169 3072 nc
184 3015 474 3072 barresiGotbescalci.

421 3104 463 3156 (Ex
474 3102 624 3155 Sirmondol

131 3194 249 3249 Domino
265 3193 344 3248 unice
362 3192 591 3265 singulariterque
603 3193 776 3263 suspiciendo
792 3193 901 3246 Petrum

103 3283 186 3350 Patri,
216 3291 242 3336 et
271 3297 377 3336 summa
392 3281 566 3337 veneratione
583 3282 754 3351 honorando,
771 3296 901 3336 reveren-

99 3371 205 3424 tissimo
219 3385 299 3441 papae
313 3371 448 3435 Nicoma,
459 3370 633 3434 limentinus,
651 3370 760 3424 nomine
775 3386 830 3424 non
845 3385 902 3423 me·

97 3460 148 3513 rito
164 3460 329 3513 Rhemorum
344 3458 498 3529 episcopus
511 3475 543 3513 ac
553 3458 640 3529 plebis
656 3459 705 3514 Dei
719 3458 845 3513 samalus.

133 3547 293 3616 {aepistola
310 3554 408 3602 vestrae
421 3547 579 3612 sanctitatis
595 3565 646 3618 per
656 3547 779 3602 Odonem
796 3547 900 3618 episco-

97 3652 163 3706 pum
179 3634 316 3706 episcopis
332 3634 358 3688 in
380 3651 466 3707 regno
481 3636 597 3690 Lotharii
613 3651 663 3706 pro
677 3635 835 3706 prejudicio
848 3635 900 3689 Ca-

97 3724 266 3778 meracensis
280 3723 412 3778 Ecclesiae
426 3724 536 3788 directa,
553 3724 637 3794 relegi
653 3731 769 3778 vestram
786 3723 900 3777 auctori-

96 3820 179 3866 tatem
195 3812 404 3877 sciscitaturum,
420 3812 495 3882 cujas
511 3811 637 3884 neglectu
652 3813 747 3867 eadem
776 3812 900 3867 Ecclesia

96 3903 167 3955 ultra
181 3901 317 3956 decimum
333 3917 454 3955 mensem
470 3909 582 3971 pastore
598 3909 715 3957 vacaret.
733 3902 810 3957 Unde
826 3918 859 3955 nc
872 3909 900 3955 ιιι

95 3990 244 4062 negligens
273 4006 288 4042 a
313 3998 404 4044 vestro
426 3990 578 4060 apostolatu
605 4005 779 4057 succensear,
809 3989 899 4045 indico

94 4079 251 4133 auctoritati
267 4086 374 4143 vestrae,
389 4086 450 4148 post
464 4078 583 4133 directas
604 4078 732 4132 Lethario
748 4086 773 4132 et
789 4079 898 4147 episeo-

95 4168 138 4237 pis
156 4167 234 4236 regai
250 4167 318 4235 ejus,
335 4174 414 4237 atque
429 4166 565 4234 llilduiuo,
583 4166 628 4237 qui
652 4167 775 4219 eamdem
800 4165 898 4221 Eccle-

94 4255 167 4308 siam
187 4254 374 4326 irregulariter
396 4263 520 4324 occupat,
546 4254 582 4308 ita
603 4260 631 4307 ut
653 4262 800 4324 antequam
826 4253 898 4324 ipsas

92 4343 237 4397 mitteretis
262 4342 398 4412 epistolas,
427 4341 758 4413 hacteuusprmjudicium
788 4357 898 4412 perma-

950 2138 1077 2210 quoniam
1091 2137 1196 2192 litteras
1211 2146 1325 2202 vestras,
1352 2155 1413 2208 epure
1437 2137 1499 2192 inde
1521 2137 1587 2191 nihil
1610 2153 1753 2207 praecepc-

950 2235 1022 2294 runt,
1042 2227 1096 2281 imo
1124 2226 1207 2281 etiam
1234 2226 1336 2280 nullam
1364 2225 1572 2297 protelationem
1602 2225 1629 2279 in
1658 2241 1753 2280 eorum

951 2315 1140 2383 conjunctione
1165 2313 1283 2368 fiendam
1307 2311 1540 2385 significaverunt,
1562 2313 1614 2368 sibi
1629 2312 1753 2368 sufficere

951 2403 1104 2471 voluerunt,
1120 2411 1146 2458 et
1161 2403 1220 2457 sine
1234 2408 1324 2456 vestra
1340 2402 1508 2466 auctoritate,
1537 2401 1571 2455 ad
1590 2418 1668 2474 quam
1694 2402 1753 2457 cla-

951 2499 1102 2558 maverant,
1117 2492 1180 2562 cogi
1197 2491 1249 2544 nisi
1263 2491 1315 2546 alio
1332 2507 1361 2546 sc
1385 2491 1464 2546 mode
1488 2489 1675 2545 submitterent
1698 2505 1753 2545 non

951 2578 1104 2634 debuerunt
1120 2597 1126 2632 ι
1144 2595 1177 2634 ex
1192 2579 1279 2634 altera
1293 2579 1407 2650 epistola
1436 2586 1532 2633 vestrae
1548 2579 1698 2633 sanctitatis
1714 2578 1754 2633 eis

953 2667 1042 2733 retuli,
1059 2667 1131 2738 quod
1146 2683 1200 2721 non
1215 2666 1291 2738 leges
1306 2667 1506 2722 ecclesiasticas
1521 2665 1695 2732 dissolvistis,
1705 2667 1754 2721 sed

951 2771 1049 2827 preces
1064 2771 1115 2825 pro
1130 2771 1163 2810 co
1178 2755 1300 2824 misistis,
1329 2755 1379 2827 qui
1397 2754 1484 2825 puniri
1507 2754 1656 2810 secundum
1679 2754 1755 2825 leges

951 2843 1105 2898 mundanas
1131 2851 1247 2914 poterat,
1278 2851 1413 2915 quatenus
1436 2843 1525 2898 locum
1539 2842 1687 2913 poenitendi
1703 2843 1754 2898 ha-

953 2932 1030 2986 beret
1055 2932 1128 3004 quod
1151 2939 1247 2987 contra
1270 2932 1347 3005 leges
1369 2931 1476 2987 divinas
1498 2931 1652 2986 admiserat.
1670 2931 1714 2987 Sio
1728 2938 1756 2986 et

955 3021 1078 3075 Salvator
1114 3030 1217 3086 noster,
1246 3021 1291 3092 qui
1316 3020 1372 3076 vult
1396 3037 1491 3076 omnes
1514 3019 1639 3074 homines
1663 3020 1755 3076 salvos

954 3107 1023 3175 lieri,
1039 3116 1065 3163 et
1080 3110 1217 3163 neminem
1233 3109 1289 3164 vult
1303 3110 1405 3180 perire,
1423 3109 1449 3162 in
1463 3123 1545 3164 cruce
1560 3109 1632 3179 apud
1648 3109 1754 3163 Patrem

949 3199 1011 3265 juro
1027 3197 1179 3253 sacerdotis
1198 3214 1249 3269 pro
1264 3198 1321 3252 suis
1340 3197 1560 3268 persecutoribus
1582 3197 1753 3263 intercessit;

952 3286 1023 3358 quod
1040 3286 1066 3353 ia
1082 3287 1123 3340 eis
1139 3287 1185 3357 qui
1199 3295 1261 3357 post
1280 3286 1436 3356 passionem
1452 3287 1510 3355 ejus
1530 3286 1712 3355 crediderunt,
1730 3294 1757 3342 et

952 3375 1107 3446 compuncti
1136 3375 1322 3445 paenitentiam
1352 3383 1475 3446 egerunt,
1505 3375 1550 3446 qui
1587 3391 1648 3430 cum
1677 3376 1762 3432 Patre.

952 3463 1042 3516 omnia
1058 3463 1141 3517 donat
1156 3462 1300 3518 efficaciter
1320 3463 1484 3533 impetravit.
1507 3464 1548 3517 dd
1576 3462 1653 3531 cujus
1669 3462 1755 3519 instar

950 3551 1135 3621 apostolorum
1160 3551 1288 3620 vicarius,
1313 3551 1347 3604 ad
1371 3566 1485 3621 quorum
1508 3551 1602 3605 limina
1618 3552 1753 3623 conluge-

951 3647 1022 3706 runt,
1062 3648 1087 3693 ot
1103 3639 1244 3695 catholica
1259 3648 1340 3711 atque
1356 3638 1514 3709 apostolicae
1529 3640 1662 3695 Ecclesiae
1679 3658 1755 3695 surn-

953 3744 1012 3782 mus
1025 3727 1160 3798 pontifex,
1177 3730 1250 3800 quod
1266 3728 1293 3782 in
1308 3729 1446 3784 bominem
1461 3745 1557 3801 regem
1574 3736 1599 3783 et
1624 3729 1650 3783 in
1679 3730 1756 3801 leges

951 3817 1044 3870 muudi
1058 3825 1201 3887 peccatum
1217 3826 1258 3871 est
1280 3817 1424 3887 perdonari
1453 3818 1558 3888 petistis
1577 3836 1583 3872 ε
1600 3825 1627 3871 ιιι
1641 3819 1713 3890 quod
1728 3818 1756 3875 in

951 3917 1042 3972 regem
1066 3902 1127 3956 curli
1152 3909 1178 3956 et
1201 3911 1288 3971 terrae,
1307 3911 1332 3957 et
1347 3903 1374 3956 iu
1398 3902 1475 3974 leges
1489 3902 1609 3957 caelestis
1624 3904 1703 3973 regui
1719 3905 1758 3960 oi·

950 3989 1056 4044 sensum
1085 3998 1153 4056 crat,
1185 3991 1316 4046 baberent
1345 3991 1467 4046 inducias
1496 4008 1546 4060 per
1569 3991 1756 4062 paenitentiam

950 4078 1086 4133 abolendi.
1104 4079 1223 4133 licentra
1238 4079 1373 4143 carnales,
1391 4087 1417 4133 et
1432 4079 1513 4133 etiam
1528 4081 1636 4151 quidam
1661 4097 1754 4136 eorum

950 4167 995 4238 qui
1025 4176 1103 4222 antea
1132 4167 1315 4236 conjunctioni
1344 4168 1496 4236 hujusmodi
1521 4169 1752 4234 contradicebant,

949 4255 998 4308 bac
1013 4254 1171 4309 defensione
1185 4264 1213 4308 ut
1234 4256 1274 4309 eis
1296 4255 1382 4310 visum
1403 4255 1488 4310 luerat
1510 4273 1540 4311 se
1565 4266 1769 4330 protegentesp

950 4344 996 4396 sed
1014 4343 1082 4397 sicut
1097 4359 1126 4398 se
1141 4343 1224 4398 babet
1239 4343 1340 4398 veritas
1357 4344 1443 4399 salute
1459 4345 1601 4413 nudantes,
1623 4347 1657 4400 ab
1678 4347 1755 4401 istius

93 4448 160 4486 nere
178 4449 185 4485 z
202 4448 300 4502 meque
317 4430 469 4485 Lotlrarium
485 4447 581 4501 regem
592 4440 618 4485 ct
638 4431 735 4502 legatis
752 4437 777 4484 et
792 4430 899 4492 litteris,
918 4421 1110 4486 Dnovissimaa
1132 4440 1228 4485 vestrae
1252 4432 1374 4503 epistolae
1397 4433 1487 4488 verbis
1511 4434 1641 4489 recedere
1658 4434 1755 4488 nolue-

93 4528 175 4590 prout
190 4520 274 4589 potui,
290 4534 362 4589 saepe
378 4525 404 4572 et
419 4534 451 4574 eo
472 4536 558 4589 usque
583 4519 795 4583 commonuisse,
816 4520 904 4575 dorico

94 4608 181 4679 regiis
204 4608 260 4661 suis
283 4607 378 4663 litteris
404 4608 468 4661 mihi
504 4608 654 4678 respoudit,
688 4608 843 4661 llilduiaum
869 4608 902 4661 ad

95 4705 216 4751 vestram
231 4697 417 4751 auctoritatem
433 4713 511 4751 suum
527 4697 646 4769 legatum
663 4697 781 4758 misisse,
798 4704 823 4750 et
836 4696 903 4751 nibil

93 4786 175 4838 aliter
190 4785 224 4838 dc
239 4785 351 4854 prelata
368 4785 489 4840 lleclesia
512 4785 564 4838 nisi
582 4793 609 4839 ut
638 4793 732 4855 egerat
756 4785 903 4856 disponere

92 4873 236 4940 debuisse,
251 4873 340 4927 donec
354 4889 369 4926 a
384 4873 461 4928 vobis
477 4874 539 4927 inde
555 4890 715 4944 responsum
731 4874 878 4944 acciperet.

129 4960 280 5014 Balduinus
294 4977 402 5031 quoque
417 4960 445 5014 in
460 4962 584 5031 proximo
595 4978 664 5016 riano
676 4963 791 5017 etecnrso
806 4978 901 5017 mense

92 5048 237 5115 Octobrio,
254 5049 348 5120 quinto
365 5049 501 5104 Kalendas
516 5050 689 5116 Novembris,
707 5067 755 5120 per
769 5051 898 5105 duosbo-

90 5137 183 5189 mines
202 5153 267 5191 suos
288 5137 354 5190 mibi
370 5137 473 5191 litteras
489 5138 659 5193 auctoritatis
672 5147 770 5193 vestrae
789 5138 897 5205 direxit,

90 5225 120 5279 in
137 5224 238 5295 quibus
252 5225 415 5289 continetur,
432 5233 461 5279 ut
474 5227 585 5281 easdem
601 5226 705 5280 litteras
729 5226 899 5297 coepiscopis

91 5312 243 5383 provincia
266 5322 366 5368 nostrae
395 5314 533 5385 legerem,
557 5323 583 5368 ct
606 5314 697 5368 Judith
719 5315 842 5383 palemis
867 5333 899 5373 ao

91 5401 228 5455 maternis
255 5401 391 5456 obtutibus
406 5404 625 5473 praesentandam
640 5403 851 5472 susciperemus,
876 5407 898 5460 si

90 5501 187 5544 tamen
204 5489 425 5562 intelligeremus,
451 5492 523 5562 quod
545 5490 826 5563 confestimspra‘iatus
852 5510 897 5548 ex-

953 4528 1025 4585 rnnt,
1043 4537 1124 4592 quam
1141 4520 1199 4573 sine
1216 4521 1395 4591 protelatione
1420 4537 1513 4577 eorum
1536 4522 1754 4591 conjunctionem

952 4608 1055 4662 debere
1086 4608 1145 4664 fieri
1175 4610 1364 4665 ‹leviroustrare
1393 4611 1529 4665 dicebant.
1556 4609 1661 4664 Dicenti
1690 4626 1754 4666 vero

953 4698 1028 4758 milri,
1058 4698 1121 4769 quia
1148 4715 1198 4769 pro
1226 4699 1300 4753 nulla
1328 4707 1460 4768 potestate
1490 4707 1596 4752 terrena
1625 4699 1699 4769 quod
1721 4700 1755 4754 do

952 4785 1146 4841 ecclesiasticis
1162 4787 1267 4858 regulis
1282 4787 1479 4859 intelligeretur
1504 4786 1639 4842 dimittere
1668 4788 1754 4844 debe·

951 4892 1009 4929 rcm
1027 4893 1033 4928 z
1051 4875 1166 4929 maxime
1195 4891 1256 4931 cum
1286 4875 1367 4928 etiam
1396 4892 1513 4943 mecum,
1539 4877 1668 4932 imocum
1685 4879 1753 4945 Deo,

951 4966 1067 5018 domnus
1096 4979 1142 5017 rex
1172 4970 1264 5017 noster
1296 4961 1366 5015 filius
1383 4972 1473 5018 vester·
1500 4965 1615 5020 Carolus
1631 4965 1753 5022 laceret:

951 5052 1029 5120 quasi
1057 5052 1225 5106 consulendo
1255 5050 1319 5104 mibi
1343 5051 1452 5122 quidam
1467 5053 1518 5108 boc
1534 5054 1671 5109 dederunt
1685 5071 1755 5110 con-

951 5140 1049 5202 silium,
1077 5140 1103 5193 in
1128 5155 1182 5211 quo
1204 5156 1257 5193 non
1281 5140 1359 5207 meis,
1380 5142 1429 5196 sed
1453 5142 1543 5195 verbis
1566 5157 1659 5197 eorum
1682 5151 1751 5212 utar,

950 5246 1010 5299 qum
1025 5230 1206 5283 mansuetudo
1223 5237 1323 5295 vestra,
1340 5230 1411 5284 velut
1427 5231 1582 5301 exemplum
1606 5238 1633 5285 et
1649 5231 1755 5288 doctrix

948 5317 1099 5387 disciplina.
1129 5317 1188 5380 Dei,
1219 5318 1291 5371 mitis
1321 5327 1346 5373 ct
1376 5319 1486 5373 lrumilis
1501 5319 1585 5374 corde
1601 5335 1634 5375 ac
1649 5322 1756 5392 patiens

947 5405 1135 5476 aequanimiter
1149 5406 1303 5473 sustinebit,
1320 5407 1477 5473 dicentium,
1508 5416 1535 5461 ut
1552 5408 1614 5480 quia
1626 5417 1684 5465 ‘non
1701 5426 1756 5466 ειε-

948 5493 1059 5556 calaris,
1077 5493 1125 5547 sed
1140 5494 1325 5551 ecclesiastica
1342 5496 1428 5567 pietas
1443 5495 1476 5549 de
1493 5497 1544 5550 boc
1561 5496 1625 5550 mibi
1641 5498 1756 5572 negotio
