3826 6098
71 240 122 297 aas
465 216 950 295 orusc.urur1sr.1ucausa
967 236 1139 296 ausuum
1152 230 1325 320 rausum,
1666 244 1719 305 est

72 361 230 418 incurreres
245 359 320 432 quod
333 366 439 431 poterat
455 359 583 417 accidere
599 360 647 416 tibi
661 367 812 431 peccatum,
828 359 878 417 sed
894 360 983 422 Aloci
1004 363 1059 420 mei
1073 364 1162 421 officio
1181 363 1334 436 intelligere
1361 365 1498 424 debueras
1525 370 1687 430 monitorem
1711 394 1719 430 ε

76 458 105 506 ut
115 450 207 519 justus
217 447 407 519 justificareris
422 449 519 515 adhue,
543 448 614 505 siout
636 448 746 517 lobias,
776 455 803 504 et
826 446 878 504 Job
929 460 955 508 et
969 459 998 506 tu
1012 467 1067 509 non
1081 468 1125 509 me
1140 468 1237 511 euersa
1260 454 1347 520 basta,
1370 462 1400 510 ut
1419 455 1515 513 abner
1535 461 1635 516 asahel
1655 479 1720 535 per·

76 538 110 593 de
124 553 181 610 quo
194 536 326 594 Dominus
342 536 408 592 dixit
422 537 458 591 ad
473 536 557 593 Satan
573 553 580 592 :
596 539 666 593 tabee
682 537 715 592 iu
731 540 879 593 muoutuu
928 548 1087 612 sequentem
1113 540 1189 604 ieris,
1211 550 1238 597 et
1259 542 1407 613 tranquille
1428 560 1461 601 er
1483 546 1644 617 quibusdam
1664 558 1722 607 tau·

74 629 125 695 est,
139 630 253 683 motum
265 625 483 682 animamillius
493 640 572 681 servu
583 625 643 695 (lob
657 625 687 696 r),
702 623 840 680 custodire
851 630 878 679 tc
928 627 981 701 gis,
997 636 1024 683 et
1039 629 1116 700 quasi
1135 630 1275 700 parcendo
1296 645 1419 701 superas,
1443 633 1493 688 sed
1516 634 1679 706 invehendo,
1696 646 1723 697 et

73 720 180 784 oportet
193 721 223 770 ut
236 729 271 769 ue
284 713 320 770 de
336 712 445 786 flagello
460 728 624 779 murmures,
636 720 663 768 et
673 711 791 768 animam
804 719 878 766 tuam
929 715 1123 779 resistendoiu
1143 715 1242 773 taciem
1256 726 1387 789 quantum
1400 727 1479 791 potes
1499 736 1551 792 per
1577 733 1722 782 contuma-

75 816 157 873 quam
185 799 318 858 Dominus
339 816 450 856 servare
478 800 507 856 in
520 800 572 857 lob
597 800 730 869 jnssernt,
757 815 878 855 murmu-
928 818 989 859 cem
1003 811 1186 874 contemptum
1200 805 1223 860 si
1244 814 1322 876 potes
1342 807 1378 862 ad
1401 806 1522 864 furorem
1549 814 1723 883 provocando

76 888 163 946 raudo
177 889 207 945 in
220 895 384 960 potestatem
397 887 472 943 illius
485 887 588 944 tradas.
605 888 697 960 Neque
713 902 879 943 murmuru-
928 907 1098 963 exaggerare
1112 907 1167 948 nou
1180 908 1291 961 oessas;
1309 902 1336 950 et
1350 895 1412 952 ideo
1439 898 1648 969 responsionum
1673 919 1721 959 ra-

74 979 183 1043 veritis,
199 976 290 1048 inquit
316 975 473 1048 Apostolus,
489 976 565 1032 sicut
575 976 690 1047 quidam
700 991 879 1032 eorummur·

73 1068 271 1132 saturaverunt,
289 1068 349 1120 eto
372 1064 550 1135 serpentibus
564 1067 713 1136 perierunt
731 1064 757 1135 (i
771 1064 876 1134 Coun).

76 1152 182 1210 Carere
192 1153 275 1209 etiam
288 1166 463 1223 summopere
477 1152 563 1208 debes
578 1159 606 1207 ut
618 1158 696 1208 aucta
710 1166 761 1223 per
784 1151 878 1222 tingel-

928 979 1001 1036 tioue
1015 978 1044 1035 in
1059 979 1160 1035 intimis
1175 981 1224 1036 sub
1240 982 1434 1053 tranquillitate
1449 991 1535 1042 uetus
1549 987 1585 1043 ab
1600 991 1719 1061 eoquod

927 1083 972 1125 me
994 1083 1045 1138 pro
1068 1067 1231 1125 necessitate
1253 1068 1307 1127 loci
1320 1070 1375 1127 mei
1389 1088 1531 1129 erexeram
1553 1090 1609 1133 non
1636 1077 1717 1150 cado,

927 1156 1185 1228 nequesuccumbo‚
1202 1156 1251 1212 sed
1272 1157 1388 1215 validius
1409 1175 1518 1233 semper
1538 1163 1635 1232 clamo,
1662 1167 1721 1223 ela·

72 1240 130 1296 lum
143 1241 240 1297 merita
254 1239 289 1298 de
304 1247 403 1298 caetero
429 1239 570 1311 peccando
596 1255 652 1296 uon
672 1238 809 1310 inquines,
829 1238 878 1294 sed
927 1244 1008 1310 mavi,
1025 1242 1150 1299 clamabo
1163 1260 1214 1314 per
1226 1261 1324 1312 savum,
1340 1249 1368 1302 et
1394 1249 1469 1304 sicut
1497 1251 1564 1307 tubo
1592 1254 1722 1313 eeoltubu

73 1329 154 1399 juxta
167 1344 265 1386 rocam
287 1328 396 1384 Domini
422 1327 583 1386 cordebono
596 1328 738 1400 etoptimo
752 1327 876 1393 verbum,
927 1347 1021 1389 vocem
1035 1347 1129 1388 meum
1154 1333 1220 1402 (isa.
1237 1331 1326 1403 auu),
1342 1340 1369 1389 et
1383 1334 1547 1393 annuntiabo
1561 1337 1610 1395 tibi
1625 1356 1722 1398 exces-

73 1425 102 1474 et
110 1417 304 1489 purgationem
314 1417 373 1486 ejus
388 1418 517 1473 retinens
532 1415 771 1487 [mutumofferns
783 1415 814 1470 iu
829 1430 878 1484 po·
927 1435 974 1474 sus
996 1426 1067 1486 tuos,
1084 1425 1112 1475 et
1125 1426 1250 1492 satagam
1265 1426 1291 1475 te
1305 1435 1435 1478 revocare
1449 1423 1612 1494 proviribus
1626 1442 1644 1485 a
1657 1444 1722 1486 con·

75 1507 182 1563 mentio
196 1506 274 1577 (Luc.
304 1505 375 1575 rur),
400 1504 530 1576 quoniam
552 1503 599 1575 qui
628 1502 769 1559 humiliter
796 1503 877 1558 etiam
926 1507 1026 1563 tumaci
1041 1505 1158 1564 elaeone
1182 1513 1237 1563 tua.
1259 1506 1338 1576 Quod
1360 1508 1430 1566 diois
1450 1517 1478 1567 te
1500 1513 1586 1569 serris
1609 1515 1721 1584 tritum;

70 1608 125 1664 pro
138 1592 260 1665 pecmds
275 1592 332 1648 auis
346 1591 457 1664 flagella
470 1591 631 1664 suscipiunt,
644 1598 707 1662 post
717 1589 827 1663 flagella
842 1588 878 1644 ad
926 1593 1074 1666 improprie
1087 1601 1219 1666 quantum
1234 1594 1322 1651 audeo
1336 1595 1426 1654 dicere
1441 1599 1494 1655 boc
1508 1607 1554 1657 tun
1585 1618 1723 1673 gramma·

69 1681 197 1753 requiem
221 1679 372 1736 sublimiter
394 1679 585 1750 suscipiuntur.
609 1679 655 1735 Sic
675 1692 731 1734 uva
752 1677 873 1748 calcibus
887 1706 914 1766 Β
926 1681 980 1738 tica
993 1681 1105 1753 protulit
1120 1698 1126 1737 :
1143 1697 1225 1742 nemo
1241 1683 1314 1739 enim
1329 1684 1411 1740 serris
1431 1686 1534 1755 teritur,
1564 1689 1615 1745 sed
1641 1705 1722 1748 seua·

68 1768 207 1836 tunditur,
223 1777 250 1824 et
263 1769 292 1825 in
304 1768 360 1824 vini
373 1783 502 1840 saporem
513 1766 653 1839 liquatur;
669 1767 709 1824 sic
723 1765 796 1823 olive
810 1780 872 1822 non·
925 1777 981 1836 tur,
991 1769 1065 1842 quod
1074 1768 1144 1826 bene
1153 1769 1252 1824 Paulus
1260 1769 1391 1827 intellexit
1399 1772 1522 1830 scribens
1537 1776 1573 1831 ad
1591 1777 1722 1835 Hebraeos

64 1856 230 1912 tritionibus
257 1871 389 1927 expressa
419 1871 557 1912 amurcam
591 1870 668 1911 suam
701 1853 820 1920 deserit,
850 1859 877 1908 et
926 1871 989 1914 cum
1001 1857 1144 1927 passiones
1159 1864 1315 1913 sanctorum
1330 1858 1475 1931 descripsit
1487 1860 1582 1920 diceus
1597 1880 1605 1919 ε
1622 1866 1723 1922 Sancti

61 1942 95 2000 in
109 1943 167 2000 olei
180 1943 318 2014 liquorem
341 1943 507 2014 pinguescit,
531 1958 571 1999 src
593 1959 643 2014 per
665 1941 790 1998 trituram
804 1955 876 1997 arem
927 1944 1721 2019 ludibrioetverberueeperti,insuperetua'sseuluetcur·

63 2030 188 2103 apaleis
201 2046 287 2102 grana
302 2039 474 2102 separantur,
497 2038 523 2087 et
546 2031 581 2087 ad
604 2032 734 2087 borreum
760 2036 876 2101 purgata
925 2048 1012 2098 ceres,
1022 2032 1142 2104 lapidati
1150 2038 1227 2098 sunt,
1238 2035 1310 2089 secti
1318 2038 1387 2090 sunt
1394 2034 1485 2103 (θεὸν.
1493 2036 1544 2108 vu)
1560 2053 1634 2094 :non
1648 2040 1720 2095 enim

55 2119 245 2191 perveniunt.
260 2118 392 2190 Quisquis
406 2135 473 2192 ergo
487 2119 591 2190 appetit
600 2162 603 2169 Δ
613 2119 694 2190 plene
722 2117 788 2175 vitia
816 2116 876 2174 uin·
925 2119 991 2176 dixit
1005 2119 1060 2175 triti
1074 2126 1138 2176 sunt
1153 2137 1161 2174 ε
1177 2135 1252 2176 serra
1272 2120 1346 2176 enim
1361 2121 1470 2179 dentata
1483 2122 1543 2181 fieri
1556 2124 1666 2198 legitur,
1693 2136 1721 2186 et

59 2222 148 2277 cere,
163 2206 273 2264 studeat
283 2206 420 2268 lumiliter
434 2206 606 2279 purgationis
621 2222 677 2263 suae
700 2205 806 2277 llagella
834 2212 875 2262 to·
925 2222 978 2279 ego
993 2215 1121 2280 quantum
1134 2223 1247 2279 possum
1261 2207 1377 2265 dentatis
1391 2210 1475 2266 serris
1487 2217 1516 2268 te
1529 2211 1565 2267 ab
1593 2214 1720 2273 acciden-

58 2294 172 2362 lerare,
198 2302 227 2350 ut
249 2301 323 2352 tanto
337 2302 400 2366 post
418 2295 454 2351 nd
474 2295 594 2364 judicem
621 2294 748 2350 mundior
773 2293 873 2359 veniat,
924 2295 997 2352 tibus
1009 2295 1214 2368 quaepiscopo
1228 2310 1283 2352 non
1297 2303 1361 2352 sunt
1373 2297 1484 2369 propria
1497 2313 1591 2357 secare
1613 2300 1717 2372 laboro,

57 2390 175 2456 quanto
190 2398 263 2440 nuno
278 2383 336 2453 ejus
350 2382 504 2454 rubiginem
519 2383 591 2455 ignis
605 2381 786 2438 tribulationis
809 2396 874 2453 pur·
925 2390 952 2439 et
966 2383 1133 2455 spiritalibus
1148 2383 1285 2450 dentibus,
1300 2386 1430 2443 mordere
1439 2400 1473 2442 ac
1488 2386 1603 2444 stimulis
1617 2390 1720 2449 verbo·

54 2479 128 2545 gat.
146 2469 229 2541 Quod
242 2470 311 2527 dicia
324 2471 393 2526 meis
419 2470 543 2542 apicibus
571 2477 598 2526 te
614 2470 693 2526 solito
712 2485 787 2525 more
801 2483 874 2525 mor·
924 2487 984 2527 mm
998 2471 1176 2541 monentium,
1192 2479 1219 2527 et
1242 2471 1325 2528 clavis
1348 2473 1565 2544 increpationum
1579 2476 1720 2552 contigere

51 2559 140 2627 deri,
157 2559 277 2615 sednon
291 2566 317 2615 te
332 2558 452 2614 sensisse
466 2557 575 2623 laedi,si
589 2558 625 2612 ita
641 2557 715 2629 quod
741 2555 810 2612 dicis
838 2556 876 2611 ita
924 2574 980 2615 non
993 2559 1135 2625 omittam;
1152 2559 1291 2630 quoniam,
1316 2567 1346 2615 ut
1368 2560 1507 2631 Scriptura
1535 2561 1609 2629 dicit,
1638 2564 1721 2622 vete

50 2656 92 2703 art
103 2652 155 2705 est
168 2646 377 2720 intelligendum
400 2645 541 2718 intelligis,
567 2660 622 2702 uon
649 2645 786 2716 improbo,
812 2643 875 2715 quia
924 2650 1088 2719 sapientum
1101 2648 1182 2720 quusi
1196 2648 1318 2712 stimuli,
1331 2650 1723 2719 etquusiclovitnultumde·

50 2742 89 2792 et
111 2741 178 2790 erat
199 2734 272 2792 unde
284 2733 415 2803 morderi,
432 2734 482 2791 sed
505 2734 541 2789 ad
556 2733 715 2800 sanitatem3
731 2731 874 2789 etidcirco
926 2734 979 2802 fies·
994 2735 1092 2804 (Ereti.
1116 2734 1180 2804 au),
1197 2734 1260 2806 quia
1282 2733 1419 2803 videlicet,
1443 2743 1473 2792 ut
1494 2737 1605 2809 exponit
1625 2737 1722 2796 beatus

47 2821 344 2882 senonledisensire
353 2821 474 2878 debebas
491 2840 498 2877 :
514 2821 549 2878 sit
559 2822 633 2877 euim
642 2821 710 2876 utin
723 2818 875 2891 Evangelio
925 2821 1084 2893 Gregorius,
1099 2821 1184 2878 rerba
1207 2823 1360 2893 sapientum
1383 2823 1478 2894 culpas
1505 2825 1721 2898 delinquentium

45 2909 192 2984 legimus
206 2909 287 2983 plaga
301 2917 419 2980 mustus,
435 2910 538 2966 scilicet
552 2925 603 2980 per
616 2924 710 2965 acrem
724 2907 780 2964 viui
804 2922 876 2962 mor·
924 2909 1049 2966 nesciunt
1062 2909 1184 2980 palpare,
1201 2909 1250 2965 sed
1264 2926 1398 2983 pungere.
1415 2910 1484 2979 Quia
1498 2928 1564 2970 vero
1576 2913 1720 2986 incompo-

44 3011 142 3065 eum,
159 3003 188 3052 et
202 3011 253 3067 per
266 2995 320 3052 olei
333 2995 482 3052 tomentum
499 3010 580 3050 :rum
594 2994 667 3049 euim
693 2992 741 3049 tibi
767 2990 875 3050 ostendi
924 2997 975 3054 site
988 2997 1156 3068 praeteritum
1169 2997 1246 3053 verbi
1262 3001 1338 3056 teror
1347 2998 1432 3054 serris
1447 3000 1632 3072 composuisti,
1648 3002 1721 3059 mul-

44 3085 145 3160 quod
159 3089 252 3140 actum
265 3082 311 3150 sit,
325 3083 376 3139 rite
391 3083 427 3139 ad
440 3098 562 3139 morsum
576 3081 741 3147 intellexisti,
771 3087 873 3136 etcum
923 3085 1040 3143 risloeis
1054 3101 1111 3141 non
1125 3085 1212 3141 solum
1227 3085 1255 3140 in
1270 3088 1518 3158 tungrammntica,
1533 3090 1676 3146 sedebam
1693 3091 1722 3146 in

42 3171 181 3232 meandi
192 3171 259 3243 quid
272 3171 409 3246 agendum
424 3171 469 3238 ait,
486 3170 510 3226 si
519 3169 675 3235 rectelaeis,
685 3168 823 3241 pertinere
837 3167 873 3224 ad
923 3174 1068 3245 Scripturis
1082 3172 1217 3246 praevales
1230 3173 1362 3239 invenire,
1379 3175 1428 3230 sed
1444 3181 1471 3232 et
1486 3173 1515 3230 in
1528 3173 1575 3230 illo
1588 3175 1650 3232 loco
1673 3177 1721 3235 ubi

41 3269 116 3328 olei
133 3267 290 3326 iumentum
303 3268 444 3341 intelligis.
461 3267 490 3324 Si
504 3275 596 3323 autem
610 3267 679 3322 adeo
694 3265 873 3322 intentionem
923 3261 1055 3319 Dominus
1069 3261 1156 3332 Moysi
1170 3261 1286 3333 qualiter
1300 3260 1446 3333 tbymiama
1460 3262 1535 3333 quod
1548 3270 1640 3319 nostra
1664 3262 1720 3320 lin·

43 3365 146 3416 snam
162 3356 248 3413 rebus
269 3356 432 3413 transitoriis
458 3355 666 3411 immoderatius
695 3353 828 3425 implicas,
844 3360 874 3410 ut
922 3365 977 3421 gua
991 3349 1133 3404 incensum
1147 3347 1441 3418 diciturlacerejussit
1455 3348 1573 3406 fficens:
1596 3352 1720 3428 Cumque

42 3447 173 3519 quinus
187 3443 414 3517 negligentiarum
427 3443 522 3513 jaculis
542 3441 721 3515 transfigaris,
744 3441 788 3498 vel
810 3438 873 3511 qui-

39 3532 109 3592 bus
126 3531 317 3590 monitionum
329 3531 537 3590 medicamentis
552 3530 656 3587 debens
677 3528 767 3586 curari
790 3529 872 3600 igno·

41 3636 117 3690 res,
139 3620 212 3692 quia
225 3635 278 3678 nec
289 3620 395 3687 laesum,
412 3636 463 3676 nec
482 3619 630 3675 sanabilem
645 3615 873 3688 tesentisproba-

46 3707 165 3768 biliter
179 3707 317 3780 improbo.
335 3707 413 3765 Unde
427 3722 479 3778 per
492 3706 665 3763 Salomonem
679 3720 731 3761 vox
749 3701 874 3775 percussi

47 3808 80 3854 et
102 3793 571 3866 dormientisexprimiturquiait:
589 3794 872 3859 Verberoueruntme,

48 3882 272 3943 sed'nonuotut
282 3885 456 3951 ,trueerunt
464 3898 518 3947 me,
531 3886 561 3937 et
569 3897 616 3953 ego
625 3897 684 3937 noe
693 3881 770 3936 sensi
780 3880 873 3949 (Prae.

51 3971 157 4043 xxm)
175 3984 278 4025 :mena
300 3969 401 4042 quippe
414 3985 432 4026 a
445 3984 511 4027 cura
525 3985 581 4026 suae
595 3967 786 4025 sollicitudinis
811 3967 876 4023 dor·

51 4061 161 4119 miens
176 4056 349 4129 verberatur,
365 4063 392 4113 et
414 4073 469 4113 non
497 4057 590 4123 dolet;
605 4055 668 4128 quia
691 4056 762 4112 sicut
787 4054 877 4110 immi·

53 4147 165 4208 nenda
178 4143 254 4201 mala
266 4159 322 4200 non
334 4145 476 4216 prospicit,
501 4144 542 4200 sic
563 4159 615 4201 nec
642 4150 795 4215 perpetrata
808 4158 875 4214 per-

922 3439 955 3494 io
986 3437 1186 3494 tenuissimum
1225 3438 1371 3508 puluerem
1396 3439 1529 3494 universa
1558 3440 1721 3497 contuderis

923 3523 1113 3597 (Exodxxx).
1127 3522 1205 3578 Unde
1213 3523 1722 3595 sanctusGregoriuszintenuissimum

923 3613 1065 3684 pulverem
1092 3618 1215 3666 aromata
1241 3611 1369 3668 universa
1396 3611 1568 3668 conterimus.
1592 3614 1626 3669 Et
1643 3614 1719 3684 item,

924 3707 1044 3757 aromata
1052 3699 1227 3771 inputvercm
1237 3698 1417 3772 redigere,est
1425 3699 1723 3773 virtutesracogitsndu

924 3796 1022 3847 terere.
1039 3788 1126 3857 Hujus
1138 3787 1219 3844 ncuvi
1233 3786 1373 3858 passivum
1382 3794 1434 3855 est,
1451 3787 1627 3845 sicutmelius
1637 3791 1719 3858 nosti,

925 3880 1026 3943 tereos,
1043 3876 1171 3946 cujusest
1183 3874 1350 3946 praeteritum
1366 3878 1463 3944 tritus,
1489 3876 1562 3948 quod
1588 3892 1644 3933 nou
1671 3878 1722 3935 rita

926 3965 1020 4033 serris,
1038 3964 1086 4020 sed
1099 3964 1162 4036 pilae
1177 3978 1209 4019 ac
1222 3963 1277 4035 pilo
1291 3963 1380 4036 potius
1394 3963 1526 4035 applicari
1540 3964 1631 4032 debet,
1652 3965 1723 4022 sicut

927 4053 1055 4111 Salomon
1068 4052 1238 4109 demonstrat
1247 4051 1340 4109 dicens
1357 4069 1364 4106 :
1384 4053 1413 4108 st
1427 4050 1590 4109 contuderis
1598 4053 1722 4110 stultum

926 4140 1724 4213 iopila,quosiptisucusserieotedesuperpilo,nonuu-

54 4232 194 4294 timescit
213 4249 221 4287 ε
238 4232 352 4288 trabitur
366 4239 393 4289 et
405 4246 576 4304 nequaquam
591 4233 673 4288 sentit
687 4232 816 4304 quoniam
825 4245 876 4301 per
926 4232 1037 4300 seretur
1047 4229 1080 4284 ub
1088 4243 1119 4284 eo
1125 4229 1252 4284 stultitia
1259 4228 1319 4298 ejus
1327 4225 1725 4299 (Proo.xxrrr).Quodquethy·

54 4321 221 4383 illecebras
234 4319 361 4378 vitiorum
376 4320 482 4375 ducitur
495 4335 547 4377 uec
560 4326 685 4376 tamena
709 4319 752 4375 sui
781 4325 875 4375 custo·
928 4311 1721 4386 miamnperbtoysemaDomiuojussumfieriquotidieuos

54 4409 100 4469 dia
118 4408 289 4468 suscitatur.
304 4406 385 4477 Quod
396 4407 497 4465 diuisa
523 4423 567 4465 me
590 4408 689 4477 iaculis
713 4416 740 4464 tc
766 4393 913 4479 impeti-D
929 4402 1001 4459 sacri
1014 4402 1106 4457 altaris
1120 4400 1271 4456 ministerio
1285 4399 1385 4456 addicti
1400 4399 1531 4456 debemus
1546 4415 1721 4472 componere,

56 4504 134 4568 tum,
170 4510 307 4568 naevoque
334 4503 464 4562 notatum,
489 4496 546 4552 noli
572 4511 654 4569 agere
678 4502 707 4551 ut
731 4495 783 4550 hoc
809 4492 877 4550 mihi
926 4499 955 4546 ut
969 4496 1044 4547 recte
1058 4488 1195 4560 possimus
1208 4487 1325 4544 Domino
1336 4487 1451 4544 dicere:
1468 4488 1616 4560 Dirigotur
1632 4490 1722 4547 oratic

57 4599 191 4644 necesse
205 4583 243 4639 sit
256 4582 357 4652 iacere,
381 4591 408 4640 et
430 4598 475 4640 me
491 4583 526 4639 ab
554 4583 597 4638 his
618 4583 720 4639 senties
742 4581 876 4652 conquie-
926 4577 1072 4634 meusicru
1091 4579 1244 4633 incessum
1257 4576 1289 4631 in
1304 4580 1456 4649 conspeetu
1471 4580 1518 4633 tuo
1533 4575 1620 4647 (Paul.
1647 4576 1721 4647 crs),

59 4688 161 4733 scere.
181 4670 264 4742 Quod
278 4671 345 4728 dieis
368 4680 395 4727 te
417 4669 526 4744 integro
541 4671 662 4743 iugatum
681 4685 764 4737 auno,
781 4675 808 4724 ct
821 4682 877 4724 non
962 4667 1003 4721 De
1017 4680 1051 4721 so
1066 4665 1139 4737 quod
1152 4664 1220 4721 dicis
1235 4671 1261 4720 te
1275 4663 1371 4719 mirari
1386 4679 1434 4720 cur
1456 4662 1604 4720 lindulfum
1630 4663 1724 4719 tandiu

60 4760 136 4820 dicis
150 4776 172 4817 a
187 4774 244 4831 quo
258 4758 368 4832 fugatus
395 4759 507 4825 existas,
532 4759 627 4815 neseio
656 4756 721 4829 quid
743 4756 807 4812 inde
828 4755 877 4811 tibi
926 4760 1109 4810 remorantem
1123 4768 1178 4808 non
1192 4751 1337 4818 remittam,
1353 4751 1506 4822 praesertim
1521 4765 1584 4806 cum
1593 4766 1677 4822 super
1691 4765 1725 4812 eo

60 4847 268 4922 respondeam,
284 4846 337 4902 nisi
352 4847 425 4917 quod
439 4846 505 4902 dicit
528 4846 676 4916 Scriptura,
703 4844 777 4917 quod
799 4844 828 4899 iu
851 4850 877 4898 te
927 4857 1006 4909 meae,
1021 4849 1050 4896 ut
1061 4841 1165 4910 justum
1193 4847 1259 4906 erat,
1291 4838 1409 4894 annuisti
1435 4837 1635 4907 interventioni,
1663 4837 1726 4895 ideo

62 4929 209 4988 Dominus
217 4929 544 5001 caderenonpermittat:
560 4930 753 5001 Fugitimpius
762 4929 877 4986 nemine
926 4929 1043 5001 pleniter
1056 4944 1113 4986 non
1126 4927 1287 4998 respondeo,
1304 4926 1369 4997 quia
1383 4925 1491 4981 sursera
1504 4941 1561 4982 uon
1576 4933 1618 4983 est
1632 4926 1726 4984 solidi·

55 5021 257 5091 persequente
271 5016 363 5088 (Prou.
380 5018 494 5088 xxvru).
520 5015 602 5085 Quod
616 5016 685 5071 dicis
700 5024 725 5071 te
740 5017 776 5072 ud
791 5016 877 5070 instar
928 5025 981 5074 tate
994 5017 1124 5084 ueritatis,
1141 5022 1169 5071 et
1182 5014 1322 5071 charitatis
1336 5021 1416 5084 atque
1429 5013 1506 5085 pacis
1519 5022 1565 5069 tua
1577 5015 1725 5084 mandatio,

70 5105 173 5162 Abner
189 5105 315 5178 fugatum
339 5104 377 5176 (11
392 5108 455 5177 lieg.
482 5105 531 5174 iv),
547 5112 574 5161 et
596 5104 679 5160 serris
711 5103 822 5169 tritum,
851 5109 878 5158 et
928 5113 1031 5161 tantum
1045 5105 1098 5160 hoc
1112 5102 1243 5169 rescribo,
1267 5100 1331 5172 quia
1345 5100 1560 5173 quotiescunque
1584 5101 1618 5156 ad
1633 5117 1677 5158 me
1689 5102 1725 5157 il-·

68 5188 136 5250 ideo
150 5199 312 5251 nontacera
325 5193 500 5264 permissum,
516 5207 571 5248 nou
599 5191 791 5248 convenienter
815 5206 878 5247 sen·
927 5193 983 5249 lum
998 5191 1104 5259 misisti,
1120 5206 1228 5261 semper
1241 5189 1291 5244 tibi
1304 5179 1381 5244 illum
1395 5189 1498 5257 remisi,
1524 5196 1552 5245 et
1577 5203 1633 5244 non
1656 5189 1727 5246 sicut

74 5279 279 5337 sustentanti
306 5279 434 5352 Gregorii
466 5280 495 5336 iu
516 5279 706 5352 persecutione
725 5279 820 5334 abner
842 5278 878 5333 ab
929 5281 990 5336 aliis
1004 5278 1102 5334 litteris
1116 5279 1151 5334 de
1166 5292 1200 5333 eo
1213 5277 1281 5332 mibi
1295 5276 1408 5334 directis
1423 5282 1554 5348 quantum
1570 5291 1658 5333 exme
1673 5284 1725 5345 est,

79 5363 178 5425 tebet
193 5367 319 5440 posuisti,
336 5369 400 5440 quia
413 5382 470 5425 non
483 5384 528 5425 me
542 5367 678 5425 furentem
692 5374 768 5422 tuum
783 5381 879 5436 perse-
929 5375 1116 5424 contumacem
1130 5366 1203 5421 illum
1220 5381 1293 5420 ame
1317 5365 1445 5436 recepisti
1473 5363 1551 5435 quasi
1581 5372 1726 5422 contumax

84 5459 209 5524 tutorem,
234 5456 284 5514 sed
311 5456 348 5512 ad
375 5456 572 5529 corrigendum
595 5470 726 5513 excessus
747 5462 809 5511 tuos
827 5467 879 5524 pro
928 5456 978 5512 tibi
993 5454 1114 5511 existerit
1132 5471 1139 5509 ε
1155 5468 1211 5511 non
1223 5468 1284 5511 mea
1298 5453 1398 5522 suasio,
1429 5453 1488 5524 sed,
1504 5456 1534 5509 ut
1547 5452 1663 5524 aestiuo,
1679 5461 1727 5509 tua

205 5569 326 5656 Persou.
343 5569 467 5628 CXXVI.
1553 5559 1587 5614 ta
