3794 6104
131 219 180 274 691
764 217 913 277 tonitrus
943 217 1042 275 PAPAE
1067 219 1157 277 vltis
1725 222 1770 282 Oli

129 353 202 397 nunc
215 356 266 397 nos
280 341 316 397 ad
331 350 423 398 votum
451 351 575 399 nostrum
603 343 638 398 ob
666 342 694 397 id
724 341 768 398 vel
797 339 1041 407 maxime,Acum
1056 357 1139 411 super
1149 341 1253 411 judicio
1275 340 1346 415 [edit
1364 344 1453 408 liam,
1478 341 1595 416 judicia]
1627 342 1771 400 Salomonis

129 427 237 484 Christo
263 430 401 499 praeduce,
431 431 592 501 perduxisse
620 430 773 502 gaudemus
801 429 875 500 quod
905 436 931 483 at
982 429 1113 500 scriptum
1128 429 1185 484 sit:
1205 430 1275 498 Quia
1290 430 1401 486 cadim
1414 432 1507 488 emnia
1531 430 1624 487 lacet
1639 432 1772 503 judiciam

131 524 252 572 vestram
265 517 383 589 gloriam
398 526 622 589 perseverantem
641 516 853 574 testificatricem
881 531 931 572 co·
980 517 1051 589 qaod
1061 518 1219 588 judicasset
1229 534 1281 573 rea
1291 521 1320 573 et
1337 518 1498 575 timuerant
1521 534 1630 590 repam,
1656 519 1771 577 videnter

130 604 285 674 gnavimus,
313 613 340 660 et
352 606 559 676 provincialium
573 605 718 676 presulum
734 612 931 662 consentaneas
980 604 1152 675 sapientiam
1162 606 1213 660 Dei
1222 604 1321 661 assata
1330 621 1361 661 eo
1371 605 1407 661 ad
1417 605 1585 677 facundam
1596 605 1742 678 judiciam
1754 607 1772 680 (l

132 692 311 763 probationes
325 694 512 763 probavimus,
542 702 568 749 et
595 694 747 767 legatorum
774 698 930 748 nostrorum
981 693 1044 762 [ιιι.
1060 692 1111 757 ιιι).
1125 691 1414 762 Superquovidelicet
1425 691 1770 762 judiciosentiendumma·

131 777 322 834 subtilissimas
344 780 548 852 disquisitiones
576 780 754 836 advertimus.
782 779 927 849 Quocirca,
979 777 1032 831 rito
1042 777 1167 832 ducimus
1178 777 1240 848 quia
1249 777 1329 832 laeteti
1340 777 1449 849 quidem
1459 779 1582 848 benigni,
1595 779 1698 833 tristati
1717 795 1769 838 vero

129 866 192 922 licet
206 881 257 922 nos
271 868 362 922 multis
377 869 515 925 canonicis
530 869 691 925 testimoniis
705 867 844 940 provocati
864 867 931 938 peti·
979 871 1041 919 sunt
1051 865 1161 921 omnino
1176 864 1299 936 maligni.
1311 865 1387 938 Ergo
1404 873 1430 921 et
1442 866 1485 921 hic
1494 866 1533 921 ita
1551 866 1637 921 datur
1655 865 1768 941 intelligi,

128 953 230 1009 tionem
243 963 342 1011 vestita
355 956 507 1026 devotionis
522 957 637 1028 implere
652 971 819 1028 magnopere
847 953 929 1010 moli-
978 952 1042 1023 quia
1050 952 1175 1007 nimirum
1184 969 1267 1024 super
1273 952 1376 1022 judicio
1382 953 1689 1023 vestrolaetenturjusti,
1697 954 1769 1011 datar

129 1057 230 1108 remur,
247 1051 273 1098 ct
288 1044 373 1099 solius
386 1045 538 1114 mejestatis
551 1053 650 1102 vestra
665 1044 821 1099 testimonio
845 1059 928 1114 super
977 1048 1070 1095 rentur
1079 1040 1180 1110 injusti.
1192 1041 1260 1095 Nam
1271 1049 1297 1096 et
1304 1041 1474 1112 omnipotens
1490 1043 1576 1109 Deus,
1593 1043 1674 1111 cujus
1688 1050 1716 1099 et
1733 1058 1769 1100 vas

130 1130 291 1187 exterminio
300 1131 505 1204 Burdigalensis
519 1133 669 1204 provincie
683 1133 798 1188 credere
824 1131 927 1187 nimine
973 1127 1104 1197 judiciuin
1118 1127 1292 1195 aemulamini,
1302 1129 1432 1185 terribilis
1446 1129 1643 1201 peccatoribus
1660 1136 1689 1185 et
1701 1129 1768 1185 blau·

129 1225 327 1286 cunctaremur,
344 1226 435 1275 tamen
450 1221 513 1292 quia
527 1220 634 1291 pietatis
648 1226 746 1276 vestras
773 1218 927 1274 testimonio
977 1214 1028 1270 dus
1042 1223 1068 1270 at
1078 1215 1169 1285 justis.
1182 1215 1340 1289 Quiaiqitur
1354 1233 1439 1288 super
1452 1217 1587 1272 Emmeno
1614 1217 1674 1287 jain
1702 1217 1768 1273 eili-

129 1305 397 1377 comprovincialium
412 1321 521 1379 quoque
535 1307 684 1378 praesulum
698 1307 803 1362 litteras
827 1321 928 1363 conva-
977 1302 1073 1357 buistis
1087 1293 1261 1359 severitatem
1286 1303 1391 1372 iudicii,
1421 1320 1580 1377 quaesumus
1607 1304 1720 1361 exibere
1742 1305 1769 1361 da

128 1390 197 1457 nire,
212 1392 291 1449 sicuti
305 1393 441 1461 rebamur,
459 1409 546 1466 nuper
558 1394 746 1466 cognovimus,
775 1392 926 1454 seeundum
976 1397 1077 1446 caetaro
1092 1390 1199 1462 pietatis
1211 1390 1329 1463 insigne.
1345 1391 1502 1463 Imposuitis
1515 1391 1544 1446 in
1566 1392 1701 1447 humeros
1722 1393 1768 1463 eiua

23 1510 28 1518 ·
127 1479 234 1551 pietatis
242 1487 339 1536 vestra
347 1480 584 1553 religiosissimum
593 1481 709 1548 libitum,
721 1480 926 1553 Burdigalensis
976 1491 1045 1532 onus
1061 1477 1236 1544 austeritatis,
1253 1477 1379 1535 adhibete
1389 1479 1447 1549 jam
1461 1479 1578 1535 nuncid
1594 1489 1768 1536 removentem

129 1565 272 1623 dioecessis
281 1567 449 1639 episcopum,
464 1568 575 1625 tratrem
589 1569 693 1625 scilicet
707 1576 831 1625 nostmm
860 1568 926 1624 Fro—
975 1565 1093 1636 digitum
1107 1564 1235 1621 leuitatis.
1251 1566 1413 1623 Mementote
1428 1567 1492 1638 quia
1514 1567 1591 1623 hunc
1614 1567 1696 1624 robis
1718 1584 1768 1624 cun

128 1654 228 1709 tarium
242 1654 270 1709 in
283 1654 480 1712 Bituricensem
494 1655 646 1713 Ecclesiam
667 1656 836 1714 cardinalem
865 1655 962 1741 lieriB
976 1653 1057 1708 Petro
1070 1653 1170 1710 Pardus
1184 1652 1290 1709 dilectis
1306 1654 1373 1720 suis,
1389 1654 1458 1711 sicut
1472 1654 1629 1711 Philemoni
1643 1655 1769 1728 quondam

80 1791 83 1795 ,
128 1740 318 1809 decernentes,
334 1743 549 1814 metmpolitanea
564 1744 703 1817 dignitatis
717 1744 860 1817 privilegio
874 1744 925 1800 ite-
979 1739 1139 1796 Onesimum
1153 1741 1264 1796 remittit
1278 1738 1364 1812 (atat.
1376 1741 1407 1813 i),
1419 1741 1608 1814 implorasset
1619 1743 1766 1810 obsecrans,

128 1837 189 1885 rato
203 1829 311 1887 munire
332 1832 507 1900 curavimus;
533 1831 633 1888 etudiri
659 1832 743 1888 vestri
772 1832 923 1900 solertiam,
976 1836 1110 1899 quatenus
1125 1844 1187 1885 eum
1201 1836 1230 1884 ut
1244 1844 1292 1884 sua
1307 1828 1413 1885 viscera
1442 1829 1610 1901 suscipiatis.
1636 1829 1705 1900 Quia
1725 1832 1766 1888 atsi

129 1932 183 1988 quo
198 1933 307 1989 semper
316 1918 431 1975 idoneos
438 1919 569 1976 Ecclesiae
579 1919 654 1976 viros
665 1920 783 1993 quadam
792 1920 925 1976 naturalis
975 1915 1100 1979 fortassis
1115 1915 1151 1971 ad
1164 1915 1259 1972 horam
1273 1917 1418 1988 aliquando
1434 1917 1545 1989 quidem
1561 1917 1644 1974 vobis
1667 1918 1764 1985 inutilis,

128 2003 232 2078 ingenii
256 2005 395 2062 nobilitate
414 2007 545 2081 deligitis,
572 2007 748 2075 admirantes,
787 2023 925 2081 congruas
975 2003 1128 2074 exemplum
1143 2003 1307 2060 nonbonnm
1325 2004 1578 2073 creteristribuens,
1602 2006 1692 2076 visus,
1710 2012 1763 2062 ast!

126 2090 239 2162 litteras,
258 2092 300 2148 his
333 2110 451 2166 quorum
464 2095 589 2162 interest,
606 2112 640 2151 eii
661 2095 822 2152 auctoritate
851 2096 925 2152 sedis
974 2106 1046 2146 nunc
1067 2098 1158 2146 autem
1182 2099 1215 2147 et·
1229 2091 1317 2159 vobis,
1341 2099 1367 2148 et
1391 2092 1481 2160 nobis,
1507 2099 1534 2148 et
1556 2093 1684 2164 plurimis
1704 2093 1764 2149 utilis

127 2186 229 2236 nostrae
240 2179 398 2248 direximus,
414 2190 496 2254 atque
516 2183 769 2255 magnanimitatem
792 2191 923 2249 vestram,
975 2185 1024 2248 est,
1041 2178 1255 2251 longanimitatis
1263 2179 1381 2235 formam
1391 2187 1417 2236 et
1427 2179 1763 2251 patientlaecunctisosten·

128 2281 211 2337 quani
224 2267 301 2322 istius
316 2269 546 2342 religiosiueqotii
561 2270 634 2326 circa
661 2286 713 2327 iios
748 2271 924 2328 incentricem
974 2264 1051 2321 dens.
1068 2266 1207 2339 Rogamus
1222 2281 1288 2337 ergo
1301 2274 1331 2322 ut
1345 2282 1494 2338 penesvos
1507 2282 1564 2324 nori
1580 2268 1635 2323 sibi
1650 2276 1762 2349 tamsuiit

128 2353 318 2425 cognovimus,
347 2370 409 2411 eam
435 2355 612 2413 nihilomiuus
639 2358 839 2416 exsecutricem
866 2357 925 2415 iore
974 2353 1045 2409 obsit
1060 2369 1198 2422 excessus,
1216 2369 1297 2426 quam
1311 2354 1375 2411 fidei
1389 2362 1416 2411 et
1430 2355 1531 2411 amoris
1546 2370 1615 2427 arga
1630 2371 1680 2412 vos
1693 2355 1761 2411 bibiti

126 2439 329 2498 necimmerito
343 2441 513 2516 delegamus.
530 2443 672 2513 Quatenus
699 2454 810 2518 propter
823 2448 923 2515 Deum,
973 2441 1061 2513 prosit
1075 2440 1199 2498 affectus.
1214 2443 1248 2498 Et
1263 2443 1326 2514 quia
1340 2458 1439 2498 noxam
1454 2443 1596 2515 propriam
1612 2452 1641 2499 et
1665 2458 1758 2516 poeuau

128 2528 207 2598 cujus
221 2528 280 2584 Filii
294 2531 414 2602 pretioso
428 2532 563 2605 sanguine
577 2541 633 2590 tota
647 2550 698 2606 per
716 2534 848 2590 mundum
877 2551 924 2591 ve·
973 2528 1105 2586 indictam
1119 2529 1172 2584 sibi
1185 2528 1309 2596 confiteri
1324 2546 1379 2587 nou
1406 2530 1504 2600 renuit,
1534 2530 1757 2588 animadversione

127 2615 236 2687 dempta
248 2617 372 2673 consistit
385 2618 520 2686 Ecclesia,
536 2619 577 2677 sic
591 2621 668 2677 istius
683 2622 847 2678 necessarias
868 2622 924 2677 dis·
974 2624 1079 2673 remota
1094 2633 1176 2688 quam
1191 2618 1300 2685 meruit,
1316 2625 1444 2690 patronos
1469 2626 1591 2686 vestros,
1615 2628 1642 2676 et
1665 2627 1755 2676 metas

127 2703 297 2773 pausationis
310 2704 432 2763 instituta
444 2708 588 2775 custodiat,
605 2716 666 2764 uta
692 2710 813 2782 paternis
840 2725 924 2782 ragu-
974 2705 1079 2761 scilicet
1091 2705 1194 2776 primos
1208 2706 1348 2777 apostolos
1363 2721 1393 2762 se
1407 2705 1529 2778 proficue
1544 2707 1648 2764 adiisse
1661 2716 1686 2764 et
1698 2707 1755 2762 salu·

127 2789 162 2846 lis
177 2792 329 2847 constitutis
343 2794 492 2866 antiquitus
516 2795 543 2850 in
569 2803 646 2867 parte
674 2796 760 2853 altera
787 2813 925 2870 nunquam
973 2799 1047 2849 tasse
1062 2792 1096 2849 de
1111 2791 1218 2866 reliquo
1232 2794 1341 2861 sentiat,
1357 2801 1384 2851 et
1398 2793 1433 2850 de
1447 2801 1521 2851 tanto
1535 2794 1589 2852 sibi
1602 2795 1698 2853 collato
1705 2811 1753 2850 mu·

128 2876 239 2933 omnino
252 2877 386 2936 discedat.
402 2879 549 2948 Praeterea,
565 2883 639 2954 quod
660 2882 798 2939 filiolitatis
826 2893 925 2943 vestra
973 2896 1041 2937 nere
1054 2880 1160 2937 laetetur
1173 2888 1200 2936 et
1215 2881 1343 2954 gaudeat,
1359 2889 1389 2937 ut
1404 2881 1451 2937 ubi
1463 2881 1750 2955 abundavitpeccatun,

128 2962 195 3034 petit
208 2963 348 3035 industria,
362 2974 393 3022 ut
407 2983 523 3039 quorum
537 2970 867 3042 suggestionibusdndum
877 2989 925 3030 ve·
974 2968 1185 3040 superabundet,
1216 2969 1366 3026 secundum
1385 2971 1557 3041 Apostolum,
1578 2971 1668 3043 gratia
1680 2973 1749 3041 (llam

128 3056 182 3105 stra
196 3050 230 3105 sit
253 3051 335 3107 dilata
362 3053 455 3125 petitio
483 3055 654 3127 detegamus,
682 3058 793 3114 omnino
820 3060 921 3128 sciatis,
934 3020 959 3085 G
973 3055 1012 3127 v).
1029 3057 1097 3112 Data
1108 3056 1197 3128 pridie
1211 3055 1349 3113 Kalendas
1362 3056 1537 3128 Novembris,
1554 3057 1649 3116 indict.
1655 3059 1747 3116 decima.

297 3227 303 3239 .
401 3229 406 3241 .
748 3234 753 3245 ,
1250 3197 1251 3201 ’
1300 3178 1432 3236 ΧΧΧΙΧ.

126 3234 351 3300 consequentiam
364 3245 488 3301 priorum
502 3239 656 3288 nostrorum
678 3232 837 3305 pontificum
864 3251 924 3292 ma·
1103 3279 1140 3321 A„
1155 3280 1353 3322 mmmm
1371 3283 1407 3322 Π
1425 3282 1635 3326 mmmm

126 3320 188 3372 turo
202 3315 329 3388 eogimm
342 3318 527 3387 esaejudicio,
539 3334 650 3376 causam
660 3329 740 3378 tantae
750 3321 923 3381 deliberatio·
1281 3355 1371 3427 (Anno
1392 3357 1442 3410 876
1457 3356 1467 3424 )
1503 3326 1506 3332 “
1637 3311 1644 3326 '

107 3399 243 3475 ⁴nisideo
257 3419 312 3460 non
328 3403 407 3461 facile
422 3412 485 3463 tunc
512 3406 718 3465 deliberandam
744 3410 921 3481 credidimus,
1044 3443 1098 3497 Pro
1109 3440 1260 3513 mmm
1280 3444 1328 3515 qui
1356 3396 1516 3500 Μαγέδω
1543 3444 1690 3502 omem·

124 3502 160 3586 ¹3⁰
173 3487 315 3587 diffinisse’
331 3492 403 3564 ΨΜ
419 3495 492 3549 ⁰⁶⁰⁸
506 3496 645 3567 'venem’
659 3495 750 3552 ‘ninus'
778 3498 922 3554 mimi*
1006 3538 1746 3612 tomuisipiscopusadimpeiatoremerimpentrtcen.

122 3573 185 3631 liter
199 3577 366 3636 videremur.
381 3582 415 3636 at
429 3590 575 3654 postquam
588 3584 662 3640 Deus
676 3585 847 3657 omnipotens
871 3602 922 3658 pe·
1006 3625 1077 3680 Dum
1089 3641 1143 3682 non
1152 3626 1240 3682 minus
1248 3627 1499 3698 promisericordiae
1507 3627 1605 3685 intuitu
1614 3629 1747 3702 delinquet·

124 3661 246 3719 titiomm
261 3667 415 3723 serenitatis
430 3677 529 3726 vestra
549 3672 820 3743 comprovincialium
848 3690 922 3745 pra·
970 3711 1237 3784 fibumxhibendo,
1254 3715 1439 3785 quamjudicii
1453 3716 1601 3773 severitate
1615 3717 1643 3771 in
1663 3717 1747 3788 imm

122 3750 212 3806 sulum
227 3754 381 3810 testimonio
396 3754 543 3827 decoravit,
559 3758 614 3815 imo
632 3760 787 3817 testimonia
813 3777 921 3832 praesu·
971 3799 1022 3855 bos
1036 3800 1197 3867 exercenda,
1211 3801 1383 3873 omnipotens
1396 3803 1472 3858 Deus
1484 3790 1604 3875 gloriam
1614 3801 1746 3862 mm

123 3836 179 3936 luni
195 3838 417 3939 pietatisvestrea
433 3843 564 3917 suffragio
579 3845 757 3946 confirmavit,
774 3865 825 3905 nos
853 3850 921 3906 reli·
970 3896 1070 3945 vestrae
1083 3888 1220 3960 imperiali
1234 3889 1350 3945 voluerit
1361 3890 1509 3947 sublimare
1523 3891 1625 3949 decore
1651 3892 1744 3966 dignm

123 3939 232 3995 giosam
242 3934 401 3997 petitionem
409 3937 528 3986 vestram
541 3934 747 4005 complevimus,
765 3945 792 3992 et
820 3953 921 4011 sque·
1628 3934 1636 3959 ⁹

122 4010 258 4067 saionibus
289 4014 404 4071 fratrum
440 4018 721 4094 coepiscoporumque
767 4032 920 4081 nostrorum

122 4112 222 4154 manue
235 4102 415 4171 porreximus,
432 4112 459 4160 et
468 4106 598 4165 Ecclesia
616 4109 666 4165 Dei
681 4112 761 4166 tantis
775 4114 921 4169 necessita·

969 3975 1094 4047 proiecto
1104 3992 1166 4032 asae
1176 3977 1227 4032 rati
1235 3991 1329 4033 sumus
1334 3978 1462 4049 pastorali
1468 3978 1687 4054 curaiungentes
1693 3976 1747 4052 apud

969 4064 1118 4134 majestatis
1133 4071 1231 4121 vestrae
1246 4065 1435 4122 excellentiam
1448 4081 1500 4138 pro
1514 4067 1661 4124 multorum
1671 4067 1746 4128 salute,

122 4183 195 4282 tibus
208 4189 391 4258 consulentes,
407 4192 441 4247 de
455 4193 584 4251 thesauro
612 4197 774 4267 pontificalis
800 4200 919 4270 pectoris
969 4152 1022 4295 [Ἐξ
1029 4152 1746 4298 Ἡὲῗι133ξὲΓὲιῇ[ἓξῖξψέξωιὲἓῖἓῗωέωωὼὼ

121 4279 157 4328 ita
171 4273 250 4330 vobis
264 4276 433 4347 protulimus,
449 4288 478 4336 ut
491 4297 507 4336 a
520 4283 650 4341 doctrinis
664 4286 790 4342 deviasse
819 4288 904 4345 veter'
1601 4285 1608 4310 ’
1697 4253 1746 4313 upo-

122 4359 173 4417 hus
187 4363 263 4420 „uno
276 4365 359 4423 modo
372 4367 515 4425 videamur
539 4372 608 4426 nala
622 4377 655 4429 ut
673 4390 707 4430 m
727 4391 743 4430 r
907 4319 919 4330 “
935 4327 1101 4425 Dstolomm
1115 4327 1268 4398 principum
1282 4328 1355 4385 Petri
1368 4336 1396 4384 et
1410 4329 1488 4385 Pausi
1503 4329 1639 4386 lautorum
1661 4337 1744 4386 veste

517 4411 523 4423 ⁸
706 4392 760 4447 pa
844 4453 847 4460 -
971 4431 1032 4468 rum
1047 4414 1150 4481 limina,
1166 4414 1259 4471 divina
1273 4423 1366 4471 tamen
1379 4415 1478 4488 pietate
1507 4418 1647 4485 commoti,
1674 4415 1744 4474 seam

441 4491 595 4550 XXXVlll.
970 4501 1109 4572 festinant,
1130 4510 1156 4557 et
1171 4503 1388 4559 misericordiam
1402 4504 1499 4560 humili
1514 4521 1597 4577 prece
1610 4506 1741 4579 implorant.

253 4589 290 4629 aa
306 4591 434 4634 cascinis
449 4594 560 4637 caivuii
583 4597 790 4641 iueaaaronair.
970 4590 1245 4646 totomentisannisu
1269 4591 1449 4660 intercedere,
1471 4600 1554 4665 etque
1582 4609 1633 4665 pro
1660 4592 1742 4650 viribus

431 4667 520 4737 (luno
536 4671 613 4741 876.)
969 4676 1145 4734 conslatiouis
1159 4693 1240 4749 opem
1259 4677 1287 4733 in
1314 4686 1443 4750 quantum
1472 4679 1515 4736 ias
1544 4689 1587 4737 est
1613 4679 1741 4752 peiendtu

121 4747 230 4805 Laudat
243 4766 309 4806 eam
324 4754 357 4808 de
375 4755 483 4825 judicto
498 4757 531 4841 itt
554 4759 723 4815 Euemeriam
747 4763 867 4833 prolato,
889 4766 917 4818 at
968 4763 1101 4834 impartiri
1116 4764 1273 4821 clementer.
1283 4766 1361 4821 Unde
1374 4781 1426 4838 pro
1441 4767 1520 4836 liujns
1535 4767 1598 4838 viri,
1613 4763 1741 4839 lladalgtti

228 4820 359 4879 mm?
369 4829 404 4880 ¹⁸²
412 4842 478 4882 “tm
492 4827 543 4883 ἨΟ
558 4829 715 4886 demente?
728 4836 805 4903 alat·
968 4852 1094 4908 videlicet
1107 4853 1227 4921 nomine,
1244 4853 1290 4925 qui
1302 4853 1459 4909 adversario
1474 4854 1605 4912 incitante
1614 4854 1738 4929 quentin

154 4921 280 4979 loannes
295 4928 439 5001 episcopus
454 4933 567 4989 Cincio
582 4933 746 5004 imperatori,
899 4986 903 4992 .
967 4941 1104 4995 hominem
1115 4939 1276 4996 odelricum
1285 4941 1418 4997 vocabulo
1429 4943 1557 5013 peremit,
1573 4944 1741 5014 salutamen·

154 5010 353 5083 Superjudicio
368 5026 457 5074 vestro
471 5019 499 5074 iu
513 5021 676 5077 Emmanum
690 5024 840 5093 prolato,o
869 5042 912 5082 re·
966 5027 1383 5099 brommomniumiutegritate,
1399 5036 1426 5085 et
1440 5046 1534 5086 reruni
1548 5046 1661 5087 suarum
1682 5026 1742 5087 reali·

117 5098 238 5155 ctissime
253 5101 411 5175 imperator,
432 5122 494 5162 cum
514 5108 584 5164 coelo
610 5116 665 5165 tota
691 5118 762 5166 terre
799 5111 914 5169 laetatur.
965 5115 1078 5182 tutione,
1090 5116 1224 5185 majestati
1234 5123 1333 5172 vestrae
1347 5117 1547 5190 suggessimus,
1559 5117 1676 5175 tiliorum
1696 5119 1744 5173 aba·

117 5183 251 5258 Scriptum
267 5198 309 5245 est
323 5192 396 5246 euim
413 5210 419 5248 :
436 5195 592 5252 laetabitur
608 5199 706 5268 justus
725 5215 791 5254 eam
814 5200 916 5257 viderit
965 5203 1369 5273 rissime,etproamore1tei
1398 5214 1424 5261 et
1451 5205 1562 5261 Domini
1589 5208 1674 5264 nostri
1695 5207 1745 5263 latit

116 5273 271 5333 vindictam
286 5280 374 5349 (Ptol.
385 5281 463 5352 ivri).
479 5283 532 5338 Cur
547 5291 637 5339 autern
651 5285 775 5342 decimus
797 5285 913 5357 laetatur,
966 5290 1075 5358 Christi,
1088 5299 1300 5364 sanctorumque
1312 5293 1510 5363 apostolorum,
1526 5309 1646 5367 quorum
1672 5293 1748 5351 dnn·

112 5400 552 5530 ,hattexgrbffigettaquentttm
568 5407 666 5460 additur
688 5411 714 5461 in
734 5411 795 5464 edtt.
821 5413 892 5463 llam.
921 5412 1047 5466 Vaccatum
1072 5414 1182 5466 venum
1217 5429 1266 5480 qna
1298 5421 1397 5481 amenta
1418 5419 1541 5471 deamat
1562 5420 1673 5472 mitta
1689 5428 1750 5485 aaa·
