3794 6104
56 249 112 303 2⁰⁹
656 250 667 284 t
735 236 923 294 EPISTOLAE.
1657 239 1710 295 ild

61 377 175 434 tortum,
190 367 258 422 nihil
271 365 420 439 praejudicii
434 372 523 437 potest
546 363 746 421 inviolabilibus
767 361 868 417 inferre
883 362 998 428 Aabsit,
1015 378 1069 418 non
1083 362 1220 419 mediocre
1239 361 1389 435 periculum
1414 368 1464 430 est,
1481 360 1600 434 quicum
1616 376 1712 433 parere

62 457 192 514 decretis.
208 457 242 511 Et
254 455 363 512 facilius
377 455 428 510 erit
450 452 631 525 quarumlibet
655 450 865 508 consensionum
915 450 1032 505 debeant
1046 451 1208 521 despiciunt.
1227 474 1238 498 a

63 553 176 618 pactum
187 543 301 600 dissolu
316 542 743 616 quampraedictorumcanouum
753 537 864 611 regulas
1166 572 1336 629 EPISTOLA
1354 574 1458 627 XXXI·

64 651 97 690 ex
113 634 167 689 ulla
183 640 261 705 perte
275 631 423 704 corrumpi.
444 652 454 680 a

1130 694 1166 734 sn
1186 693 1321 742 Quauneu
1340 693 1502 734 nrrscoruu.

96 774 228 831 XXXIV·
245 775 287 830 ΒΘ
306 787 339 829 0⁰
356 779 448 827 “niem
463 771 537 843 ‘lumi
550 771 662 844 qnidam
677 768 762 825 smel
776 768 864 839 impe·
914 786 953 840 De
968 785 1203 841 translationibus
1219 787 1421 857 episcoporum,
1442 789 1543 842 contra
1558 784 1712 842 letardum

63 863 119 919 riali
133 862 226 920 edicto
239 862 315 918 velut
329 860 392 916 dato
408 860 459 915 sibi
475 859 602 916 collatum
616 858 701 913 inisse
711 856 796 928 (quod
810 872 865 911 non
1203 856 1431 911 ll'nmnetensern.

63 952 110 1021 illi,
128 952 179 1006 sed
193 950 273 1005 nobis
287 949 322 1004 de
344 949 402 1015 illo,
420 948 491 1004 sicut
503 946 627 1003 lectionis
640 945 731 1001 auditu
751 960 864 1015 compe·
1049 966 1128 1024 (apud
1140 967 1264 1023 eumdem,
1275 978 1306 1013 ω
1315 968 1401 1013 2001„
1411 967 1580 1023 virdunensi.)

64 1040 187 1105 rimosa
203 1039 268 1093 sede
293 1037 443 1108 apostolica
458 1043 500 1091 est
522 1035 673 1100 directum,
689 1033 787 1105 quibus
810 1047 865 1087 non
952 1055 1053 1122 Servus
1075 1066 1173 1120 Christi
1188 1074 1214 1120 et
1229 1082 1368 1121 servorum

63 1135 103 1183 est
116 1127 260 1191 donatum)
275 1125 400 1180 visusest
410 1124 553 1191 exultasse,
564 1123 636 1178 idem
647 1128 755 1177 sauctus
766 1121 819 1175 Leo
830 1119 864 1175 ad
915 1155 1065 1210 venerabili
1076 1154 1206 1224 episcopo
1221 1155 1343 1209 salutem·

63 1215 220 1270 Anatolium
235 1213 564 1284 constantinopolitanum
577 1211 735 1281 episcopum
758 1207 865 1278 scripsit
951 1244 991 1297 De
1006 1242 1105 1313 quibus
1120 1243 1192 1312 apud
1207 1242 1383 1314 exiguitatem
1405 1258 1493 1297 meam
1507 1242 1652 1312 prudentia
1667 1250 1711 1297 lua

63 1305 156 1375 (epist.
174 1304 221 1368 bt)
237 1318 244 1357 :
263 1301 361 1367 «Alia,
386 1300 483 1372 inquit,
498 1299 567 1354 ratio
583 1306 624 1353 est
640 1312 733 1353 rerum
748 1296 864 1351 saecula-
1004 1343 1033 1353 ..
1302 1344 1306 1353 ,
1467 1344 1472 1354 ,
1598 1343 1632 1353 ,,
1686 1343 1691 1354 ,

63 1392 132 1446 rium
177 1389 232 1444 alia
255 1388 407 1445 divinarum
461 1403 512 1442 nec
536 1394 634 1457 mter
662 1385 736 1439 issam
757 1391 865 1454 petram
915 1351 1061 1443 perquirit,
1073 1351 1099 1397 ct
1124 1359 1187 1441 murt
1200 1359 1232 1398 ac
1247 1343 1373 1398 festinato
1395 1343 1568 1442 brcvrterque
1583 1343 1634 1397 srbr
1648 1344 1713 1441 pund

61 1433 150 1551 qnam,
168 1477 302 1532 Dominus
326 1477 355 1530 in
372 1431 548 1531 fundamento
571 1473 661 1544 posuit
686 1472 791 1527 stabilis
813 1472 864 1526 erit
915 1431 977 1486 ¹¹¹d⁰
994 1440 1107 1529 sentiam
1123 1433 1221 1485 Obmxe
1242 1432 1402 1530 refpondffl
1422 1432 1557 1529 fliposfflt
1582 1431 1713 1529 ⁰bid¹⁰⁰⁵

79 1567 118 1621 lla
130 1565 308 1622 constructio.
325 1566 377 1619 Pro
398 1564 437 1618 ria
471 1563 541 1618 erdit
588 1561 864 1617 uiindcbitaconeu·
914 1519 1059 1617 p⁰⁸m¹³¹¹i¹
1076 1521 1229 1617 resp⁰¹¹di⁰
1238 1536 1280 1574 ⁰⁰¹
1291 1536 1392 1620 negari
1403 1519 1468 1573 ΠΜ
1479 1518 1548 1619 habi
1550 1534 1576 1585 ⁰¹
1589 1535 1653 1590 qum
1664 1535 1716 1575 ¹¹⁰⁰

63 1585 80 1621 Π
378 1581 396 1634 p
451 1581 469 1634 p
544 1579 585 1633 'q
915 1606 1011 1672 debeo,
1029 1608 1136 1662 dicente
1152 1609 1291 1677 Scriptura
1309 1626 1315 1661 :
1335 1609 1386 1674 Qua
1408 1607 1552 1662 rrbscondtt
1567 1610 1716 1678 [ramenta

63 1655 150 1726 piscit.
171 1654 236 1707 »Et
249 1661 278 1707 ut
293 1653 418 1708 Gelasius
433 1651 507 1715 dicit,
525 1664 664 1722 nunquam
679 1648 815 1704 invenitur
830 1648 864 1702 de
1019 1697 1024 1707 ,
1044 1696 1049 1708 ,
1119 1697 1124 1708 ,
1249 1698 1253 1707 ,
1384 1697 1389 1710 ,
1425 1698 1430 1709 ,

63 1741 238 1814 pontificibus
261 1739 315 1795 nisi
337 1739 489 1795 Ecclesiam
508 1738 657 1807 judicasse,
679 1744 705 1791 et
725 1751 779 1790 nou
804 1751 865 1790 csse
880 1696 1277 1794 B⁷²²⁰I⁶d²⁶¹mr.²”³'⁰pu¹²⁸'
1292 1696 1446 1809 mmm)
1460 1700 1557 1751 “utem
1572 1712 1715 1794 imiimi*

916 1787 968 1855 pat
980 1783 1162 1838 reaccensum
1179 1787 1270 1852 (l’rcrr.
1288 1799 1325 1849 nt,
1341 1785 1406 1854 26);
1423 1784 1450 1837 rd
1466 1791 1517 1852 est,
1534 1801 1580 1854 qur
1595 1792 1716 1839 screntrae

62 1833 240 1888 humanarum
255 1829 360 1902 legum'
376 1828 410 1883 de
424 1827 524 1882 talibus
538 1826 610 1882 ferre
625 1824 788 1880 sementiam
804 1825 867 1878 ab&
916 1871 1030 1925 verbum
1044 1870 1195 1935 abscondit,
1212 1887 1227 1923 a
1242 1871 1359 1926 Domino
1374 1871 1466 1926 audiet
1477 1889 1484 1924 ε
1496 1872 1578 1926 Serve
1598 1872 1673 1927 nate
1688 1876 1717 1927 ct

62 1932 112 1988 que
133 1913 270 1969 Ecclesia
292 1912 478 1983 principaliter
502 1908 656 1967 connitutts
679 1908 864 1979 pontificibus,
939 1961 944 1972 ,
1234 1960 1277 1971 ,,
1382 1959 1387 1971 ,

62 2002 176 2075 obsequi
190 2002 280 2056 solere
295 1999 433 2071 principes
457 1998 625 2054 Christianos
639 1997 757 2052 decretis
772 1996 867 2050 Eccle-
915 1975 1004 2030 ΡΨ
1015 1975 1100 2059 quase
1111 1959 1436 2059 ”wde‘iwni'efflfmam
1445 1975 1537 2014 meam
1547 1960 1716 2025 ‘mmmm’

916 2051 944 2101 et
952 2063 998 2117 epo
1008 2063 1124 2101 acescens
1134 2063 1299 2118 recepissem
1308 2051 1405 2118 utrque
1413 2047 1484 2118 qaod
1491 2063 1586 2102 meam
1597 2051 1640 2102 est
1650 2064 1714 2102 cam

62 2094 117 2161 siae,
135 2107 192 2145 non
207 2105 286 2144 suam
300 2103 461 2159 praeponere
476 2094 646 2157 potestatem,
664 2084 801 2155 episcopis
816 2101 865 2140 ca·
1016 2139 1027 2173 9
1169 2150 1175 2160 .
1363 2135 1367 2144 ,
1400 2134 1405 2144 ,

77 2187 105 2234 ut
120 2179 242 2234 subdere
275 2176 344 2232 rinci
365 2192 408 2232 em
433 2175 540 2231 solitum
555 2190 609 2229 non
627 2174 662 2229 de
677 2189 772 2229 eorum
788 2173 864 2243 capi·
916 2151 1022 2189 mm*
1036 2136 1113 2231 ime·
1127 2151 1188 2203 ω’
1199 2137 1255 2232 ,W
1269 2135 1424 2232 B⁰J¹⁶d¹⁰¹¹⁰
1439 2142 1529 2232 am
1545 2150 1626 2233 {uper
1635 2143 1718 2205 caput

60 2198 76 2252 p
255 2196 274 2248 p
346 2194 363 2247 p
916 2222 1099 2286 vendentium,
1123 2238 1251 2293 quoniam
1266 2239 1313 2292 spur
1327 2223 1374 2276 dat
1395 2237 1535 2277 consertus
1550 2238 1578 2275 rn
1594 2231 1716 2293 ternpore

916 2309 997 2364 tritici
1008 2326 1173 2377 mensuram,
1184 2326 1200 2364 a
1211 2311 1326 2364 Domino
1340 2311 1431 2365 audiet
1444 2327 1449 2365 :
1463 2313 1546 2382 dape,
1559 2326 1636 2366 serae
1646 2311 1715 2366 bone

94 2397 212 2454 XXXV.
227 2397 262 2451 Et
275 2396 305 2450 in
319 2395 381 2468 lege
405 2394 591 2460 Valentiniani,
608 2393 753 2449 Theodosii
769 2401 795 2449 et
810 2394 865 2447 Ar·
916 2398 1050 2466 etfidclis,
1064 2400 1317 2470 quiasupcrpaacn
1327 2399 1716 2470 suistifidclis‚sapermalta

59 2488 127 2544 cadii
143 2488 288 2542 decretum
301 2492 344 2539 est
358 2484 392 2538 de
407 2483 542 2553 episcopis
560 2501 567 2536 :
586 2482 714 2536 «Habent
728 2481 863 2552 inquiunt,
917 2489 943 2541 te
958 2488 1134 2542 constituam
1150 2486 1260 2555 (blattis.
1272 2502 1341 2550 xxv,
1354 2486 1410 2556 at).
1427 2488 1460 2540 llt
1475 2486 1584 2558 quidam
1599 2486 1715 2542 catholi-

59 2568 866 2645 fllijndiceasuos,necquidquambispubliciseommune
915 2574 1124 2629 cusdcetorait
1140 2593 1146 2628 ε
1163 2573 1273 2630 Invidiae
1298 2574 1433 2646 siquidem
1449 2575 1584 2629 maculam
1605 2575 1716 2630 desese
1774 2596 1776 2599 ·

59 2681 118 2721 cum
141 2663 263 2736 legibus,
285 2669 417 2732 mantum
432 2660 467 2712 ad
492 2674 590 2714 causas
618 2666 708 2713 tamen
733 2657 865 2713 ccclesia·
916 2677 970 2715 non
995 2662 1086 2724 abluit,
1108 2662 1153 2733 qui
1177 2661 1254 2717 alteri
1275 2661 1402 2718 conterre
1426 2661 1545 2732 denegat
1564 2663 1617 2717 hoc
1642 2662 1716 2732 quod

60 2753 141 2808 sucas
173 2749 311 2822 pertinet,
327 2764 393 2819 quas
426 2747 507 2802 decet
527 2746 676 2816 episcopali
708 2746 865 2801 auctoritate
916 2750 1005 2804 sentit.
1036 2750 1120 2819 Igitur
1148 2767 1208 2821 quae
1234 2765 1290 2804 non
1324 2748 1421 2804 suffers
1454 2749 1501 2803 tibi
1528 2766 1579 2820 per
1609 2757 1716 2820 tempus

60 2841 175 2898 decidi.»
192 2837 261 2908 Quae
282 2853 338 2892 non
361 2836 487 2902 dicimus,
505 2835 577 2908 quod
593 2834 673 2902 absit,
691 2834 817 2904 potestati
832 2848 865 2890 ac
915 2838 1023 2907 plenius
1042 2853 1075 2893 ac
1101 2838 1180 2892 latius
1203 2838 1374 2908 responderi,
1400 2837 1520 2893 breviter
1535 2853 1567 2893 ac
1581 2838 1715 2908 capitula-

59 2946 105 3001 per
117 2931 174 2984 hoc
189 2927 240 2983 Dei
264 2923 425 2982 ordinationi
449 2923 625 2988 resistentes,
643 2922 691 2977 sed
707 2922 797 2992 potius
812 2922 864 2976 ob·
915 2927 973 2991 tim,
990 2926 1024 2980 ab
1040 2927 1153 2981 exordio
1167 2925 1208 2982 rei
1222 2927 1301 2995 hujus
1322 2926 1465 2997 incipiens,
1491 2927 1526 2981 ad
1548 2926 1716 2999 interrogata

60 3024 216 3090 sequentes,
232 3014 296 3086 quia
310 3013 378 3069 sicut
392 3012 524 3068 Dominus
546 3010 675 3082 pracepit
699 3010 778 3066 reddi
805 3025 865 3082 quae
916 3015 1048 3070 rescribo.

61 3113 118 3161 sunt
134 3103 254 3161 Caesaris
277 3101 388 3168 Caesari,
412 3107 438 3157 et
462 3117 523 3174 quae
537 3108 600 3156 sunt
614 3099 665 3154 Dei
678 3101 737 3155 Dec
753 3099 863 3168 (thaleti.
881 3060 905 3123 C
952 3104 974 3156 l.
990 3103 1033 3157 Ad
1047 3102 1111 3172 quid
1125 3101 1174 3157 Dei
1190 3102 1273 3157 Filius
1294 3102 1410 3158 formam
1432 3103 1505 3158 servi
1519 3102 1624 3173 accepit
1639 3105 1715 3174 Apo·

60 3195 139 3264 narr),
158 3193 198 3247 ita
214 3207 275 3264 qnae
291 3198 353 3245 sunt
368 3189 542 3260 imperatoris
558 3187 689 3259 obsequia
704 3186 866 3242 obedienter
917 3191 1002 3246 stolus
1018 3199 1149 3245 monstrat
1161 3191 1271 3246 dicens:
1284 3194 1337 3246 Per
1350 3208 1440 3246 annin
1456 3191 1599 3247 lierninern
1611 3207 1714 3263 pecca·

61 3283 141 3353 ipsius
164 3280 307 3352 obsequiis
330 3279 506 3342 exhibemus,
525 3285 550 3332 et
567 3292 627 3348 quae
642 3276 788 3356 sacerdotii
803 3283 866 3330 sunt
916 3284 978 3334 tnnc
988 3281 1110 3335 intravit
1123 3282 1154 3334 in
1166 3279 1312 3344 mandam
1327 3283 1355 3334 et
1363 3295 1414 3350 per
1426 3285 1575 3351 peccatam
1588 3296 1673 3345 artars,
1686 3283 1713 3335 et

1392 1067 1451 1135 ejus
1472 1067 1570 1121 dilecto
1594 1065 1671 1121 tratri
1686 1073 1714 1121 et

61 2270 131 2323 tibus
143 2267 282 2337 judicare.

60 3371 144 3426 ordini
179 3367 346 3424 sacerdotali
373 3364 569 3437 dependimus,
595 3364 663 3419 sicut
698 3372 865 3420 memoratus
914 3369 994 3422 itata
1006 3367 1233 3423 ornneshornincs
1240 3369 1436 3438 pertransivit,
1445 3369 1638 3439 inquoornncs
1648 3383 1714 3439 pee—
1809 3405 1814 3415 .

60 3469 166 3514 sauctus
185 3471 261 3529 papa
282 3454 407 3510 Gelasius
422 3454 456 3508 ad
479 3453 650 3509 anastasium
672 3452 865 3524 imperatorem
914 3460 1062 3511 caverant.
1077 3455 1180 3511 Fidelis
1191 3471 1282 3509 serrae
1292 3459 1321 3509 et
1331 3454 1408 3510 oanni
1427 3457 1587 3526 acceptione
1599 3456 1711 3526 dianas,

61 3545 187 3602 discrerit
209 3551 291 3615 atque
322 3542 441 3597 decrerit
463 3540 556 3614 (epist.
581 3543 625 3611 lo)
643 3558 680 3594 :r
707 3541 767 3596 Duo
791 3549 862 3606 sunt,
914 3545 1135 3616 quoniamtesas
1148 3543 1711 3615 Claristnsaene'tintranenrandnmpec-

61 3634 193 3707 iuquiens,
220 3632 366 3702 imperator
394 3632 533 3703 Auguste,
558 3628 657 3701 quibus
680 3627 864 3701 principaliter
913 3632 1122 3688 catoressalaos
1133 3634 1236 3703 facere.
1255 3631 1356 3686 Omnes
1375 3632 1452 3686 enim
1466 3635 1665 3703 peccaverant,
1682 3636 1712 3687 ct

61 3723 173 3779 mundus
187 3720 235 3775 hic
250 3720 365 3792 regitur,
388 3717 536 3774 auctoritas
559 3732 637 3772 sacra
651 3716 820 3787 pontilicum,
838 3724 865 3771 et
913 3724 995 3791 spent
1010 3720 1100 3790 picria
1115 3721 1164 3775 Dei
1176 3718 1265 3788 (tlara.
1283 3735 1310 3785 v,
1328 3721 1382 3788 lt).

61 3811 157 3884 regalis
172 3815 306 3881 potestas,
322 3807 350 3861 in
365 3806 463 3878 quibus
484 3813 557 3861 tanto
573 3804 685 3878 gravius
700 3812 741 3859 est
755 3805 863 3876 pondus
949 3808 982 3862 ll.
999 3809 1041 3864 lld
1056 3808 1120 3880 quid
1135 3807 1249 3878 apostoli
1264 3807 1297 3860 ab
1313 3821 1346 3862 eo
1362 3815 1423 3861 sunt
1436 3807 1563 3873 ordinati,
1578 3807 1638 3879 ipse
1650 3822 1710 3862 ma·

62 3900 243 3962 acerdotum,
255 3903 355 3969 quanto
364 3895 445 3952 etiam
455 3911 505 3966 pro
519 3893 586 3966 ipsis
597 3894 710 3967 regibus
723 3893 863 3947 nominum
912 3895 1021 3951 allestat
1030 3897 1139 3952 dicem:
1152 3898 1220 3952 dccc
1231 3912 1279 3967 epo
1287 3898 1371 3952 raritto
1381 3913 1436 3952 vos.
1448 3897 1498 3964 lte,
1511 3895 1605 3952 docete
1614 3913 1711 3953 omnes

62 3987 202 4045 indiviae
226 3983 356 4040 reddituri
385 3990 447 4040 sunt
474 3982 601 4038 examine
628 3981 773 4037 rationem.
803 3982 862 4037 No·
912 3989 1018 4056 pentes,
1033 3985 1211 4057 baptizantes
1222 4001 1266 4041 eos
1277 3985 1431 4040 laetamine
1442 3985 1546 4050 Patris,
1557 3989 1585 4040 et
1595 3985 1672 4054 Filii,
1684 3989 1713 4041 ct

64 4078 89 4132 sti
111 4075 234 4141 etenim,
250 4073 288 4128 nli
304 4072 530 4138 clementissime,
574 4071 649 4143 quod
681 4070 743 4125 licet
763 4070 862 4143 pracsi-
912 4075 1035 4144 Spiritus
1046 4075 1149 4138 soracti,
1160 4072 1289 4129 docentes
1298 4089 1343 4129 cos
1352 4073 1568 4129 scranrcomnta
1579 4089 1712 4146 quesan-

66 4165 122 4222 dtas
145 4166 271 4220 humano
294 4161 389 4234 generi
412 4160 560 4232 dignitate.
578 4175 670 4215 tetum
686 4167 775 4214 tamen
790 4174 862 4228 prae·
912 4161 1111 4234 permundari
1135 4161 1208 4216 vobis
1224 4162 1302 4231 (Lac.
1319 4177 1347 4225 x,
1364 4164 1399 4227 33
1416 4161 1512 4217 ldnttb.
1534 4176 1636 4228 xnvrrr,
1653 4163 1708 4232 ta).

66 4255 160 4310 salibus
185 4251 344 4308 divinarum
358 4249 472 4306 devotus
489 4248 558 4304 colla
573 4247 708 4315 submitis,
736 4255 816 4317 atque
827 4245 862 4302 ab
912 4250 956 4305 Sic
968 4250 1062 4305 laceat
1077 4250 1129 4305 las
1144 4253 1236 4304 vestro
1252 4266 1347 4305 corana
1369 4250 1537 4314 lectricibus,
1550 4253 1584 4304 at
1595 4249 1709 4306 videant

67 4343 95 4398 cis
114 4356 217 4399 musas
238 4347 291 4395 tuae
315 4337 409 4393 salutis
441 4345 601 4409 exspectas,
616 4335 698 4408 inque
722 4335 861 4390 sumendis
910 4338 1710 4410 operarestrnbona,ctplorittcentt’atrcmvestramque

68 4431 216 4487 coelestibus
241 4426 429 4491 sacramentis,
446 4426 540 4496 eisque
569 4432 598 4479 ut
620 4423 750 4494 competit
764 4423 860 4493 dispo·
875 4413 943 4480 Dia
958 4427 1034 4483 ccctis
1049 4429 1091 4481 cst
1107 4425 1215 4496 (llattb.
1233 4441 1260 4494 ν,
1278 4427 1332 4494 to).

67 4518 160 4586 tendis,
177 4515 259 4573 subdi
276 4522 302 4570 te
326 4514 428 4571 debere
450 4513 596 4587 cognoscis
611 4512 752 4583 religionis
767 4511 861 4567 ordine
948 4514 994 4568 lll.
1012 4515 1115 4569 Herum
1130 4513 1158 4567 in
1172 4512 1296 4568 Ecclesia
1308 4512 1398 4568 lecum
1421 4519 1512 4567 tenent
1525 4511 1656 4583 episcopi,
1673 4512 1707 4567 de

67 4607 144 4674 potius
168 4621 253 4678 quam
275 4619 405 4674 praeesse.
431 4602 510 4658 Nosti
534 4601 625 4672 itaque
650 4600 720 4655 inter
747 4601 805 4656 haec
828 4617 861 4654 en
911 4602 1009 4674 quibus
1023 4602 1101 4674 quasi
1115 4617 1163 4661 ore
1179 4602 1214 4657 ad
1228 4617 1259 4657 os
1274 4600 1416 4673 alloquens
1426 4599 1576 4655 Ecclesiam
1586 4616 1636 4669 per
1645 4615 1709 4670 apo-

67 4692 161 4750 illonnn
181 4702 209 4748 te
222 4691 344 4764 pendere
364 4690 476 4761 judicio,
494 4705 547 4746 nou
563 4689 623 4744 illes
644 4689 677 4744 ad
694 4696 767 4744 tuam
791 4688 861 4745 velle
912 4691 995 4746 stolas
1017 4690 1166 4757 laudatam,
1192 4690 1290 4760 Spiritu
1312 4697 1404 4744 sancto
1433 4687 1537 4742 ablatus
1565 4687 1707 4742 Psalmista

68 4783 142 4856 adigi
168 4782 349 4837 voluntatem.
371 4779 399 4835 Si
427 4779 509 4846 enim,
539 4786 668 4851 quantum
683 4778 718 4832 ad
735 4778 860 4833 ordinem
910 4780 1051 4851 praecinuit
1066 4780 1160 4835 dicens
1177 4796 1182 4834 :
1199 4783 1252 4835 Pro
1275 4779 1404 4852 patribus
1426 4777 1572 4832 natisunt
1588 4777 1637 4832 tihi
1651 4777 1707 4847 fitis·

68 4872 172 4938 pertinet
186 4869 303 4941 publicae
323 4867 482 4939 disciplinae,
502 4874 701 4939 cognoscentes
715 4865 860 4936 imperium
911 4869 998 4939 (Prot.
1015 4884 1090 4933 xciv,
1109 4871 1171 4938 l‘l);
1188 4869 1234 4938 qui
1248 4866 1404 4921 ordinantur
1428 4864 1538 4936 singuli,
1555 4866 1705 4922 secundnm

67 4957 102 5013 tibi
116 4974 234 5031 superna
257 4956 436 5027 dispositione
459 4956 598 5022 collatum,
616 4954 725 5027 legibus
741 4954 793 5009 tuis
808 4944 860 5026 ipsi
910 4957 1086 5028 apostolicam
1110 4955 1290 5021 traditionem,
1313 4970 1361 5023 per
1381 4952 1502 5024 singulas
1520 4953 1653 5021 civitates,
1679 4963 1706 5010 et

67 5063 160 5120 unque
175 5053 273 5118 parent
287 5044 427 5118 religionis
465 5043 608 5110 antistites,
623 5060 658 5099 ne
681 5043 725 5099 rel
734 5043 760 5096 in
776 5042 859 5098 rebus
910 5045 978 5100 sicut
989 5045 1023 5101 ad
1037 5045 1124 5100 Titum
1141 5042 1233 5097 scribit
1263 5041 1432 5112 Apostolus:
1451 5044 1547 5114 llnjas,
1568 5042 1702 5115 inquiens,

67 5133 180 5191 humanis
208 5135 329 5209 exclusas
347 5132 490 5189 videantur
506 5132 617 5189 obviare
634 5131 787 5199 sentcntiae,
804 5144 858 5202 quo
909 5136 952 5189 rei
960 5132 1163 5205 pratiarelipal
1174 5135 1199 5186 tc
1212 5131 1351 5196 destruat
1362 5131 1702 5203 eaqaoedcsnntcorripca

66 5239 122 5298 tego
141 5233 169 5281 te
192 5224 271 5280 decet
296 5221 395 5279 affectu
411 5222 452 5277 eis
466 5221 589 5288 obedire,
606 5221 652 5292 qui
668 5220 858 5292 praerogandis
908 5219 1671 5293 ctconstitanspersinpalnsciuitatespresbyterasffit.
1682 5235 1700 5286 1,

65 5313 252 5369 renerabilibus
268 5319 332 5367 sunt
347 5311 467 5366 attributi
479 5310 641 5382 mysteriis?
656 5308 774 5364 Proinde
788 5308 858 5364 sicut
909 5314 946 5380 5),
963 5311 989 5364 id
1005 5318 1046 5365 est
1060 5309 1213 5379 episcopos,
1230 5308 1298 5363 sicut
1321 5309 1403 5380 paulo
1427 5316 1487 5378 post
1508 5307 1676 5363 demonstrat
1695 5328 1702 5364 :

65 5417 110 5458 non
132 5403 192 5460 lere
214 5400 366 5458 discnnem
386 5399 516 5455 incumbit
539 5396 732 5471 pontificibus,
751 5397 857 5452 siluisse
910 5400 1030 5470 Oportet,
1039 5397 1702 5471 inquit,episcopansstrrecrimt'necssclibid,7).

64 5505 106 5560 pro
131 5490 278 5548 divinitatis
306 5488 380 5546 cultu
410 5488 483 5559 quod
498 5486 624 5561 congruit
640 5504 646 5541 :
661 5486 699 5540 ita
712 5485 765 5552 his,
782 5486 856 5557 quod
906 5485 1058 5558 Episcopus
1073 5485 1145 5541 enim
1159 5502 1260 5543 nomen
1273 5494 1315 5542 est
1325 5485 1414 5555 officii,
1427 5484 1497 5541 sicut
1506 5485 1651 5558 presbyter
1661 5497 1705 5542 est
