3826 6098
135 211 187 266 l99
497 237 502 241 -
597 196 769 256 unledam
797 192 999 252 RHEMENSIS
1013 188 1293 249 ARCHIEPISCOPI.
1732 188 1785 244 1500

135 330 233 398 iactus,
249 335 278 383 ut
290 328 324 384 de
335 326 430 384 Judaea
445 324 576 382 Dominus
597 322 719 397 queritur
732 322 799 393 (fer.
817 335 855 390 vr,
872 322 905 373 ta
923 337 930 387 ;
945 317 1055 381 Dnires
1066 324 1252 385 contemnens,
1264 315 1334 370 adeo
1346 312 1464 369 illumad
1473 311 1643 369 iracundiam
1652 325 1786 385 provoca·

135 434 197 485 vur,
218 418 272 488 tit),
293 417 384 473 nescis
403 415 577 483 embescere,
590 420 617 468 et
632 410 679 465 tibi
700 426 754 465 nou
770 417 812 464 est
831 420 935 462 nausea
985 406 1029 475 sti,
1042 405 1111 462 sicut
1125 419 1221 459 omnes
1234 403 1262 457 in
1275 403 1334 458 istis
1343 402 1501 476 regionibus
1512 402 1611 468 sciunt,
1626 408 1656 454 ut
1670 407 1785 456 coactus

135 506 199 563 talia
214 513 240 562 et
253 512 328 561 tanta
342 504 472 572 scribere,
482 502 535 558 nisi
545 500 673 572 quoniam
685 499 742 568 jam
755 496 866 552 utilibus
879 511 934 550 nou
984 502 1010 549 te
1024 509 1075 565 per
1090 491 1186 548 fideles
1201 508 1265 547 suos
1280 491 1350 547 sicut
1364 490 1501 546 infidelem
1516 486 1664 561 appeteret.
1681 489 1721 543 Tu
1736 503 1787 543 au·

137 610 167 652 es
180 594 309 664 intentus,
330 606 420 665 neque
437 592 464 646 in
490 588 655 653 necessariis
678 594 832 658 occupatus.
857 584 892 638 Et
905 589 935 638 ut
985 589 1039 637 tem
1055 590 1117 636 aute
1135 580 1281 635 inauditam
1302 578 1609 636 excommunicationem
1622 577 1650 632 in
1665 592 1744 632 meos
1758 584 1787 631 et

135 682 170 740 de
184 682 244 739 aliis
260 689 376 750 taceam,
393 696 454 752 quae
469 678 492 733 si
504 695 537 734 ex
556 678 651 734 ordine
665 676 776 732 voluero
791 672 933 745 replicare,
984 669 1132 724 multorum
1153 669 1419 741 archiepiscoporum
1440 674 1466 722 et
1488 667 1677 738 episcoporum
1697 680 1786 737 paro-

135 779 214 828 antea
229 769 337 828 deficiet
350 769 396 825 lux
412 768 518 834 diurna,
536 781 617 838 quam
632 764 750 838 legenda
760 762 858 818 exinde
873 757 938 816 deii·
985 758 1107 828 chianos,
1124 757 1173 814 sed
1187 764 1214 812 et
1228 757 1256 812 in
1269 757 1358 828 ipsum
1373 772 1477 830 regem,
1495 755 1553 809 sine
1568 769 1630 810 mea
1644 753 1788 810 conscien-

135 859 189 918 ciat
212 859 322 933 pagiua,
346 857 484 929 replicabo
503 855 551 910 tibi
573 854 673 926 aliqua,
701 868 761 924 quae
783 864 839 905 uon
859 849 937 906 valeo
985 848 1020 901 tia
1044 853 1140 902 contra
1170 861 1263 901 sacras
1291 844 1401 918 regulas
1425 843 1561 914 jaculasti.
1585 842 1663 898 Unde
1684 841 1787 897 multos

134 964 186 1007 nec
200 948 287 1003 debeo
311 947 417 1003 silentio
441 943 590 1016 praeterire.
614 940 747 997 Videlicet
767 938 828 1011 quia
846 938 934 992 statim
987 933 1186 1005 scandalizasti,
1211 942 1238 989 et
1261 933 1409 988 maximum
1427 931 1593 987 ‘scandalum
1615 946 1670 986 non
1694 929 1786 986 solum

134 1045 166 1093 ut
179 1051 196 1093 a
209 1044 331 1109 patemae
345 1035 409 1090 nido
424 1030 590 1089 educationis
605 1029 693 1085 factus
708 1027 852 1099 episeopus
867 1041 935 1082 evo·
986 1023 1126 1092 Ecclesiae,
1153 1023 1243 1078 sedet
1263 1021 1323 1092 regi
1343 1037 1374 1076 ac
1398 1035 1484 1094 regno
1505 1018 1628 1085 intulisti,
1655 1034 1719 1075 cum
1740 1018 1786 1074 lex

134 1124 206 1192 lasti,
223 1133 250 1180 et
265 1132 346 1180 meet
361 1139 409 1180 eos
424 1121 471 1194 qui
481 1119 634 1175 nutrierunt
649 1114 802 1184 descmisti,
813 1122 840 1170 et
854 1129 937 1170 saecu·
985 1112 1127 1183 prohibeat
1140 1119 1168 1166 ut
1182 1126 1233 1182 per
1254 1110 1372 1165 alienam
1392 1124 1512 1164 messem
1535 1107 1670 1164 tmnsiens
1684 1106 1787 1163 falcem

133 1212 206 1269 lares
221 1212 354 1269 amicitias
376 1220 457 1283 atque
478 1206 674 1264 familiaritates
696 1202 827 1283 quaesisti,
845 1211 870 1258 et
885 1218 935 1260 ac·
986 1216 1042 1257 non
1055 1200 1155 1270 mittas,
1172 1199 1221 1255 sed
1241 1215 1323 1254 manu
1338 1198 1428 1270 spicas
1443 1204 1568 1254 conteras
1591 1204 1618 1252 et
1630 1195 1786 1252 manduces

134 1300 249 1376 quisisti,
270 1308 297 1357 et
318 1299 358 1356 sic
382 1296 497 1354 subinde
520 1295 588 1350 alios
613 1303 638 1350 et
660 1293 728 1349 alios
752 1293 883 1348 deserens
909 1299 936 1347 et
987 1290 1082 1360 (Dent.
1096 1289 1247 1359 xxixnib).
1262 1284 1802 1359 aFalcem,inquitbeatusGregorius,·

137 1390 292 1463 acquirens,
315 1402 371 1442 non
389 1385 478 1441 solum
493 1384 528 1440 de
542 1382 724 1454 comparibus,
744 1380 794 1436 sed
814 1380 895 1436 etiam
910 1384 936 1436 et
983 1377 1080 1447 judicii
1102 1376 1207 1433 mittere
1230 1392 1286 1432 nou
1306 1383 1385 1447 potes
1399 1375 1427 1429 iu
1442 1390 1476 1430 ea
1490 1381 1594 1447 segete,
1619 1389 1681 1446 qum
1705 1372 1787 1430 alteri

135 1478 170 1533 de
184 1477 232 1532 tihi
248 1474 412 1543 commissis,
429 1473 526 1529 adhoc
541 1470 687 1540 emersisti,
699 1476 830 1525 utcontra
845 1483 937 1524 sacras
987 1466 1169 1522 videturesse
1184 1464 1339 1534 commissa,
1355 1462 1403 1519 sed
1414 1479 1463 1535 per
1477 1461 1601 1518 effectum
1611 1461 1677 1517 boni
1690 1461 1786 1533 operis

132 1565 317 1621 antiochenas
346 1561 468 1635 regulas,
499 1560 688 1632 precipientes
711 1566 741 1613 ut
763 1565 861 1629 praeter
891 1572 935 1612 me
985 1553 1119 1610 frumenta
1133 1553 1275 1609 [lominica
1292 1551 1418 1608 vitiorum
1434 1549 1648 1622 suorum-paleis
1663 1549 1784 1617 excoria,

133 1663 217 1721 agere
242 1646 310 1702 nihil
332 1647 443 1716 debeas,
471 1644 622 1701 secundum
649 1643 788 1715 antiquam
810 1641 933 1696 Patribus
947 1673 974 1735 Β
988 1649 1014 1698 et
1037 1642 1064 1697 in
1091 1641 1223 1698 Ecclesiae
1251 1657 1350 1712 corpus
1378 1640 1513 1696 monendo
1542 1645 1569 1695 et
1591 1638 1786 1710 persuadendo

132 1735 233 1792 nostris
247 1735 372 1807 regulam
391 1734 573 1800 constitutam,
589 1731 641 1788 uisi
663 1746 696 1787 ea
706 1739 809 1785 tantum
825 1747 884 1802 quae
898 1729 933 1784 ad
985 1730 1063 1803 quasi
1078 1730 1233 1786 mandendo
1249 1737 1405 1792 converte.»
1418 1729 1481 1784 Post
1496 1744 1575 1799 quam
1589 1726 1785 1799 praesumptio-

131 1824 369 1896 tuamparochiam
379 1823 525 1896 pertinent,
536 1818 931 1894 possessionesquesuhjectas,
983 1835 1057 1886 nem,
1087 1819 1216 1875 adhibitis
1245 1833 1354 1874 mecum
1381 1815 1560 1873 confratribus
1587 1815 1699 1881 nostris,
1718 1823 1746 1871 te
1760 1823 1788 1871 et

133 1911 193 1968 siue
207 1927 268 1969 mea
283 1910 326 1968 vel
346 1911 569 1983 coepiscoporum
589 1916 746 1964 nostrorum
768 1905 935 1963 conscientia
984 1923 1044 1965 cum
1061 1923 1093 1963 eo
1110 1906 1263 1979 pacificavi,
1279 1915 1305 1962 et
1316 1906 1461 1978 episcopis,
1474 1921 1587 1978 quorum
1600 1903 1786 1976 parochianos

132 2000 394 2058 administrationem
406 2000 434 2054 in
446 1999 547 2071 palatio
562 1998 655 2053 domni
670 1997 745 2067 regis
759 1993 933 2051 obtinueris:
984 1996 1233 2062 excommunicasti,
1258 2003 1288 2050 ut
1312 2002 1338 2050 te
1363 1995 1391 2049 iu
1415 1992 1540 2065 synodali
1567 1992 1704 2048 sententia
1728 2008 1785 2048 non

132 2105 214 2162 quam
241 2088 505 2144 administrationem
527 2086 575 2141 tibi
598 2101 692 2142 coram
714 2084 811 2140 eodem
834 2084 933 2139 domno
982 2085 1143 2141 inveherent
1163 2084 1310 2156 persuasi:
1328 2084 1376 2140 sed
1398 2091 1424 2139 et
1447 2083 1559 2138 eosdem
1579 2097 1596 2137 a
1620 2090 1647 2137 te
1669 2097 1784 2138 excom-

131 2193 208 2250 rege,
226 2177 326 2234 etaliis
349 2176 397 2249 qui
411 2175 557 2232 adfuerunt
573 2191 606 2230 ex
622 2173 709 2230 sacris
730 2171 831 2244 regulis
846 2172 934 2227 inter·
983 2174 1144 2243 muricatos,
1174 2173 1237 2230 licet
1264 2188 1317 2227 non
1351 2172 1409 2227 sine
1438 2171 1539 2236 labore,
1568 2169 1784 2228 adminiculante

131 2266 198 2332 dixi,
227 2272 254 2321 et
289 2263 446 2336 aliquandiu
479 2264 513 2318 ab
542 2262 775 2318 administratione
810 2260 932 2317 cessasti.
984 2263 1084 2319 domno
1099 2279 1175 2335 rege,
1190 2263 1336 2318 adversum
1344 2268 1371 2317 et
1380 2260 1575 2333 conquiescere
1591 2258 1654 2315 feci.
1671 2258 1727 2315 Sed
1743 2269 1782 2330 tu,

129 2354 229 2410 Postea
245 2359 333 2408 autem
348 2367 397 2424 per
416 2359 533 2418 exteras,
550 2351 577 2406 id
592 2357 634 2405 est
650 2349 796 2405 seaculares
810 2356 934 2420 potesta·
983 2352 1086 2407 addens
1099 2351 1193 2422 peiora
1215 2349 1364 2422 prioribus,
1378 2349 1418 2405 sic
1428 2349 1556 2405 domnum
1577 2364 1684 2420 regem,
1712 2348 1785 2404 sicut

129 2449 184 2512 tes,
200 2447 292 2497 contra
311 2439 491 2497 sardicenses
513 2453 645 2506 canones,
668 2438 792 2493 eamdem
814 2436 934 2493 admini-
983 2440 1049 2494 mihi
1072 2439 1184 2512 longum
1206 2447 1247 2494 est
1269 2454 1399 2494 enarrare
1420 2435 1537 2494 etmulti
1557 2436 1657 2504 sciunt,
1683 2436 1785 2492 iterum

131 2529 292 2585 strationem
316 2544 377 2585 cum
402 2527 510 2583 abbatia
533 2528 561 2582 in
586 2526 664 2582 tertia
688 2525 838 2602 provincia,
863 2525 935 2581 ultra
983 2528 1166 2601 exaggerasti,
1182 2536 1210 2582 ut
1225 2542 1309 2583 causa
1333 2534 1385 2582 tuae
1408 2525 1592 2600 castigationis
1606 2533 1632 2581 te
1649 2526 1710 2582 siue
1723 2542 1787 2582 mea

132 2619 315 2677 Rhemensem
329 2617 507 2690 provinciam,
531 2617 590 2672 siue
605 2632 665 2672 mea
680 2615 847 2672 couscientia
860 2614 934 2670 obti-
982 2618 1130 2683 voluntate,
1149 2616 1261 2688 sineque
1274 2631 1337 2671 meo
1350 2631 1495 2685 consensu,
1516 2614 1716 2688 aliquantulum
1732 2615 1783 2671 de·

131 2707 223 2763 utristi.
239 2707 281 2763 td
304 2722 387 2778 quam
406 2706 554 2775 abbatiam,
571 2705 630 2760 siue
648 2721 709 2760 mea
727 2703 846 2769 licentia,
863 2719 934 2775 quo·
982 2705 1061 2761 tineri
1081 2706 1198 2775 juberet.
1220 2705 1259 2761 Tu
1281 2720 1346 2761 vero
1367 2720 1450 2761 causa
1469 2712 1521 2760 tuae
1538 2703 1655 2774 injuriae,
1678 2720 1726 2760 me
1738 2703 1784 2759 iu-

133 2796 186 2853 ties
207 2795 255 2851 tibi
279 2794 380 2866 placuit
402 2794 557 2865 perrexisti,
574 2802 600 2848 et
621 2794 740 2866 quandiu
764 2792 811 2846 tibi
835 2791 935 2862 placuit
984 2795 1118 2861 consulto,
1131 2802 1158 2849 et
1168 2793 1226 2849 sine
1236 2809 1372 2850 consensu
1383 2793 1608 2865 coepiscopomm
1618 2791 1784 2849 llbemensis

132 2883 236 2939 ibidem
259 2882 333 2938 fuisti
356 2883 527 2949 immoratus,
559 2889 652 2937 contra
677 2881 761 2936 Hilari
782 2896 860 2951 papae
883 2879 934 2935 de·
982 2882 1140 2956 provinciae,
1164 2882 1234 2939 sicut
1254 2883 1346 2953 petitio
1362 2882 1500 2939 aelericis
1523 2880 1716 2937 Laudunensis
1735 2898 1784 2939 ec-

133 2979 208 3029 creta
222 2970 337 3027 dicentis
352 2970 612 3043 (epist.8cdepiac.
632 2968 757 3038 Gallioelz
772 2968 865 3022 «illud
880 2983 935 3023 non
985 2972 1076 3029 clesiae
1100 2971 1165 3026 mihi
1194 2979 1321 3043 porrecta
1347 2972 1524 3041 demonstrat,
1554 2970 1736 3042 presbyteros
1759 2979 1787 3028 et

132 3059 270 3131 potuimus
294 3058 445 3132 preterire,
468 3058 540 3130 quod
562 3056 741 3112 sollicitudine
762 3028 1185 3128 diligentioreceommiuistros
1208 3060 1331 3118 ecclesiae
1353 3075 1385 3117 ao
1407 3060 1545 3132 parochiae
1564 3059 1612 3114 tihi
1626 3059 1784 3117 commissa

134 3149 286 3204 curandum
302 3155 354 3214 est,
369 3163 404 3203 ne
426 3155 527 3219 praeter
540 3145 812 3218 metropolitanorum
826 3161 936 3200 suorum
984 3149 1236 3216 excommunicasti,
1257 3157 1285 3204 ut
1300 3165 1379 3205 nemo
1394 3149 1423 3204 in
1444 3148 1540 3204 eadem
1556 3148 1691 3220 parochia
1713 3148 1783 3204 mis-

130 3234 237 3294 litteras
250 3236 333 3309 aliqui
349 3237 470 3309 episcopi
485 3237 520 3292 ad
534 3234 682 3308 quamlibet
699 3234 866 3306 prouinciam
884 3251 934 3290 au·
984 3252 1076 3292 sarum
1086 3237 1172 3295 officia
1186 3238 1347 3305 celebraret,
1359 3237 1496 3294 neminem
1508 3237 1685 3309 paruulorum
1702 3238 1783 3294 etiam

132 3326 214 3383 deaut
234 3324 389 3398 proficisci:
402 3327 476 3398 quod
498 3326 581 3380 etiam
594 3324 622 3380 in
636 3323 710 3380 omui
729 3339 831 3395 genere
852 3317 933 3380 officii
982 3326 1012 3381 in
1025 3327 1120 3382 mortis
1140 3327 1263 3400 urgentis
1282 3325 1404 3398 periculo
1426 3326 1600 3382 constitutum
1618 3326 1783 3398 baptizaret,

132 3415 266 3473 clericalis
281 3432 330 3487 per
355 3415 477 3488 singulas
499 3414 581 3471 debet
595 3414 726 3471 ecclesias
749 3413 931 3482 custodiri3»
983 3415 1086 3470 nullum
1109 3416 1144 3471 ad
1166 3415 1352 3487 paenitentiam
1375 3416 1520 3488 quisquam
1544 3414 1706 3487 susciperet,
1732 3431 1785 3474 nec

133 3512 161 3561 et
181 3505 222 3560 sio
244 3512 324 3561 autea
347 3503 480 3570 Zosimus,
497 3511 522 3559 et
536 3511 632 3575 postea
653 3511 763 3558 sanctus
786 3501 934 3573 Gregorius
983 3503 1063 3559 etiam
1087 3504 1195 3560 obeunti
1224 3503 1412 3560 communione
1439 3503 1535 3560 viatica
1557 3503 1680 3560 muneris
1715 3504 1784 3560 suh·

133 3592 323 3650 decreverunt.
353 3593 488 3649 Praetarea
512 3608 630 3665 quoque,
655 3591 792 3647 semelae
815 3589 935 3645 secundo
982 3593 1096 3658 veniret,
1125 3592 1192 3647 nulli
1216 3592 1343 3649 defuncto
1364 3593 1392 3648 iu
1420 3592 1577 3663 sepeliendo
1604 3592 1784 3649 humanitatis

131 3680 230 3738 litteris
244 3680 383 3738 canonicis
405 3687 532 3738 evocatus
546 3680 580 3734 ad
601 3679 798 3735 ordinationem
813 3678 933 3749 episcopi
982 3681 1143 3753 obsequium
1162 3680 1311 3747 exhiberet,
1337 3682 1423 3738 donec
1437 3689 1483 3736 aut
1497 3689 1526 3736 tu
1543 3680 1603 3752 ipse
1616 3681 1651 3736 ad
1666 3697 1716 3738 eos
1733 3699 1784 3739 ve·

131 3768 160 3825 in
171 3767 657 3826 ecclesiaCameracensillhemeusis
666 3766 814 3838 provinciae
823 3774 933 3836 pastore
981 3770 1065 3837 uires,
1081 3778 1128 3825 aut
1141 3787 1156 3824 a
1170 3771 1235 3826 sede
1256 3770 1405 3841 apostolica
1418 3770 1481 3826 inde
1490 3769 1649 3826 relationem
1670 3771 1783 3845 recipe-

132 3857 271 3922 destituta,
289 3857 361 3912 uude
375 3856 525 3928 apostolica
543 3856 624 3911 sedes
638 3871 682 3910 me
698 3861 863 3928 suggerente
877 3869 933 3909 non
982 3865 1049 3914 rent.
1067 3858 1146 3928 Quod
1171 3858 1295 3928 audiens,
1321 3857 1415 3928 fateor,
1439 3859 1615 3915 vehementer
1638 3858 1782 3931 exhorrui,

129 3945 237 4001 modice
247 3943 392 4013 laboravit,
402 3961 452 4002 nec
463 3944 521 4015 ipse
531 3944 638 4010 venisti,
650 3959 757 4014 necpro
767 3951 794 3999 te
803 3942 932 3999 vicariam
981 3953 1008 4002 et
1030 3946 1144 4018 proinde
1157 3948 1192 4003 ad
1207 3956 1233 4003 te
1251 3948 1456 4019 metropolitana
1475 3947 1657 4003 sollicitudine
1677 3947 1784 4004 litteras

129 4048 285 4105 personam,
300 4032 455 4088 vellitteras
465 4031 503 4087 tui
515 4047 675 4097 consensus,
687 4039 717 4086 ut
726 4031 830 4103 regulae
844 4047 932 4088 sacrm
980 4035 1052 4102 misi,
1077 4051 1191 4091 monens
1201 4043 1228 4090 et
1240 4037 1352 4092 hortans
1367 4045 1403 4103 te,
1418 4044 1518 4092 uttam
1541 4035 1711 4092 exitiabilem
1732 4054 1784 4093 ex·

131 4120 301 4193 precipiunt,
318 4120 353 4176 ad
368 4137 412 4177 me
427 4120 558 4176 direxisti.
574 4121 652 4177 Unde
669 4120 848 4192 Symmachus
860 4136 931 4194 papa
980 4124 1251 4180 communicationem
1280 4133 1306 4180 et
1334 4124 1479 4197 impietatis
1505 4124 1724 4198 colligationem,
1756 4126 1783 4183 in

130 4210 165 4266 ad
174 4209 300 4266 AEonium
310 4226 343 4265 cx
353 4210 440 4266 sacris
451 4209 552 4283 regulis
560 4210 744 4283 promulgavit
754 4210 930 4283 (epietllad
980 4219 1053 4268 tuum
1075 4220 1101 4267 et
1124 4212 1268 4269 multomm
1289 4213 1441 4285 periculum
1464 4213 1633 4281 intentatam,
1658 4222 1781 4286 quanto-

131 4299 307 4370 Coeaarz'ttm),
327 4320 338 4349 ι
356 4306 382 4353 ut
399 4299 422 4354 si
436 4298 547 4370 quilibet
562 4299 706 4370 episcopus
720 4298 930 4371 metropolitano
979 4301 1037 4357 cius
1053 4301 1184 4358 solveres.
1209 4301 1262 4358 Sed
1278 4309 1304 4358 et
1318 4303 1355 4358 ad
1367 4302 1505 4358 ministros
1527 4302 1718 4360 Laudunensis
1732 4318 1781 4361 ec-

129 4385 251 4460 pontifici
262 4387 340 4456 juxta
362 4387 520 4444 canonicam
540 4386 728 4443 diffinitionem
748 4394 857 4443 vocatus
876 4388 928 4442 ob·
942 4383 1080 4456 Delosiae,
1097 4390 1195 4445 timens
1211 4391 1328 4446 immane
1340 4391 1485 4447 multomm
1507 4390 1628 4459 exitium,
1653 4392 1781 4449 certissi-

128 4483 282 4548 temperare
302 4475 426 4545 uoluerit,
454 4475 559 4531 noverit
580 4475 775 4531 succidendum
794 4491 833 4543 se,
857 4475 929 4547 quod
978 4494 1037 4534 mas
1051 4485 1078 4534 et
1097 4477 1297 4552 irrefragabiles
1319 4479 1492 4551 diffinitiones
1513 4479 1681 4554 evangelicae
1703 4481 1781 4537 veri-

126 4579 181 4620 non
196 4570 333 4637 optamus,
346 4562 532 4620 ecclesiastica
547 4563 699 4634 disciplina.
712 4585 724 4613 ι
737 4564 828 4620 Sedet
842 4564 929 4619 hinca
977 4568 1050 4633 tatis,
1081 4574 1108 4623 et
1135 4568 1290 4638 apostolica
1317 4568 1494 4638 auctoritatis,
1522 4575 1602 4641 atque
1631 4585 1781 4626 sacrorum

125 4668 170 4708 me
199 4659 358 4721 conventus,
387 4651 491 4707 nullam
516 4650 737 4717 satisfactionem,
768 4666 820 4707 nec
847 4651 927 4707 etiam
978 4670 1114 4712 canonum
1129 4665 1155 4711 et
1174 4656 1331 4728 apostolicae
1356 4657 1429 4712 sedis
1452 4657 1547 4725 direxi,
1571 4665 1708 4730 quatenus
1732 4674 1780 4716 se-

125 4739 226 4795 humile
248 4755 412 4812 responsum
434 4740 499 4795 mihi
515 4754 546 4794 ac
568 4739 738 4811 coepiscopis
757 4739 858 4795 nostris
877 4756 927 4796 ex·
977 4746 1096 4801 cundum
1118 4745 1230 4801 easdem
1253 4745 1437 4814 diffinitiones,
1459 4762 1519 4818 quae
1534 4746 1562 4801 in
1584 4745 1660 4802 nullo
1683 4746 1781 4804 divelli

129 4826 249 4883 bibuisti.
266 4827 329 4882 Post
344 4828 413 4895 haec,
428 4843 505 4884 more
523 4837 576 4883 tuae
590 4827 773 4884 instabilitatis
785 4844 816 4884 ac
830 4829 927 4884 incon·
977 4840 1100 4904 possunt,
1115 4850 1149 4889 ex
1163 4834 1261 4889 eadem
1284 4833 1436 4907 periculosa
1450 4841 1477 4890 et
1489 4834 1637 4908 irregulari
1660 4850 1779 4892 excom·
1800 4814 1808 4831 ⁶

125 4914 242 4984 stantiae,
263 4922 359 4970 eontra
383 4916 512 4971 domnum
537 4932 631 4989 regem
655 4916 682 4970 in
706 4923 808 4971 tantum
828 4925 854 4972 te
867 4917 927 4972 siue
975 4921 1156 4978 municatioue
1177 4931 1289 4994 agerent
1311 4931 1338 4978 et
1356 4922 1407 4995 ipsi
1439 4923 1515 4978 satis.
1542 4922 1595 4979 Sed
1619 4923 1685 4994 quia
1707 4939 1780 4981 meae

126 5003 231 5060 ratione
254 5004 449 5060 contumaciter
476 5005 594 5071 erexisti,
615 5012 643 5059 ut
663 5014 689 5060 et
710 5004 925 5061 administratio·
975 5009 1152 5065 admonitioni
1175 5010 1286 5066 obedire
1301 5026 1355 5067 non
1371 5011 1488 5078 voluisti,
1508 5009 1570 5065 misi
1584 5010 1619 5066 ad
1633 5018 1662 5068 te
1675 5011 1779 5068 iterum

126 5107 191 5149 uem
208 5090 367 5164 palatinam,
387 5100 413 5148 et
429 5093 515 5164 ipsam
531 5093 666 5148 abbatiam
686 5092 733 5147 tibi
748 5092 876 5159 auferret,
898 5102 926 5150 et
976 5097 1073 5153 exinde
1095 5097 1209 5167 litteras,
1235 5099 1284 5154 sed
1299 5107 1325 5154 et
1340 5099 1455 5156 clericos
1478 5098 1665 5157 Laudunensis
1688 5115 1778 5172 paro-

123 5197 138 5237 a
153 5189 179 5237 te
193 5187 376 5255 exaggeratus
391 5181 502 5236 duriora
515 5181 667 5254 ingerenda
681 5181 728 5236 tibi
742 5189 923 5252 proponeret:
975 5185 1052 5252 chiae,
1069 5194 1096 5241 et
1110 5202 1161 5243 uec
1175 5187 1214 5242 sic
1228 5195 1255 5243 te
1268 5188 1302 5243 ad
1322 5188 1505 5244 obediendum
1526 5186 1641 5244 invitare
1662 5205 1779 5260 praeva·

124 5268 197 5324 uude
213 5278 238 5324 et
253 5270 360 5341 scriptis
379 5277 405 5325 et
419 5269 511 5325 verbis
529 5285 579 5340 pro
594 5276 620 5325 te
635 5277 765 5343 satagens
785 5270 860 5325 illum
876 5266 924 5325 tibi
975 5272 1022 5329 lui.
1047 5275 1111 5332 Post
1133 5276 1200 5343 haec,
1230 5292 1357 5348 quereus
1374 5277 1580 5333 adinventiones
1598 5284 1627 5332 ut
1641 5285 1668 5333 te
1683 5293 1700 5332 a
1715 5295 1779 5335 me-

127 5356 312 5414 reconciiiavi.
334 5358 464 5429 indeque,
489 5357 559 5413 sicut
577 5358 665 5413 sciunt
688 5358 807 5430 plurimi,
832 5367 925 5415 contra
974 5363 1136 5435 tropolitaua
1160 5364 1327 5435 subjectione
1345 5381 1443 5437 posses
1467 5381 1576 5435 exuere,
1600 5365 1726 5422 libellum
1741 5366 1779 5423 de

126 5451 202 5508 illum
212 5462 238 5509 te
250 5453 346 5510 iterum
356 5453 477 5523 erexisti,
487 5461 514 5510 et
524 5454 709 5510 mandatasua
719 5454 790 5510 utad
798 5471 860 5511 eum
870 5472 919 5512 xe·
974 5461 1082 5516 Patmm
1107 5462 1279 5534 antiquorum
1306 5462 1423 5536 scriptis,
1455 5471 1517 5521 aute
1538 5477 1631 5518 sacros
1654 5461 1779 5524 Nicaenae
