3794 6104
51 251 93 304 *Π

788 245 974 303 EPISTOLAE.
1485 286 1487 292 =
1692 256 1727 309 ἹΙ

57 374 90 428 in
107 374 221 445 syuodo
234 382 323 428 restra
338 375 498 428 auctoritate
511 382 679 445 eorxgregata
694 372 767 442 apud
790 371 910 431 Sues-A
925 372 989 426 dam
1009 372 1125 428 factione
1140 375 1270 430 adversus
1286 375 1462 448 exiguitatem
1477 391 1567 432 meam
1580 384 1726 445 commota,

56 461 160 516 siones
176 461 286 517 suerunt
300 462 401 516 ibidem
416 462 534 527 relectis,
552 470 642 516 tantas
657 469 683 515 ct
699 461 766 514 tales
782 460 875 515 incre·

56 551 195 622 patioues
223 551 375 621 indignitati
394 567 462 605 meae
484 565 500 604 a
520 550 653 622 dignitate
674 558 766 604 vestra
788 549 875 603 illatas

57 640 172 698 iurem.
186 640 257 695 sicut
266 647 379 710 peccata
391 656 451 694 rnea
466 649 613 694 merentur.
628 640 704 694 Unde
716 640 739 692 si
751 653 875 708 praesens

59 743 189 798 corpore
203 728 291 794 robis,
307 729 443 793 adessem,
457 728 530 799 quod
546 736 656 782 sanctus
666 728 780 796 Spiritus
790 742 877 797 peros

61 816 140 872 beati
159 818 300 873 Benedicti
323 817 351 871 in
375 818 478 890 Regula
492 818 526 870 ab
540 818 601 887 ipsc
622 818 722 871 dictata
745 816 875 886 praecipit,

62 903 126 959 sine
150 907 327 961 cunctatione
350 906 394 960 rcl
408 905 499 976 aliqua
522 922 597 960 mora
613 906 725 976 exsequi
745 921 878 975 procura·

63 1008 134 1048 rem.
163 1015 176 1044 ι
205 995 233 1049 Si
255 995 326 1065 quis,
348 994 443 1065 inquit,
469 993 554 1049 irater
573 1010 623 1064 pro
644 994 740 1064 quavis
764 993 878 1048 minima

67 1097 152 1136 causa
172 1098 191 1137 a
209 1100 372 1155 quocunque
395 1083 485 1153 priore
508 1098 556 1136 suo
576 1083 728 1153 corripitur,
755 1081 878 1153 quolibet

67 1173 151 1226 modo
167 1172 212 1226 vel
228 1173 251 1226 si
265 1172 360 1227 leviter
375 1171 489 1226 senserit
500 1170 604 1226 animos
621 1172 720 1242 prioris
736 1171 880 1239 cujuscuu.

71 1277 123 1331 que
138 1269 239 1315 contra
254 1277 284 1315 se
298 1261 382 1314 iratos
396 1260 440 1315 vel
453 1268 604 1315 commotos
619 1261 743 1331 quamvis
759 1260 876 1326 modice,

71 1365 132 1405 mcx
148 1349 210 1404 sine
226 1365 304 1405 mora
319 1349 411 1403 tandiu
427 1357 580 1419 prostratus
592 1350 617 1402 in
629 1357 701 1403 terra
714 1357 776 1403 ante
793 1348 878 1418 pedes

72 1438 128 1507 ejus
140 1437 235 1508 jaceat
252 1438 420 1493 satisfaciens
448 1438 613 1508 usquedum
630 1437 819 1491 benedictione
836 1452 878 1490 sa-

74 1535 152 1583 netur
167 1527 214 1581 illa
238 1527 394 1583 commotio.
415 1548 425 1576 i
444 1524 524 1593 Quod
546 1526 609 1597 quia
626 1526 802 1596 corporaliter
817 1531 880 1580 autc

74 1615 334 1671 restraesanctitatis
352 1614 466 1686 vestigia
483 1614 596 1685 implere
612 1631 665 1668 non
681 1614 770 1679 valeo,
790 1622 880 1668 mente

75 1714 100 1760 et
115 1705 213 1775 spiritu
232 1705 395 1775 ubicumque
411 1721 470 1758 suru
487 1721 548 1759 curn
571 1704 663 1757 debita
679 1703 776 1757 ruentis
792 1703 878 1757 devo-
893 1730 1077 1788 Bcommoqo
1093 1730 1175 1785 animi

74 1794 145 1848 tione
159 1793 308 1863 adimpleo,
327 1794 457 1847 suadente
475 1794 552 1847 beato
564 1792 709 1862 Gregorio,
728 1792 878 1846 sanctitatis

75 1890 170 1938 restra
194 1882 410 1952 praedecessore,
431 1891 512 1953 atque
534 1881 641 1935 dicente
663 1881 690 1933 in
710 1880 877 1951 expositione

75 1971 241 2045 evangelicae
266 1972 406 2026 sententiae
426 1992 434 2026 ,·
455 1971 484 2026 St
504 1971 586 2041 offers
606 1987 712 2026 arunas
738 1973 818 2024 tunm
843 1969 879 2026 aa

75 2063 165 2118 otte-re
180 2062 292 2130 (antra.
310 2075 337 2125 v,
349 2061 404 2130 23),
423 2075 454 2114 ac
465 2058 576 2130 reliqua.
593 2059 762 2124 «babemus,
779 2057 875 2128 inquit,

76 2150 108 2205 ad
121 2150 279 2221 proximum
295 2149 419 2220 quamvis
435 2147 517 2220 longe
537 2147 653 2218 positum
669 2147 804 2218 longeque
818 2145 877 2199 dis-

73 2238 193 2306 junctum
214 2245 307 2293 mente
322 2238 372 2304 irc,
388 2237 467 2308 eique
491 2237 609 2290 animum
626 2235 750 2298 subdere,
767 2233 877 2288 bumili-

75 2336 123 2381 tate
139 2327 219 2381 illurn
235 2342 268 2381 ac
285 2325 474 2380 benevolentia
487 2324 598 2395 placare
615 2343 621 2389 ;
639 2333 663 2378 ct
678 2323 765 2376 silicet
782 2322 877 2377 condi-

76 2424 117 2471 tor
129 2424 234 2479 noster,
259 2417 324 2470 dum
344 2415 396 2468 tale
415 2414 542 2484 placitum
563 2421 660 2467 nostrae
680 2412 778 2465 mentis
796 2427 877 2480 aspe-

76 2505 150 2568 xerit,
167 2520 183 2559 a
198 2512 312 2575 peccato
334 2518 383 2558 nos
406 2503 501 2566 solvet,
518 2501 580 2573 quia
603 2516 702 2554 munus
724 2515 774 2569 pro
797 2500 879 2569 culpa

76 2601 172 2650 sumet.
194 2615 204 2644 r
224 2595 258 2647 llt
274 2591 337 2663 thia
360 2600 465 2661 tempus
484 2607 612 2657 anutium,
638 2589 710 2660 quod
732 2587 760 2641 iu
783 2588 878 2649 litteris

75 2681 219 2737 humilitati
236 2697 304 2736 meae
320 2680 429 2735 directis
444 2680 478 2733 de
493 2695 573 2734 causa
589 2678 681 2732 fratris
696 2675 803 2731 Vulladi
819 2676 878 2730 col-

76 2770 256 2843 legarumque
272 2769 330 2837 ejus
345 2768 446 2832 inveni,
462 2784 495 2822 ex
507 2766 680 2837 benignitatis
694 2774 792 2819 vestrae
807 2781 879 2820 ccm-

75 2859 193 2913 motione
209 2857 275 2910 mihi
296 2872 456 2912 concessum
478 2855 608 2917 intellexi,
625 2854 726 2908 diutius
743 2854 879 2908 sustinere

76 2962 172 3017 passus
191 2962 248 3001 uou
268 2946 317 3014 lui,
342 2946 405 3016 quin
426 2952 488 3015 post
503 2944 687 2998 reversionem
708 2943 742 2995 de
765 2942 878 3012 praelato

76 3035 182 3101 itinere,
208 3049 282 3088 nunc
306 3040 506 3104 consequenter
529 3032 580 3086 isto
605 3032 651 3103 qui
681 3032 760 3084 instat
783 3046 878 3085 meuse

76 3123 144 3178 lulio
166 3121 312 3193 praesentis
332 3137 370 3175 xv
390 3121 555 3188 indictionis,
577 3137 638 3175 curn
661 3120 760 3173 domno
783 3128 878 3175 nostro

79 3227 138 3283 rege
161 3211 191 3264 in
215 3211 294 3265 hosta
320 3210 440 3264 exomni
464 3225 549 3282 regno
575 3226 624 3262 suo
646 3209 760 3263 collecta
786 3218 881 3264 contra

78 3300 209 3354 Brittones
233 3306 259 3353 et
283 3299 467 3353 Nortmannos
490 3295 543 3350 illis
567 3297 736 3365 conjunctos,
764 3297 831 3350 sicut
854 3304 880 3351 et

79 3388 164 3443 ceteri
179 3386 333 3444 confratres
347 3402 379 3441 ac
394 3386 603 3441 consacerdotes
619 3385 713 3449 nostri,
730 3386 880 3440 secundum

79 3487 230 3532 nostrarum
248 3476 392 3547 regionum
419 3491 532 3547 gravem
559 3472 793 3539 consuetudinem,
817 3489 878 3528 cum

79 3565 128 3620 suis
144 3566 259 3630 vadunt,
276 3580 357 3635 quatu
371 3564 454 3633 longo
473 3561 629 3617 infirmitate
644 3562 751 3616 attritus
771 3571 876 3632 potero,

80 3670 136 3710 curu
160 3653 322 3708 hominibus
350 3652 504 3708 commissae
525 3651 590 3705 milri
618 3651 751 3705 Ecclesiae
780 3666 877 3720 perre-

80 3750 179 3807 cturus,
197 3728 359 3812 quantocius
379 3741 452 3810 potui
468 3747 566 3795 restrae
587 3740 744 3793 sublimitati
767 3738 847 3793 satist
863 3769 877 3779 -

80 3838 166 3886 clarus
192 3832 245 3885 has
265 3828 422 3883 humilitatis
441 3844 509 3882 meae
528 3828 631 3881 litteras
650 3828 684 3881 ad
699 3835 795 3882 vestrae
811 3843 877 3881 san-

79 3919 174 3974 ctitatis
190 3918 317 3990 vestigia,
334 3917 459 3988 quoniam
474 3925 586 3986 propter
600 3915 711 3969 insidias
724 3915 877 3986 principum

80 4007 139 4062 mibi
161 4006 335 4072 infestorum,
358 4006 457 4077 quibus
476 4005 511 4059 ad
531 4020 580 4058 sua
607 4012 666 4059 vota
689 4004 797 4075 placere
822 4019 877 4058 non

80 4096 171 4156 audeo,
187 4103 281 4166 aperte
292 4110 346 4147 nou
362 4093 440 4148 valui.
454 4093 596 4163 modoque
612 4092 686 4162 potui
696 4092 876 4146 transmittere

912 2164 922 2189 J

927 470 980 514 tam
1005 463 1105 516 duriter
1129 471 1276 530 constaret,
1302 472 1329 518 et
1353 465 1455 519 utinam
1480 472 1655 537 expurgaret.
1684 465 1730 524 Sis

910 551 998 622 ‘enirn
1029 551 1106 606 bonae
1134 553 1272 606 memoriae
1297 553 1413 607 domnus
1437 553 1581 608 Lotlxarius
1601 554 1629 608 in
1653 553 1730 609 lnltio

928 639 1105 694 ordinationis
1128 658 1205 705 inere,
1232 642 1303 711 apud
1328 642 1463 714 Sergium,
1486 649 1513 697 et
1536 650 1633 714 postea
1656 643 1730 714 apud

928 743 1116 783 successorem
1132 730 1217 798 ipsius
1232 730 1359 796 leonem,
1382 745 1433 799 pro
1457 731 1630 786 contentione
1649 731 1730 805 regal

929 833 1008 887 quarn
1023 834 1090 888 erga
1104 817 1217 872 fratrem
1231 835 1309 872 suurn
1325 818 1439 872 babebat
1449 820 1578 875 domuum
1591 820 1728 890 carolum,

928 906 1005 973 cujas
1019 907 1156 976 obsequiis
1172 906 1288 960 fideliter
1309 906 1491 977 adherebam,
1515 909 1624 981 sategit.
1650 906 1729 964 Unde

928 1002 1032 1063 postea,
1054 995 1112 1048 Dec
1134 995 1293 1064 inspirante,
1309 995 1495 1065 paenitentiam
1510 997 1575 1068 egit,
1592 996 1731 1054 alitteris

930 1082 964 1136 ad
980 1083 1071 1137 sedem
1088 1083 1265 1152 apostolicam
1280 1083 1371 1137 missis
1386 1085 1458 1154 quod
1474 1093 1633 1140 excesserat
1645 1083 1731 1142 carrl-

929 1179 1005 1241 geret
1021 1171 1129 1225 studuit.
1147 1174 1197 1227 Per
1212 1186 1280 1241 quos
1294 1171 1376 1226 etiam
1391 1172 1563 1227 serenissima
1577 1172 1729 1229 sanctitatis

923 1268 1028 1314 uestrae
1044 1260 1224 1330 tranquillitas
1248 1275 1316 1333 erga
1339 1260 1527 1331 indignitatem
1541 1277 1631 1318 meam
1649 1261 1730 1320 totle!

929 1355 956 1401 ct
969 1349 1039 1402 adeo
1055 1349 1088 1402 sit
1102 1357 1244 1413 commota,
1269 1364 1324 1402 non
1346 1349 1427 1404 debet
1441 1366 1456 1405 a
1470 1365 1514 1405 me
1528 1349 1662 1423 conquiri,
1676 1363 1730 1408 noc

930 1437 1057 1490 indebitis
1073 1438 1274 1508 suspicionibus
1289 1437 1377 1493 debeo
1392 1438 1502 1510 agitari.

966 1553 1025 1606 Duo
1041 1561 1128 1607 tamen
1149 1562 1282 1625 suntque
1304 1561 1397 1609 tenere
1412 1570 1447 1609 ne
1461 1554 1594 1610 veraciter
1611 1561 1687 1626 puto,
1703 1559 1732 1613 et

931 1641 1036 1695 tertium
1052 1643 1124 1713 quod
1140 1642 1167 1695 in
1180 1651 1271 1697 mente
1286 1658 1348 1698 mea
1362 1658 1510 1714 cognosco.
1534 1643 1642 1699 Scilicet
1665 1642 1730 1716 quia

1190 1731 1273 1786 vestri
1288 1748 1356 1804 erga
1371 1731 1550 1786 bumilitatem
1562 1748 1660 1801 meam,
1676 1748 1732 1789 nou

929 1836 961 1873 ex
986 1818 1082 1872 vostris
1107 1819 1224 1889 propriis
1247 1821 1381 1887 motibus,
1407 1821 1455 1875 sed
1480 1820 1576 1875 alienis
1598 1820 1731 1892 procedat

928 1908 1161 1979 suggestionibus.
1179 1909 1212 1962 Et
1228 1909 1250 1964 si
1266 1925 1329 1963 vera
1343 1917 1435 1964 esseut
1451 1926 1511 1980 quae
1525 1909 1647 1966 robisde
1662 1923 1732 1966 mea

928 1997 1090 2067 quibusdam
1105 1997 1185 2050 audio
1200 1997 1280 2062 dicta,
1297 2013 1351 2052 non
1374 1997 1464 2052 solum
1485 1997 1582 2053 merito
1606 2014 1672 2073 erga
1687 2014 1732 2055 me

928 2084 1015 2139 taliter
1030 2085 1218 2151 moveremini,
1235 2102 1328 2140 verum
1345 2093 1371 2140 et
1385 2085 1635 2156 incomparabiliter
1649 2102 1731 2143 seve-

928 2173 982 2235 rius
1004 2189 1086 2244 quarn
1106 2174 1270 2228 moveamini
1295 2174 1353 2228 zelo
1372 2173 1543 2230 rectitudinis
1564 2175 1733 2232 accendere·

928 2262 1003 2317 mini.
1022 2263 1075 2317 Sed
1091 2262 1194 2334 gratias
1209 2262 1257 2330 illi,
1271 2263 1346 2331 cujus
1358 2262 1445 2333 gratia
1461 2279 1521 2316 sum
1531 2261 1559 2317 id
1570 2262 1643 2334 quod
1659 2279 1730 2331 sum,

929 2351 991 2421 quia
1007 2350 1167 2420 pcrlribentc
1182 2351 1246 2404 mibi
1262 2351 1444 2405 testimonium
1469 2349 1635 2406 conscientia
1658 2366 1729 2420 mett,

927 2438 990 2493 licet
1006 2439 1033 2492 in
1048 2439 1109 2493 aliis
1123 2439 1174 2492 sim
1189 2447 1328 2509 peccator,
1342 2439 1471 2495 tamenin
1482 2439 1568 2494 hisde
1580 2439 1733 2512 quibusme

928 2528 999 2597 apud
1015 2528 1205 2583 auctoritatem
1220 2535 1339 2582 vestram
1354 2527 1436 2582 audio
1455 2526 1588 2594 denotari,
1604 2544 1660 2584 nou
1674 2528 1735 2585 talis

928 2633 987 2670 sum
1010 2616 1036 2669 in
1056 2616 1141 2670 oculis
1166 2615 1276 2683 divinis,
1301 2616 1388 2687 qualis
1413 2615 1548 2688 depingor
1570 2616 1598 2671 iu
1622 2616 1734 2673 auribus

928 2704 1062 2758 humanis.
1080 2705 1119 2759 De
1135 2712 1242 2759 tumore
1258 2720 1375 2775 namque
1390 2720 1456 2776 erga
1480 2704 1573 2759 sedent
1597 2704 1733 2774 apostoli-

928 2809 998 2858 cam,
1015 2793 1136 2847 omnium
1148 2793 1333 2848 Ecclesiarum
1348 2802 1459 2847 matrem
1471 2800 1551 2864 atque
1562 2791 1732 2866 magistram,

925 2883 982 2951 jam
998 2882 1068 2951 apud
1085 2889 1185 2936 sanctae
1205 2881 1404 2936 recordationis
1427 2880 1552 2953 Sergium
1566 2889 1647 2953 atque
1662 2881 1734 2938 Leo·

929 2988 992 3025 nem
1010 2972 1112 3024 lucram
1137 2971 1296 3039 denotatus;
1323 2970 1369 3025 sed
1395 2970 1493 3024 debitis
1517 2969 1667 3042 obsequiis,
1683 2985 1734 3028 co·

929 3067 1058 3129 operante
1074 3058 1200 3120 Domino,
1213 3074 1377 3130 quocunque
1393 3074 1422 3113 se
1437 3058 1512 3114 locus
1527 3057 1592 3112 mibi
1607 3057 1733 3132 prebuit,

931 3147 1080 3201 monstravi
1103 3146 1175 3217 quod
1200 3144 1285 3200 fidelis
1307 3154 1333 3200 ct
1348 3147 1473 3211 devotus,
1496 3145 1604 3201 humilis
1625 3162 1736 3220 quoque

930 3245 1011 3307 atquc
1027 3236 1165 3303 subjectus
1190 3251 1299 3305 semper
1313 3235 1341 3289 in
1355 3235 1490 3289 ornrnibus
1506 3241 1532 3289 et
1546 3235 1645 3306 ubique
1669 3248 1737 3313 erga

930 3326 1024 3379 scdcm
1049 3324 1226 3394 apostolicam
1248 3331 1274 3378 et
1294 3323 1352 3392 ejus
1376 3331 1497 3378 rectores
1521 3323 1685 3392 exstiterim,
1709 3330 1737 3380 et

930 3414 1011 3468 modo
1025 3428 1085 3467 cunr
1100 3421 1217 3477 tumore,
1234 3427 1313 3482 quern
1331 3419 1460 3482 quantum
1485 3412 1559 3482 potui
1574 3411 1608 3466 ab
1624 3411 1735 3468 ineunte

929 3509 1007 3555 aetate
1023 3500 1115 3562 vitavi,
1133 3499 1283 3577 dolositate·
1296 3507 1376 3569 atque
1399 3498 1565 3563 crudelitate,
1581 3499 1653 3570 apud
1669 3516 1735 3555 san-

929 3598 999 3645 ctam
1024 3597 1049 3643 et
1072 3587 1310 3658 prudentissimam
1326 3586 1526 3658 simplicitatem
1548 3595 1667 3642 vestram
1691 3589 1737 3644 vi·
1764 3608 1770 3614 ·

928 3678 995 3733 deor
1017 3677 1151 3762 denotari.
1183 3676 1234 3746 Qui
1264 3684 1408 3747 postquam
1436 3674 1596 3731 sensualiter
1621 3676 1734 3751 percepi

925 3767 1029 3821 dictum
1044 3783 1059 3820 a
1075 3774 1170 3820 sancto
1195 3764 1294 3835 Spiritu
1318 3771 1345 3819 et
1369 3763 1543 3835 imprecaria
1563 3772 1658 3820 sancta
1681 3763 1733 3822 bet

927 3855 1060 3922 Ecclesia,
1077 3855 1111 3908 de
1127 3854 1169 3907 his
1185 3853 1231 3924 qui
1253 3853 1280 3906 in
1302 3853 1385 3907 corde
1408 3860 1434 3907 et
1458 3853 1542 3908 corde
1563 3851 1732 3924 loquuntur:

927 3938 1732 4016 disperdatItourinnacniaeraolobiodotoaall‘sat.xr,l);

928 4046 970 4101 ac,
987 4036 1067 4085 errato
1090 4031 1163 4098 siant
1184 4030 1257 4084 lobia
1283 4029 1377 4085 dolosa
1392 4028 1480 4098 (Psoi.
1497 4042 1568 4083 xxx.
1586 4031 1645 4099 l9);
1661 4037 1688 4084 et
1703 4035 1732 4084 ut

928 4122 1020 4175 virum
1036 4119 1220 4189 sanquinem,
1237 4117 1273 4171 ita
1289 4116 1465 4171 nibilominus
1479 4120 1508 4172 el
1522 4117 1649 4174 dolosum
1664 4116 1732 4173 abo·

81 4184 220 4238 mammii
243 4183 368 4253 Denique
387 4190 447 4252 1¹⁰st
464 4181 589 4280 Pfaefaffls
608 4190 705 4279 ΨΜ)
728 4189 876 4235 mmmmm·
927 4208 1024 4262 minari
1039 4224 1054 4261 a
1069 4207 1185 4261 Doruino
1201 4206 1288 4275 (Paul.
1305 4221 1332 4271 v,
1349 4206 1387 4275 7),
1404 4204 1576 4261 dolositatem
1590 4212 1616 4260 et
1630 4206 1732 4262 crude·

82 4272 110 4327 ²3⁸
123 4271 269 4344 ²Pi⁵¹⁰laflr
285 4272 413 4366 relectfflf'
430 4278 471 4368 eft
485 4286 512 4322 ¹¹¹
528 4270 686 4367 supsldfflo
700 4269 761 4324 ¹0⁰⁰
778 4270 876 4367 dicre·
927 4296 1029 4351 litatem
1046 4295 1123 4366 quasi
1139 4312 1156 4349 a
1171 4296 1246 4366 socie
1268 4295 1375 4350 colubri
1399 4293 1507 4367 lugiens
1531 4293 1665 4351 exsecrari
1680 4309 1731 4350 cu·

82 4366 132 4415 mm
150 4369 254 4417 V⁰⁵¹fae
275 4367 466 4429 pmicel'ufflnS
488 4359 522 4413 de
542 4365 710 4412 mmm
729 4357 875 4456 Psssdffim‘
928 4384 985 4438 rari
1000 4385 1097 4454 queli.
1114 4398 1176 4447 xxx,
1192 4383 1220 4453 ἲ)
1236 4382 1325 4436 sciens
1341 4381 1435 4436 beatos
1449 4399 1511 4438 esse
1526 4381 1729 4450 misericordes,

84 4463 136 4503 mm
150 4448 267 4503 flamm
283 4454 446 4506 ⁰⁰S¹s⁰f¹¹m·
463 4454 488 4501 ⁰²
504 4447 576 4518 ΨΜ
591 4447 750 4500 ‘meremus
764 4446 880 4544 hbent&
893 4442 918 4500 D
932 4481 957 4528 et
969 4472 1099 4542 judicium
1118 4470 1155 4524 illi
1179 4470 1297 4525 loturum
1322 4470 1380 4524 sine
1403 4470 1600 4535 misericordia,
1617 4469 1661 4541 qui
1677 4476 1734 4526 nort'

84 4538 194 4608 ami)leli
206 4552 310 4590 sumus·
324 4536 356 4588 Εἰ
369 4535 440 4607 (iuml
451 4534 579 4605 Psaesaffls
596 4534 766 4589 venerandus
777 4537 883 4589 amm·
934 4560 995 4616 lacit
1007 4559 1231 4614 misericordiam.
1248 4560 1287 4613 De
1303 4557 1402 4629 quibus
1417 4558 1487 4612 vitiis
1497 4556 1593 4610 inistis
1608 4555 1731 4626 partibus

85 4625 430 4697 ΡίεθθῐωὸΕἶῖἦθῐῃῦὶίθΧ
448 4624 683 4707 ‘'⁰⁵‘1'0ma9dffl0
703 4623 766 4676 ΜΘ
789 4623 880 4690 injun'
932 4650 1057 4705 Ecclesia
1078 4649 1143 4702 ruilri
1166 4649 1321 4715 commissa,
1346 4647 1394 4701 sed
1418 4644 1576 4699 necviciuae
1598 4643 1733 4702 Ecclesia

86 4714 125 4779 xit,
142 4715 202 4768 sine
219 4713 409 4768 retractatione
424 4713 536 4783 exsequi
556 4712 708 4782 procuravi.
727 4709 785 4779 Qua
801 4712 835 4765 dc
850 4727 881 4765 re
934 4740 1079 4794 adversum
1100 4753 1142 4791 me
1166 4738 1297 4791 hammus
1323 4735 1398 4788 fuere
1419 4739 1585 4802 conquest&
1613 4732 1662 4787 sed
1684 4748 1736 4790 neg

84 4801 219 4869 ritaliter,
235 4801 288 4856 nisi
307 4800 390 4856 veluti
406 4809 525 4855 avcstra
546 4801 702 4855 auctoritate
725 4809 765 4854 cst
780 4799 881 4852 ditiini-
933 4830 1015 4883 modo
1031 4835 1241 4897 conqueruntur·
1269 4824 1346 4878 Unde
1368 4822 1449 4875 dam„
1469 4818 1585 4895 intelligi
1606 4820 1737 4894 quoniam

86 4896 144 4956 tum,
161 4891 189 4945 iu
199 4890 374 4961 postmodum
390 4897 511 4959 repetere
527 4889 616 4959 cupio,
635 4889 702 4942 sicut
713 4888 739 4941 in
751 4903 883 4958 processu

84 4977 172 5032 borum
187 4979 292 5034 doloris
307 4978 360 5032 mei
376 4978 485 5047 apicum
497 4993 546 5047 pro
558 4977 823 5047 corrrrnotioneerga
839 4991 884 5029 mc

84 5076 169 5122 restra
191 5067 342 5138 explanans
362 5066 472 5137 plenius
492 5067 635 5121 inculcabo
653 5085 659 5130 ;
677 5066 703 5119 in
723 5065 832 5136 quibus,
856 5072 885 5119 ut

83 5153 185 5229 legitur,
197 5156 350 5211 adoloroso
361 5156 462 5210 dictum
472 5176 480 5211 :
491 5156 520 5211 St
532 5157 641 5210 locarius
650 5159 730 5225 suero
742 5171 800 5209 non
811 5155 886 5219 aute.

84 5249 137 5301 trel
147 5245 226 5301 dolor
243 5261 333 5312 meos,
346 5248 373 5299 et
384 5247 409 5300 rt
420 5249 535 5300 tacuero
547 5261 603 5299 raon
617 5244 727 5298 recedet
737 5261 754 5297 o
765 5260 809 5296 nte
826 5242 885 5312 (tob

85 5337 188 5404 xuni).
212 5334 274 5390 Scio
294 5334 365 5387 enim
389 5333 450 5405 quia
473 5333 525 5387 nisi
545 5334 657 5386 multam
680 5331 832 5402 rubiginem
857 5330 886 5383 iu

84 5437 123 5480 me
137 5423 309 5497 conspiceret
321 5421 399 5477 lictor
419 5438 505 5482 meus.
524 5438 577 5476 non
597 5421 678 5475 toties
693 5437 736 5475 ure
752 5421 804 5475 isto
821 5420 885 5492 igne

85 5521 262 5595 purgationis,
279 5537 313 5575 ex
328 5520 482 5592 apostolicae
499 5519 572 5576 sedis
582 5518 741 5575 auctoritate
757 5534 885 5588 quorum-

934 4927 971 4980 illi
988 4925 1139 4997 quideme
1159 4924 1209 4976 ista
1234 4920 1302 4976 lalsc
1327 4919 1516 4986 disseminant,
1532 4918 1556 4973 si
1571 4918 1614 4975 vel
1638 4918 1737 4976 simili·

935 5026 1042 5080 tudincs
1058 5025 1171 5079 aliorum
1187 5020 1326 5075 criminum
1343 5018 1370 5072 iu
1385 5035 1428 5074 me
1443 5018 1633 5091 percepissent
1650 5018 1739 5091 (quod

935 5140 989 5179 nou
1002 5124 1036 5177 ad
1051 5120 1236 5177 excusandum
1250 5119 1438 5173 excusationes
1453 5117 1614 5189 inpeccatis
1629 5116 1736 5209 fateor),

935 5220 1027 5291 utique
1044 5217 1121 5273 vobis
1136 5231 1190 5269 non
1206 5214 1361 5269 tacuissent.
1383 5215 1437 5270 Sed
1460 5215 1619 5271 benedictus
1641 5211 1739 5269 Domi-

935 5334 996 5381 nus,
1014 5315 1057 5386 qui
1072 5316 1202 5367 hactenus
1218 5327 1271 5366 non
1287 5313 1361 5368 dedit
1376 5328 1420 5366 me
1434 5312 1462 5366 in
1476 5311 1629 5381 captionem
1644 5310 1736 5367 denti-

935 5417 985 5470 bus
1000 5429 1105 5479 eorum,
1123 5411 1169 5483 qui
1184 5429 1256 5483 saepe
1272 5418 1493 5484 expugnaverunt
1507 5426 1552 5467 me
1568 5410 1738 5479 ajuneutute

939 5527 1010 5579 mea,
1036 5519 1062 5567 et
1087 5525 1140 5566 non
1163 5517 1311 5581 patuerunt
1333 5507 1410 5576 mibi,
1434 5514 1599 5582 praegesta
1619 5507 1737 5567 Domo
