3794 6104
54 246 111 302 129
807 233 994 293 aelswius.
1042 256 1044 260 ⁴
1657 239 1710 292 tab

51 366 230 423 remiseritis
243 367 370 437 peccota,
388 364 580 420 remittuntur
589 365 639 429 eis,
651 366 679 420 et
689 378 808 436 quorum
818 377 859 419 re·
874 360 1015 426 Astuduit
1028 367 1135 416 secreta
1149 359 1258 416 Domini
1272 359 1366 427 verba,
1382 358 1586 416 intermortalia
1598 359 1712 417 crimina

57 455 219 522 timueritis,
233 456 427 510 retentarunt
437 453 528 524 (toan.
542 452 594 522 xx)
606 470 614 521 ;
628 459 674 508 et:
688 452 741 520 Qui
754 468 801 509 uos
812 467 860 508 au·
912 465 945 508 ea
954 448 1044 522 posuit
1052 448 1148 506 diceus
1159 464 1167 505 :
1178 450 1221 506 An
1231 451 1347 506 nescitis
1358 450 1422 522 quia
1430 450 1523 522 iniqui
1532 465 1652 522 reanum
1660 451 1711 506 Dei

56 544 160 612 dit,me
169 543 252 599 auda
263 545 308 608 ,·et
318 543 366 614 qui
374 559 420 598 uos
430 543 598 614 spernif,me
608 544 718 614 spemit
725 541 804 614 (Leuc.
817 541 859 611 x).
911 556 969 595 non
986 537 1189 611 possidebunt?
1203 539 1295 594 Nolite
1311 554 1423 596 errare:
1439 539 1531 610 Neque
1546 539 1708 609 fornicarii,

91 632 193 688 Dicunt
208 630 283 688 enim
297 629 337 687 illi
349 629 396 704 qui
408 629 437 686 iu
453 629 524 687 coelo
539 638 567 686 et
588 629 617 686 in
631 638 706 687 terra
720 627 861 686 miraculis
911 628 1089 700 nequeidctis
1097 629 1260 694 servientes,
1268 626 1708 700 nequeuduttcrimequemottes,

58 727 225 788 coruscam,
240 719 287 793 qui
311 725 339 776 et
359 734 446 793 usque
466 717 549 776 hodie
571 717 715 776 nobiscum
728 717 822 775 rivum
834 723 862 774 ct
912 733 1001 789 neque
1015 717 1207 772 ruascuicrum
1226 717 1430 783 concubitores,
1451 731 1541 788 neque
1553 717 1641 788 fures,
1659 732 1712 772 ue-

58 822 120 866 cum
144 807 355 866 successoribus
376 807 479 869 nostris
500 823 587 881 usque
601 807 630 863 in
643 815 807 880 perpetuum
820 806 862 862 vi·
912 821 963 878 quc
986 810 1082 872 ocari,
1104 822 1192 880 neque
1209 805 1319 871 ebriosi,
1335 820 1424 878 neque
1446 804 1598 872 maledici,
1623 819 1713 878 neque

59 905 131 966 sent,
148 896 281 969 quoniam
305 896 379 967 apud
400 896 546 953 Dominum
561 904 604 952 est
616 911 724 952 merces
739 910 834 952 eorum
852 910 859 951 :
913 912 1038 967 rapaces,
1048 913 1167 969 repuum
1178 896 1228 950 Dei
1243 894 1421 966 possidebunt
1433 893 1460 963 (f
1468 894 1528 949 Cor.
1547 894 1586 964 vr)
1598 910 1605 959 ;
1617 902 1644 948 et
1657 893 1712 948 itc-

97 984 382 1058 ‹Siquisoblationes
395 984 527 1042 Ecclesiae
541 982 861 1041 extraDoclesiamacci·
912 999 972 1039 rum
995 984 1062 1042 dicit
1088 1004 1095 1040 :
1119 986 1149 1042 Si
1164 985 1225 1057 quis
1243 984 1401 1055 fornicator
1430 987 1489 1049 est,
1515 985 1566 1038 aut
1590 999 1711 1049 auarus,

60 1089 125 1146 pere
138 1072 186 1131 vel
200 1072 270 1131 dare
279 1073 405 1142 volucrit,
418 1080 518 1145 prater
525 1072 720 1130 conscientiam
729 1070 861 1144 episcopi,
913 1076 964 1128 aut
975 1073 1058 1133 idetis
1068 1074 1204 1138 serviem,
1216 1077 1266 1128 aut
1276 1072 1441 1136 maledicus,
1455 1074 1506 1129 uut
1516 1071 1650 1136 ebriosus,
1661 1075 1713 1127 aut
1821 1103 1823 1106 -

59 1161 101 1220 rel
122 1163 186 1232 eius
209 1162 255 1220 cui
275 1161 432 1233 huiusmodi
451 1162 541 1219 officia
559 1161 708 1219 commisse
722 1170 795 1228 sunt,
812 1176 863 1217 nec
913 1179 1015 1234 rapae,
1029 1180 1095 1218 curn
1103 1162 1264 1234 hujusmodi
1275 1177 1326 1216 nec
1337 1160 1563 1228 cibamsumere(
1575 1161 1588 1214 1
1599 1161 1659 1216 Cor.
1671 1159 1711 1231 v);

60 1266 121 1309 cum
129 1252 192 1321 ejus
201 1250 698 1324 solueritagereconsibomauthsms
706 1249 740 1306 sit
748 1252 861 1318 (concii.
914 1249 941 1305 id
956 1258 997 1306 est
1012 1266 1076 1308 cum
1090 1250 1138 1307 tali
1153 1266 1208 1307 non
1231 1248 1357 1319 homine,
1374 1247 1423 1304 sed
1444 1264 1506 1304 curn
1529 1247 1577 1305 tali
1592 1248 1712 1314 diabalo,

61 1341 177 1413 ficuum,
193 1354 255 1396 cau.
267 1341 305 1410 Ἰ).
320 1359 332 1389 s
346 1339 500 1395 Anathemu
521 1346 612 1395 autem
626 1339 820 1411 interpretatur
834 1339 864 1394 in
914 1354 969 1394 nou
983 1338 1046 1396 licet
1060 1339 1160 1397 Christi
1174 1338 1318 1410 discipulo,
1330 1335 1358 1392 id
1373 1343 1414 1392 est
1433 1336 1586 1393 Christiano
1598 1335 1711 1405 homiui,

60 1429 183 1485 Romana
193 1427 290 1500 lingua
310 1429 467 1496 aticuatio,·
483 1429 547 1500 quia
564 1427 652 1485 omnis
668 1427 862 1498 tabefaciens,
913 1435 975 1484 ante
987 1427 1210 1494 satisfactionem,
1227 1427 1254 1483 id
1268 1434 1311 1483 est
1319 1426 1518 1483 correctionem
1528 1434 1610 1497 atque
1619 1441 1713 1483 emen-

61 1516 180 1590 quaudiu
199 1515 229 1571 iu
241 1516 297 1572 illis
320 1517 441 1588 peccetis
463 1524 571 1583 manet,
587 1516 651 1573 licet
664 1532 716 1573 nos
730 1516 863 1588 episcopi,
914 1517 1072 1583 dationem,
1090 1526 1116 1573 et
1138 1517 1250 1589 dignam
1266 1514 1469 1587 poenitentiam,
1487 1515 1579 1571 cibum
1593 1530 1712 1571 sumere.

62 1605 102 1678 qui
123 1605 155 1661 iu
174 1604 309 1677 apostolis
330 1613 358 1661 et
382 1621 444 1662 cum
464 1604 612 1677 apostolis,
628 1619 682 1662 non
697 1613 790 1662 nostro
803 1621 863 1662 me·
915 1607 1032 1662 Sanctus
1056 1623 1165 1678 quoque
1199 1606 1319 1661 ioannes
1333 1605 1473 1675 apostolus
1493 1604 1595 1660 electus
1626 1610 1653 1659 et
1669 1604 1714 1660 di·

62 1693 120 1762 rito,
137 1693 190 1751 sed
205 1695 293 1766 gratia
305 1692 406 1761 diuma,
418 1693 863 1767 ligandietsolvendipotestatem
877 1726 903 1786 B
915 1693 1001 1750 lectus
1026 1694 1144 1761 Christi,
1161 1694 1249 1766 quiin
1273 1709 1352 1751 coena
1377 1708 1461 1765 supra
1480 1702 1575 1765 pectus
1597 1693 1655 1761 ejus
1667 1708 1716 1748 re·

61 1783 226 1855 acecpimus,
256 1781 393 1840 interdum
413 1782 496 1850 tardi,
510 1783 647 1840 interdum
666 1784 751 1840 divini
765 1799 863 1840 seusus
915 1783 1017 1850 cubuit,
1037 1784 1121 1839 talem
1147 1783 1286 1840 hominem
1312 1782 1395 1840 etiam
1417 1782 1533 1838 salutare
1548 1789 1620 1838 vetat
1637 1799 1643 1837 :
1661 1783 1716 1838 Nec

63 1870 157 1945 unsri,
178 1871 320 1928 interdum
343 1887 404 1944 quac
418 1871 622 1930 committantur
635 1873 800 1940 nescientes,
816 1872 864 1928 ali·
915 1888 964 1928 ace
975 1875 1010 1938 ei,
1022 1871 1158 1945 inquiens,
1170 1873 1288 1939 diceris,
1300 1889 1389 1946 neque
1399 1874 1431 1928 in
1440 1872 1554 1928 domum
1564 1888 1631 1928 eum
1640 1886 1716 1928 recc-

63 1960 168 2033 quando
183 1959 269 2016 etiam
290 1960 449 2028 commissa,
463 1969 493 2016 ut
516 1961 635 2033 expedit,
651 1962 794 2034 corrigere
808 1977 863 2018 non
913 1962 1000 2033 peris.
1019 1960 1072 2029 Qui
1088 1962 1165 2017 euim
1178 1961 1248 2016 dicii
1258 1960 1292 2029 ei,
1305 1961 1370 2030 Ace,
1386 1962 1579 2018 communicat
1588 1961 1716 2033 operibus

63 2048 203 2117 ruentes,
220 2064 282 2122 quae
304 2056 407 2105 statuta
429 2057 493 2105 aunt
525 2048 638 2122 exsequi
661 2049 865 2106 dissimulemus
914 2052 975 2120 ejus
997 2050 1132 2121 malipnis
1153 2050 1191 2121 (ff
1205 2052 1285 2106 ioan.
1306 2048 1347 2122 x).
1363 2049 1398 2104 Et
1411 2049 1477 2105 item
1491 2056 1601 2104 sanctus
1616 2048 1715 2104 Paulus

63 2136 202 2195 teledam
217 2137 400 2211 negligamus,
417 2145 448 2194 ut
462 2136 545 2196 talem
564 2137 702 2195 hominem
716 2139 751 2194 ab
766 2137 864 2196 Eccle-
914 2138 980 2194 dicit
1013 2139 1158 2209 unicuique
1194 2137 1349 2193 Christiano
1366 2153 1373 2192 ε
1393 2139 1446 2194 fiec
1462 2138 1715 2194 communicaveris

65 2224 94 2282 sia
108 2234 137 2283 et
148 2224 276 2283 fidelium
286 2226 417 2283 societate
426 2228 695 2284 excommunicantes
704 2241 761 2283 uon
769 2242 866 2299 segre·
912 2230 1037 2299 peccatis
1055 2227 1159 2283 alienis
1175 2228 1202 2297 (l
1219 2228 1287 2283 Tim.
1301 2227 1377 2297 v).Et
1387 2225 1522 2297 domiuus,
1532 2226 1640 2299 quando
1650 2241 1718 2282 ven·

64 2330 157 2387 gemus
174 2331 182 2370 :
196 2314 256 2385 iam
270 2322 362 2372 tamen
376 2331 394 2371 a
412 2316 499 2372 sacris
513 2317 664 2373 senonibus
677 2317 864 2374 excommuni-
915 2322 990 2370 turus
1005 2324 1048 2372 est
1066 2316 1190 2385 judicare
1210 2317 1287 2373 rivos
1302 2322 1331 2371 et
1343 2323 1473 2380 mortuos,
1491 2313 1556 2371 etin
1570 2314 1716 2371 adventum

65 2411 132 2460 utos
147 2412 176 2460 ct
191 2403 400 2475 praedamnatus
414 2412 466 2472 est,
482 2406 571 2461 donec
581 2413 725 2475 peccatum
737 2405 805 2462 illud
819 2404 866 2463 de·
918 2404 975 2474 ejus
989 2419 1085 2461 omnes
1100 2405 1225 2461 homines
1236 2411 1381 2478 resurgent
1394 2420 1457 2460 cum
1471 2403 1634 2475 corporibus
1648 2404 1715 2473 suis,

65 2499 141 2557 erat,
157 2500 187 2548 et
201 2508 254 2565 per
268 2491 480 2550 satisfactionem
502 2493 714 2552 ecclesiasticam
729 2502 756 2552 et
770 2510 864 2552 sucer-
918 2500 945 2548 et
959 2492 1074 2551 reddent
1088 2493 1123 2549 de
1138 2493 1216 2551 factis
1230 2493 1349 2566 propriis
1364 2492 1509 2563 rationem,
1525 2509 1555 2549 se
1572 2491 1715 2563 injudicio

65 2579 179 2639 dotalem
191 2581 445 2639 reconciliationem
459 2582 568 2640 Domini
578 2583 696 2655 gratiam
706 2590 734 2639 et
743 2583 864 2641 fidelium
915 2582 1051 2638 dictumm
1063 2583 1195 2653 promittit
1208 2582 1235 2637 iu
1250 2580 1403 2655 Evangelio
1418 2581 1459 2636 hia
1475 2581 1521 2654 qui
1535 2589 1650 2651 peccata
1666 2595 1717 2637 sue

64 2670 217 2728 societatem
231 2669 355 2742 recipiat.
372 2671 408 2728 Et
418 2672 574 2746 quicunque
588 2672 617 2727 in
631 2673 753 2744 peccatis
765 2673 823 2729 suis
837 2679 864 2729 et
915 2670 1098 2743 eleemosynis
1113 2671 1249 2727 redimere
1263 2686 1327 2728 cum
1350 2678 1465 2742 possent
1482 2670 1627 2727 noluerunt
1640 2687 1645 2725 :
1658 2671 1714 2739 lte,

65 2759 159 2815 talibus
191 2759 345 2817 sceleribus
376 2760 531 2833 implicatus
544 2804 550 2829 ,
564 2769 628 2817 ante
649 2761 862 2818 satisfactionem
913 2758 1717 2833 maledictummuemoeternummuipcmtusostentato

66 2849 250 2905 necessariam
270 2849 354 2905 vitam
377 2849 457 2906 istam
477 2849 587 2916 finierit,
603 2849 823 2908 communionem
837 2859 864 2907 et
914 2854 944 2906 et
960 2851 1069 2920 unpetis
1089 2852 1150 2921 ejus
1165 2850 1275 2920 (blattis.
1295 2848 1377 2920 xxv).
1390 2848 1469 2906 Unde
1487 2846 1663 2920 cogitandum
1676 2854 1718 2904 est

66 2937 219 2994 societatem
234 2953 297 2995 cum
311 2936 406 2995 electis
419 2938 447 2994 in
463 2954 551 3011 regno
570 2939 620 2995 Dei
635 2939 737 2995 habere
752 2939 863 2996 nullate·
913 2938 1080 3009 raptoribus,
1099 2953 1153 3009 quo
1176 2938 1254 2994 ibunt
1267 2937 1307 2994 illi
1330 2937 1377 3010 qui
1400 2937 1489 2994 aliena
1512 2937 1631 3008 rapiunt,
1648 2934 1714 2992 siin

66 3041 108 3082 uus
121 3026 245 3098 poterim
262 3040 315 3084 nec
329 3026 364 3083 de
382 3025 483 3085 inferni
496 3027 586 3098 poenis
601 3035 627 3084 et
641 3026 797 3084 daemonum
813 3043 861 3086 so·
914 3026 1050 3085 infernum
1073 3026 1152 3084 ibunt
1180 3028 1227 3100 qui
1249 3027 1440 3099 eleemosynas
1456 3041 1513 3085 nou
1531 3025 1664 3082 fecerunt.
1687 3026 1721 3082 Et

67 3114 158 3172 cietate
172 3129 297 3187 unquam
309 3114 423 3173 liberari
441 3115 552 3174 valebit.
567 3116 623 3173 Sed
636 3125 699 3173 sunt
713 3116 782 3175 iorte
796 3118 865 3174 tales
879 3084 903 3147 C
916 3114 982 3173 item
996 3115 1130 3172 Dominus
1144 3132 1195 3187 per
1223 3116 1324 3174 isaiam
1346 3117 1504 3189 prophetam
1519 3114 1585 3172 dicit
1599 3114 1718 3189 raptori·

66 3203 265 3279 quiprisilegia
285 3205 321 3262 de
335 3204 404 3262 locis
417 3213 445 3261 et
463 3207 545 3262 rebus
560 3207 618 3262 Deo
633 3206 741 3277 dicatis,
753 3215 866 3265 sancto·
916 3205 994 3261 bus:
1018 3207 1127 3277 fiapiua
1150 3208 1284 3278 pauperis
1306 3206 1337 3261 iu
1360 3206 1440 3262 dorna
1464 3209 1556 3261 uestra
1571 3205 1638 3276 (isa.
1659 3205 1716 3275 m);

67 3308 120 3349 rum
137 3294 269 3349 mamhus
291 3293 462 3365 confirmata,
487 3296 718 3366 parvipendentes
729 3295 791 3364 sibi,
803 3297 868 3370 quia
917 3296 1108 3366 etsbacrymoe
1120 3294 1211 3350 uidua
1220 3295 1255 3350 ad
1265 3294 1601 3351 manilio-mdccccaduut
1612 3297 1720 3362 ,etec-

67 3382 162 3450 roluut,
180 3397 238 3439 non
253 3383 316 3455 quia
329 3391 454 3456 possunt,
477 3385 774 3441 excommunicationes
788 3401 866 3442 usur·
917 3385 1053 3439 clamatio
1063 3385 1123 3453 ejas
1134 3383 1409 3454 saperdeducentem
1424 3384 1718 3450 communicaturu-

66 3469 205 3540 muribus
224 3485 321 3527 rerum
342 3479 369 3527 et
399 3470 556 3528 facultatum
579 3472 826 3531 ecclesiasticarum
849 3490 867 3530 a
919 3470 1717 3537 tumcoramDeoascendunt,etDomiuusnoudetectabi-

68 3559 162 3617 sanctis
185 3560 296 3616 Domini
310 3560 458 3617 intentatas
485 3561 614 3618 alleviant
634 3563 758 3620 dicentes
773 3578 804 3619 sa
817 3577 867 3635 pro
918 3565 967 3615 tur
975 3560 1177 3629 initiisiiccti.
1187 3561 1290 3630 xxxv),
1303 3557 1646 3631 scilicetvidumlacrymis,
1673 3559 1719 3630 qui

68 3646 114 3705 hoc
135 3647 214 3704 illata
233 3648 418 3721 damnatione,
433 3650 462 3706 id
485 3659 527 3706 est
545 3652 725 3707 anathematis
745 3651 865 3719 vinculo,
917 3656 994 3719 pater
1016 3647 1200 3719 orphanorum
1228 3655 1255 3704 et
1278 3646 1406 3704 defensor
1428 3646 1572 3703 viduarum
1595 3645 1719 3718 queritur

67 3750 114 3792 uon
126 3737 227 3794 teneri
244 3738 284 3793 De
299 3738 399 3811 quibus
414 3747 526 3795 sanctus
551 3739 704 3812 Gregorius
714 3740 867 3813 inepistola
918 3744 1014 3793 contra
1026 3737 1132 3807 judices
1147 3738 1242 3793 dicens
1259 3755 1265 3791 :
1284 3737 1376 3795 Causa
1389 3737 1546 3794 musanen
1556 3736 1720 3807 increditus

69 3824 98 3881 td
119 3825 308 3883 Theoctistam
329 3825 471 3899 patriciam
488 3827 576 3884 dicit:
603 3850 614 3879 ι
641 3830 706 3900 ipsi,
730 3829 865 3903 inquiens,
918 3827 954 3882 ad
967 3843 1012 3883 eos
1028 3827 1093 3894 (fsc.
1107 3827 1127 3898 r)
1146 3825 1319 3898 Quapropter
1342 3825 1428 3882 sciant
1448 3833 1578 3898 raptores,
1595 3825 1624 3880 in
1643 3825 1719 3896 cujus

69 3913 114 3969 sibi
128 3921 216 3972 testes
239 3921 312 3984 sunt,
340 3915 405 3988 quia
419 3915 566 3972 Christiani
580 3932 636 3972 nou
649 3925 722 3986 sunt,
740 3919 786 3990 qui
798 3917 869 3992 liga·
918 3913 1000 3972 domo
1014 3915 1072 3973 sive
1087 3916 1219 3986 corporis,
1236 3915 1294 3971 sive
1309 3913 1468 3982 mansionis,
1484 3913 1580 3987 rapina
1595 3921 1636 3972 est
1648 3930 1718 3987 pau·

69 4007 155 4056 menta
163 4008 267 4057 sauctae
281 4000 415 4057 Ecclesia
432 4001 510 4058 vanis
526 4017 556 4058 se
579 4001 713 4058 aestimant
727 4004 868 4060 conatibus
917 4005 1002 4078 peris,
1020 4004 1154 4077 quianon
1173 4004 1277 4060 habitat
1287 4004 1314 4059 in
1326 4004 1370 4059 illa
1380 4005 1462 4059 domo
1470 4003 1587 4076 Spiritus
1597 4011 1717 4071 sanctus,

69 4086 172 4145 soluere
183 4106 193 4157 ;
206 4102 241 4146 uc
255 4103 307 4161 per
320 4089 374 4146 hoc
387 4104 439 4147 nec
451 4089 650 4147 absolutionem
660 4099 762 4149 sancta
772 4092 868 4149 Eccle-
919 4092 968 4149 sed
983 4093 1094 4163 spiritus
1105 4092 1252 4166 malignus.
1276 4093 1313 4147 Et
1331 4092 1354 4146 si
1377 4091 1482 4150 accedit
1496 4092 1530 4147 ad
1545 4092 1718 4150 communio·

71 4176 122 4245 sie,
138 4192 224 4250 quam
238 4184 350 4250 prestat
367 4176 503 4246 fidelibus,
525 4194 620 4237 veram
634 4187 739 4251 putant,
757 4180 780 4235 si
795 4179 868 4254 liga·
919 4195 982 4239 nem
995 4182 1119 4253 corporis
1134 4189 1161 4238 et
1183 4182 1326 4255 sanguinis
1341 4180 1443 4237 Christi
1457 4190 1520 4236 ante
1535 4181 1649 4255 dignam
1664 4197 1712 4237 sa·

72 4271 141 4322 iuras
154 4266 217 4336 ejice
230 4265 325 4324 valere
338 4282 395 4324 non
407 4268 551 4339 aesuupnt.
564 4266 665 4324 Contra
684 4282 754 4341 quos
768 4269 868 4326 diutius
918 4269 1106 4341 tisfactionem,
1121 4285 1176 4326 non
1189 4269 1334 4326 mundatur
1350 4286 1400 4340 per
1411 4269 1487 4325 illam
1498 4271 1718 4347 communionem

72 4351 259 4427 disputandum
271 4364 387 4422 nonest,
404 4357 468 4429 quia
481 4372 532 4428 per
552 4357 643 4414 omnia
657 4357 828 4430 despiciendi
842 4367 869 4415 et
918 4367 1071 4431 spectato,
1088 4359 1137 4416 scd
1159 4358 1267 4431 plenius
1292 4357 1447 4430 possidetur
1466 4358 1608 4415 adiabclo
1624 4376 1631 4412 ε
1648 4358 1718 4414 sicut

70 4443 311 4500 amnemauzanai
331 4454 414 4513 sunt;
430 4453 457 4501 et
472 4445 544 4502 unde
566 4461 597 4502 se
617 4445 714 4504 fallere
726 4446 868 4504 veritatem
879 4443 906 4506 D
916 4446 1010 4513 iudas,
1027 4448 1136 4519 quaudo
1150 4447 1178 4502 in
1193 4463 1299 4506 ooeuam
1314 4445 1486 4504 Dominicam
1500 4446 1597 4516 plenus
1610 4446 1715 4515 rapina,

71 4531 186 4602 munt,
211 4531 277 4588 inde
297 4531 327 4589 in
340 4533 462 4606 peccatis
483 4533 540 4590 suis
553 4533 691 4592 veraciter
705 4534 866 4608 ligantur.»
919 4543 946 4593 et
960 4537 1116 4609 iniquitate,
1136 4544 1162 4593 et
1176 4536 1288 4592 avaritia
1311 4544 1392 4608 atque
1413 4533 1573 4606 cupiditate,
1592 4548 1718 4590 commu·

72 4615 96 4673 Si
112 4620 156 4693 qui
180 4628 246 4676 sunt
259 4620 344 4694 igitur
368 4621 416 4694 qui
438 4623 490 4678 sub
510 4622 621 4679 nomine
645 4623 798 4681 Christiano
811 4626 871 4684 hac
919 4625 1013 4682 nicare
1035 4626 1209 4696 presumpsit
1231 4627 1266 4681 dc
1289 4641 1371 4681 mauu
1386 4623 1494 4681 Domini
1508 4621 1668 4678 salvatoris.
1685 4622 1719 4680 Et

73 4708 273 4781 tutpraedicare
289 4709 458 4777 rudentum
471 4711 546 4769 taciti
559 4712 632 4784 apud
653 4713 816 4785 semetipsos
830 4721 871 4770 te-
920 4713 990 4770 lorte
1012 4713 1081 4771 tales
1104 4723 1192 4783 erunt,
1213 4729 1275 4771 cum
1294 4715 1352 4772 hac
1371 4711 1520 4777 audierint,
1533 4711 1579 4785 qui
1601 4710 1716 4768 dicant:

72 4811 139 4867 aare,
151 4812 201 4855 eos
215 4806 243 4854 et
257 4813 321 4873 ego,
334 4807 362 4856 et
376 4814 473 4857 omnes
502 4800 629 4858 catholici
644 4802 777 4875 episcopi,
789 4811 869 4876 atquc
918 4810 980 4867 Non
993 4811 1262 4868 communicabimus.
1283 4809 1338 4866 Sed
1348 4808 1444 4878 sciant,
1460 4807 1523 4879 quia
1539 4807 1608 4865 sicut
1622 4808 1719 4866 Domi·

72 4884 192 4943 universa
210 4885 350 4957 Ecclesia,
371 4889 656 4959 anathematizamus.
673 4891 738 4963 quia
761 4892 870 4949 venusti
919 4916 970 4955 nus
985 4900 1135 4957 dixit:Nisi
1149 4903 1334 4974 quisrenutus
1349 4899 1482 4970 fueritea
1492 4903 1600 4970 maaet
1609 4898 1719 4971 Spiritu

73 4975 200 5032 canuam
218 4975 339 5033 sentiunt
351 4985 380 5033 θῑ
392 4977 531 5035 mnirari&
549 4979 707 5052 loquuntur·
919 4993 1028 5056 sancto,
1046 5006 1103 5045 nou
1117 4990 1238 5044 intrabit
1253 4988 1284 5042 in
1293 5003 1411 5057 repuum
1422 4988 1557 5046 calorum
1566 4987 1715 5061 (bonuau),

101 5062 209 5136 liapinae
219 5073 368 5139 quoquest
390 5066 607 5140 depraedationes
629 5084 691 5142 quae
706 5069 733 5124 in
748 5067 808 5125 istis
821 5086 868 5126 re·
917 5077 955 5133 ita
969 5078 1036 5133 dixit
1051 5096 1058 5132 :
1074 5080 1136 5134 Nisi
1143 5075 1382 5132 manducaveritis
1396 5093 1513 5133 curnem
1526 5093 1628 5143 meam
1641 5080 1669 5132 et
1678 5077 1719 5131 bi-

73 5151 128 5222 mis
138 5152 197 5223 jam
211 5170 245 5210 ex
254 5155 453 5212 consuetudine
463 5156 547 5214 sicab
556 5157 682 5213 omnibus
692 5173 762 5230 pene
774 5165 867 5216 tenen·
918 5168 1016 5224 baritis
1022 5166 1362 5237 meumscnpuinemmon
1369 5166 1505 5223 babebitis
1512 5168 1599 5222 citam
1606 5166 1638 5220 in
1644 5165 1717 5221 uobis

73 5242 212 5314 ²¹11,qu
234 5251 349 5314 9000&ss
362 5259 418 5302 ¹10ss
440 5245 503 5313 Sint,
519 5253 566 5302 aut
580 5245 659 5320 quasi
671 5245 743 5304 levia
757 5255 869 5320 peccata
918 5258 1107 5327 (ioan.v1);et
1122 5255 1192 5311 sicut
1206 5254 1273 5309 dixit
1289 5271 1295 5311 :
1314 5255 1367 5322 bct
1379 5257 1533 5312 crediderit
1544 5258 1572 5310 et
1588 5255 1718 5326 baptiza·

74 5328 130 5401 tint,
153 5338 268 5389 sanctus
291 5332 392 5389 Paulus
405 5335 556 5405 apostolus,
582 5351 633 5408 per
657 5351 738 5408 quem
761 5337 868 5395 locutus
918 5350 965 5400 tus
979 5347 1079 5415 suerit,
1091 5343 1189 5400 sulcus
1207 5344 1462 5415 erit(fiarc.uv1);
1478 5344 1514 5398 ita
1530 5341 1612 5398 etiam
1627 5342 1716 5398 dixit:

72 5426 249 5494 maurianus,
266 5437 294 5486 et
308 5429 354 5502 qui
368 5438 514 5504 autequam
532 5432 628 5488 mortis
643 5431 765 5489 debitum
779 5433 868 5492 solve·
918 5435 971 5501 Qui
984 5434 1141 5490 manducat
1158 5450 1274 5490 carnem
1293 5450 1395 5502 meam,
1418 5437 1446 5489 et
1463 5434 1534 5489 bibit
1548 5434 1719 5505 sanquinem

70 5523 117 5588 set,
131 5516 166 5573 ad
181 5517 292 5576 tertium
305 5518 407 5578 coelum
422 5528 448 5577 et
462 5520 621 5594 paradisum
635 5519 685 5582 fuit
694 5529 799 5596 raptus,
807 5521 869 5583 ubi·
916 5537 1021 5593 meum,
1035 5524 1067 5580 in
1080 5539 1126 5582 me
1139 5527 1248 5592 cunct,
1256 5528 1286 5583 et
1299 5525 1386 5598 epeia
1397 5537 1444 5592 eo,·
1455 5526 1536 5595 etepa
1546 5522 1718 5584 resuscitabo
