<?xml version="1.0" encoding="UTF-8"?>
<!DOCTYPE html PUBLIC "-//W3C//DTD XHTML 1.0 Transitional//EN"
    "http://www.w3.org/TR/xhtml1/DTD/xhtml1-transitional.dtd">
<html xmlns="http://www.w3.org/1999/xhtml" xml:lang="en" lang="en">
 <head>
  <title>
</title>
<meta http-equiv="Content-Type" content="text/html;charset=utf-8" />
  <meta name='ocr-system' content='tesseract 3.04.00' />
  <meta name='ocr-capabilities' content='ocr_page ocr_carea ocr_par ocr_line ocrx_word'/>
</head>
<body>
  <div class='ocr_page' id='page_1' title='image "./patrologiaecurs81unkngoog/patrologiaecurs81unkngoog_0344.png"; bbox 0 0 3794 6104; ppageno 0'>
   <div class='ocr_carea' id='block_1_1' title="bbox 581 251 1647 312">
    <p class='ocr_par' dir='ltr' id='par_1_1' title="bbox 581 251 1647 312">
     <span class='ocr_line' id='line_1_1' title="bbox 581 251 1647 312; baseline -0.002 -1"><span class='ocrx_word' id='word_1_1' title='bbox 581 252 763 312; x_wconf 76' lang='lat' dir='ltr'><strong>EPISTOLAE</strong></span> <span class='ocrx_word' id='word_1_2' title='bbox 790 251 836 310; x_wconf 78' lang='grc' dir='ltr'><strong>ΕΤ</strong></span> <span class='ocrx_word' id='word_1_3' title='bbox 862 251 1040 310; x_wconf 67' lang='lat' dir='ltr'><strong>unctiori.</strong></span> <span class='ocrx_word' id='word_1_4' title='bbox 1594 255 1647 311; x_wconf 75' lang='grc'><strong>678</strong></span> 
     </span>
    </p>
   </div>
   <div class='ocr_carea' id='block_1_2' title="bbox 97 375 1655 2738">
    <p class='ocr_par' dir='ltr' id='par_1_2' title="bbox 97 375 1655 2738">
     <span class='ocr_line' id='line_1_2' title="bbox 97 375 1646 452; baseline -0.006 -10"><span class='ocrx_word' id='word_1_5' title='bbox 97 399 143 442; x_wconf 82' lang='lat' dir='ltr'><strong>ns.</strong></span> <span class='ocrx_word' id='word_1_6' title='bbox 160 381 314 440; x_wconf 86' lang='lat' dir='ltr'><strong>Decernitis</strong></span> <span class='ocrx_word' id='word_1_7' title='bbox 328 389 355 438; x_wconf 90' lang='lat' dir='ltr'><strong>et</strong></span> <span class='ocrx_word' id='word_1_8' title='bbox 369 397 419 437; x_wconf 92' lang='lat' dir='ltr'><strong>vos</strong></span> <span class='ocrx_word' id='word_1_9' title='bbox 432 379 494 436; x_wconf 80' lang='lat' dir='ltr'><strong>itai</strong></span> <span class='ocrx_word' id='word_1_10' title='bbox 508 379 719 452; x_wconf 82' lang='lat' dir='ltr'>Responderunt</span> <span class='ocrx_word' id='word_1_11' title='bbox 733 393 795 435; x_wconf 92' lang='lat' dir='ltr'><strong>om·</strong></span> <span class='ocrx_word' id='word_1_12' title='bbox 810 377 964 440; x_wconf 85' lang='lat' dir='ltr'><strong>Acrabiles</strong></span> <span class='ocrx_word' id='word_1_13' title='bbox 988 375 1152 435; x_wconf 84' lang='lat' dir='ltr'><strong>Christianis</strong></span> <span class='ocrx_word' id='word_1_14' title='bbox 1164 375 1297 443; x_wconf 87' lang='lat' dir='ltr'><strong>incestus,</strong></span> <span class='ocrx_word' id='word_1_15' title='bbox 1312 375 1421 434; x_wconf 83' lang='lat' dir='ltr'><strong>vivente</strong></span> <span class='ocrx_word' id='word_1_16' title='bbox 1434 383 1515 448; x_wconf 90' lang='lat' dir='ltr'><strong>nepte</strong></span> <span class='ocrx_word' id='word_1_17' title='bbox 1528 377 1646 433; x_wconf 87' lang='lat' dir='ltr'><strong>sanctis-</strong></span> 
     </span>
     <span class='ocr_line' id='line_1_3' title="bbox 97 464 1648 540; baseline -0.003 -11"><span class='ocrx_word' id='word_1_18' title='bbox 97 471 266 530; x_wconf 84' lang='lat' dir='ltr'><strong>)ecernimus</strong></span> <span class='ocrx_word' id='word_1_19' title='bbox 277 489 284 526; x_wconf 91' lang='lat'>:</span> <span class='ocrx_word' id='word_1_20' title='bbox 296 479 323 526; x_wconf 89' lang='lat' dir='ltr'><strong>et</strong></span> <span class='ocrx_word' id='word_1_21' title='bbox 337 468 389 525; x_wconf 88' lang='lat' dir='ltr'><strong>nisi</strong></span> <span class='ocrx_word' id='word_1_22' title='bbox 404 476 466 540; x_wconf 90' lang='lat' dir='ltr'><strong>post</strong></span> <span class='ocrx_word' id='word_1_23' title='bbox 480 469 553 524; x_wconf 92' lang='lat' dir='ltr'><strong>diem</strong></span> <span class='ocrx_word' id='word_1_24' title='bbox 567 468 703 524; x_wconf 89' lang='lat' dir='ltr'><strong>decimum</strong></span> <span class='ocrx_word' id='word_1_25' title='bbox 719 466 798 539; x_wconf 92' lang='lat' dir='ltr'><strong>quin·</strong></span> <span class='ocrx_word' id='word_1_26' title='bbox 847 466 923 523; x_wconf 84' lang='lat' dir='ltr'><strong>simae</strong></span> <span class='ocrx_word' id='word_1_27' title='bbox 937 465 1134 523; x_wconf 87' lang='lat' dir='ltr'><strong>recordationis</strong></span> <span class='ocrx_word' id='word_1_28' title='bbox 1149 464 1290 522; x_wconf 79' lang='lat' dir='ltr'><strong>Benedicti</strong></span> <span class='ocrx_word' id='word_1_29' title='bbox 1302 479 1392 537; x_wconf 76' lang='lat' dir='ltr'><strong>papae,</strong></span> <span class='ocrx_word' id='word_1_30' title='bbox 1408 465 1486 535; x_wconf 82' lang='lat' dir='ltr'><strong>cujus</strong></span> <span class='ocrx_word' id='word_1_31' title='bbox 1500 465 1599 537; x_wconf 89' lang='lat' dir='ltr'><strong>opibus</strong></span> <span class='ocrx_word' id='word_1_32' title='bbox 1613 464 1648 524; x_wconf 88' lang='lat' dir='ltr'><strong>dc</strong></span> 
     </span>
     <span class='ocr_line' id='line_1_4' title="bbox 97 552 1648 628; baseline -0.004 -11"><span class='ocrx_word' id='word_1_33' title='bbox 97 561 111 617; x_wconf 87' lang='lat' dir='ltr'><strong>d</strong></span> <span class='ocrx_word' id='word_1_34' title='bbox 132 568 173 617; x_wconf 88' lang='lat' dir='ltr'><strong>est</strong></span> <span class='ocrx_word' id='word_1_35' title='bbox 188 575 216 615; x_wconf 81' lang='lat' dir='ltr'><strong>tv</strong></span> <span class='ocrx_word' id='word_1_36' title='bbox 228 559 323 615; x_wconf 89' lang='lat' dir='ltr'><strong>Nonas</strong></span> <span class='ocrx_word' id='word_1_37' title='bbox 344 557 407 612; x_wconf 83' lang='lat' dir='ltr'><strong>llaii</strong></span> <span class='ocrx_word' id='word_1_38' title='bbox 429 557 571 628; x_wconf 69' lang='lat' dir='ltr'><strong>presentis</strong></span> <span class='ocrx_word' id='word_1_39' title='bbox 585 571 616 611; x_wconf 82' lang='lat' dir='ltr'><strong>rx</strong></span> <span class='ocrx_word' id='word_1_40' title='bbox 629 554 796 623; x_wconf 83' lang='lat' dir='ltr'><strong>indictionis,</strong></span> <span class='ocrx_word' id='word_1_41' title='bbox 847 561 1005 626; x_wconf 90' lang='lat' dir='ltr'><strong>paupertate</strong></span> <span class='ocrx_word' id='word_1_42' title='bbox 1021 561 1189 622; x_wconf 86' lang='lat' dir='ltr'><strong>surrexerat,</strong></span> <span class='ocrx_word' id='word_1_43' title='bbox 1205 552 1314 625; x_wconf 81' lang='lat' dir='ltr'><strong>praefati</strong></span> <span class='ocrx_word' id='word_1_44' title='bbox 1327 553 1561 610; x_wconf 77' lang='lat' dir='ltr'><strong>nomenculatoris</strong></span> <span class='ocrx_word' id='word_1_45' title='bbox 1576 553 1648 611; x_wconf 88' lang='lat' dir='ltr'><strong>Gre-</strong></span> 
     </span>
     <span class='ocr_line' id='line_1_5' title="bbox 97 640 1649 714; baseline -0.005 -9"><span class='ocrx_word' id='word_1_46' title='bbox 97 664 159 706; x_wconf 85' lang='lat' dir='ltr'><strong>ccns</strong></span> <span class='ocrx_word' id='word_1_47' title='bbox 183 646 373 703; x_wconf 88' lang='lat' dir='ltr'><strong>satisfacturus</strong></span> <span class='ocrx_word' id='word_1_48' title='bbox 397 645 477 701; x_wconf 89' lang='lat' dir='ltr'><strong>nobis</strong></span> <span class='ocrx_word' id='word_1_49' title='bbox 499 643 658 710; x_wconf 89' lang='lat' dir='ltr'><strong>occurrerit,</strong></span> <span class='ocrx_word' id='word_1_50' title='bbox 675 642 797 699; x_wconf 89' lang='lat' dir='ltr'><strong>auctori·</strong></span> <span class='ocrx_word' id='word_1_51' title='bbox 847 643 917 714; x_wconf 88' lang='lat' dir='ltr'><strong>gorii</strong></span> <span class='ocrx_word' id='word_1_52' title='bbox 937 640 1001 698; x_wconf 76' lang='lat' dir='ltr'><strong>filie</strong></span> <span class='ocrx_word' id='word_1_53' title='bbox 1015 658 1045 698; x_wconf 91' lang='lat' dir='ltr'><strong>se</strong></span> <span class='ocrx_word' id='word_1_54' title='bbox 1060 640 1205 699; x_wconf 88' lang='lat' dir='ltr'><strong>fornicario</strong></span> <span class='ocrx_word' id='word_1_55' title='bbox 1229 657 1305 698; x_wconf 87' lang='lat' dir='ltr'><strong>more</strong></span> <span class='ocrx_word' id='word_1_56' title='bbox 1328 641 1499 698; x_wconf 88' lang='lat' dir='ltr'><strong>commiscuit</strong></span> <span class='ocrx_word' id='word_1_57' title='bbox 1515 659 1522 696; x_wconf 78' lang='lat' dir='ltr'><strong><em>z</em></strong></span> <span class='ocrx_word' id='word_1_58' title='bbox 1538 649 1649 714; x_wconf 85' lang='lat' dir='ltr'><strong>propter</strong></span> 
     </span>
     <span class='ocr_line' id='line_1_6' title="bbox 100 729 1649 807; baseline -0.005 -15"><span class='ocrx_word' id='word_1_59' title='bbox 100 736 204 807; x_wconf 85' lang='lat' dir='ltr'><strong>judicio</strong></span> <span class='ocrx_word' id='word_1_60' title='bbox 228 735 316 790; x_wconf 92' lang='lat' dir='ltr'><strong>sancti</strong></span> <span class='ocrx_word' id='word_1_61' title='bbox 345 733 461 804; x_wconf 85' lang='lat' dir='ltr'><strong>Spiritus</strong></span> <span class='ocrx_word' id='word_1_62' title='bbox 483 732 529 804; x_wconf 91' lang='lat' dir='ltr'><strong>qui</strong></span> <span class='ocrx_word' id='word_1_63' title='bbox 553 748 663 803; x_wconf 89' lang='lat' dir='ltr'><strong>semper</strong></span> <span class='ocrx_word' id='word_1_64' title='bbox 687 729 799 804; x_wconf 89' lang='lat' dir='ltr'><strong>effugiet</strong></span> <span class='ocrx_word' id='word_1_65' title='bbox 848 746 927 803; x_wconf 88' lang='lat' dir='ltr'><strong>quarn</strong></span> <span class='ocrx_word' id='word_1_66' title='bbox 942 745 1012 802; x_wconf 89' lang='lat' dir='ltr'><strong>pene</strong></span> <span class='ocrx_word' id='word_1_67' title='bbox 1035 731 1144 802; x_wconf 89' lang='lat' dir='ltr'><strong>pubhce</strong></span> <span class='ocrx_word' id='word_1_68' title='bbox 1164 729 1223 799; x_wconf 87' lang='lat' dir='ltr'><strong>jam</strong></span> <span class='ocrx_word' id='word_1_69' title='bbox 1238 730 1339 785; x_wconf 91' lang='lat' dir='ltr'><strong>dictam</strong></span> <span class='ocrx_word' id='word_1_70' title='bbox 1362 729 1512 803; x_wconf 74' lang='lat' dir='ltr'><strong>legitimam</strong></span> <span class='ocrx_word' id='word_1_71' title='bbox 1535 744 1649 786; x_wconf 75' lang='lat' dir='ltr'><strong>morem</strong></span> 
     </span>
     <span class='ocr_line' id='line_1_7' title="bbox 113 817 1650 892; baseline -0.004 -12"><span class='ocrx_word' id='word_1_72' title='bbox 113 824 187 880; x_wconf 93' lang='lat' dir='ltr'><strong>omni</strong></span> <span class='ocrx_word' id='word_1_73' title='bbox 203 822 369 879; x_wconf 86' lang='lat' dir='ltr'><strong>sacerdotali</strong></span> <span class='ocrx_word' id='word_1_74' title='bbox 383 821 534 877; x_wconf 90' lang='lat' dir='ltr'><strong>ministerio</strong></span> <span class='ocrx_word' id='word_1_75' title='bbox 549 820 656 892; x_wconf 91' lang='lat' dir='ltr'><strong>penitus</strong></span> <span class='ocrx_word' id='word_1_76' title='bbox 671 819 798 875; x_wconf 90' lang='lat' dir='ltr'><strong>denuda·</strong></span> <span class='ocrx_word' id='word_1_77' title='bbox 847 817 971 889; x_wconf 89' lang='lat' dir='ltr'><strong>peremit.</strong></span> <span class='ocrx_word' id='word_1_78' title='bbox 986 818 1027 874; x_wconf 88' lang='lat' dir='ltr'><strong>De</strong></span> <span class='ocrx_word' id='word_1_79' title='bbox 1040 819 1118 888; x_wconf 89' lang='lat' dir='ltr'><strong>cujus</strong></span> <span class='ocrx_word' id='word_1_80' title='bbox 1132 817 1289 884; x_wconf 91' lang='lat' dir='ltr'><strong>homicidio,</strong></span> <span class='ocrx_word' id='word_1_81' title='bbox 1305 826 1329 872; x_wconf 93' lang='lat' dir='ltr'><strong>et</strong></span> <span class='ocrx_word' id='word_1_82' title='bbox 1345 817 1514 889; x_wconf 86' lang='lat' dir='ltr'><strong>principibus</strong></span> <span class='ocrx_word' id='word_1_83' title='bbox 1540 818 1650 874; x_wconf 90' lang='lat' dir='ltr'><strong>adulte·</strong></span> 
     </span>
     <span class='ocr_line' id='line_1_8' title="bbox 97 905 1649 982; baseline -0.005 -13"><span class='ocrx_word' id='word_1_84' title='bbox 97 911 301 982; x_wconf 80' lang='lat' dir='ltr'><strong>rejudicamus.</strong></span> <span class='ocrx_word' id='word_1_85' title='bbox 316 909 448 966; x_wconf 82' lang='lat' dir='ltr'><strong>iudicatis</strong></span> <span class='ocrx_word' id='word_1_86' title='bbox 463 917 490 965; x_wconf 87' lang='lat' dir='ltr'><strong>et</strong></span> <span class='ocrx_word' id='word_1_87' title='bbox 504 924 553 965; x_wconf 87' lang='lat' dir='ltr'><strong>vos</strong></span> <span class='ocrx_word' id='word_1_88' title='bbox 567 908 624 964; x_wconf 77' lang='lat' dir='ltr'><strong>ita?</strong></span> <span class='ocrx_word' id='word_1_89' title='bbox 639 907 799 978; x_wconf 84' lang='lat' dir='ltr'><strong>liesponde·</strong></span> <span class='ocrx_word' id='word_1_90' title='bbox 848 907 923 963; x_wconf 91' lang='lat' dir='ltr'><strong>rinos</strong></span> <span class='ocrx_word' id='word_1_91' title='bbox 949 905 1049 961; x_wconf 90' lang='lat' dir='ltr'><strong>missos</strong></span> <span class='ocrx_word' id='word_1_92' title='bbox 1078 922 1187 975; x_wconf 88' lang='lat' dir='ltr'><strong>eruens,</strong></span> <span class='ocrx_word' id='word_1_93' title='bbox 1212 905 1385 976; x_wconf 78' lang='lat' dir='ltr'><strong>adjudicante</strong></span> <span class='ocrx_word' id='word_1_94' title='bbox 1414 905 1526 961; x_wconf 88' lang='lat' dir='ltr'><strong>conscio</strong></span> <span class='ocrx_word' id='word_1_95' title='bbox 1550 920 1649 963; x_wconf 89' lang='lat' dir='ltr'><strong>socero</strong></span> 
     </span>
     <span class='ocr_line' id='line_1_9' title="bbox 97 991 1649 1067; baseline -0.005 -11"><span class='ocrx_word' id='word_1_96' title='bbox 97 1016 169 1056; x_wconf 87' lang='lat' dir='ltr'><strong>mnes</strong></span> <span class='ocrx_word' id='word_1_97' title='bbox 185 1017 193 1055; x_wconf 91' lang='lat'>:</span> <span class='ocrx_word' id='word_1_98' title='bbox 207 998 376 1055; x_wconf 81' lang='lat' dir='ltr'><strong>iudicamus.</strong></span> <span class='ocrx_word' id='word_1_99' title='bbox 393 997 445 1067; x_wconf 86' lang='lat' dir='ltr'><strong>Qui</strong></span> <span class='ocrx_word' id='word_1_100' title='bbox 461 997 484 1052; x_wconf 93' lang='lat' dir='ltr'><strong>si</strong></span> <span class='ocrx_word' id='word_1_101' title='bbox 499 1012 550 1053; x_wconf 91' lang='lat' dir='ltr'><strong>nec</strong></span> <span class='ocrx_word' id='word_1_102' title='bbox 564 997 643 1066; x_wconf 78' lang='lat' dir='ltr'><strong>huius</strong></span> <span class='ocrx_word' id='word_1_103' title='bbox 662 995 798 1050; x_wconf 85' lang='lat' dir='ltr'><strong>dilationis</strong></span> <span class='ocrx_word' id='word_1_104' title='bbox 847 993 981 1050; x_wconf 89' lang='lat' dir='ltr'><strong>nefandus</strong></span> <span class='ocrx_word' id='word_1_105' title='bbox 996 993 1237 1066; x_wconf 90' lang='lat' dir='ltr'><strong>genorimpunitus</strong></span> <span class='ocrx_word' id='word_1_106' title='bbox 1248 994 1341 1049; x_wconf 78' lang='lat' dir='ltr'><strong>exiliit.</strong></span> <span class='ocrx_word' id='word_1_107' title='bbox 1353 991 1459 1067; x_wconf 87' lang='lat' dir='ltr'><strong>Quique</strong></span> <span class='ocrx_word' id='word_1_108' title='bbox 1467 1001 1528 1066; x_wconf 90' lang='lat' dir='ltr'><strong>post</strong></span> <span class='ocrx_word' id='word_1_109' title='bbox 1538 992 1649 1050; x_wconf 86' lang='lat' dir='ltr'><strong>diversa</strong></span> 
     </span>
     <span class='ocr_line' id='line_1_10' title="bbox 97 1080 1648 1156; baseline -0.006 -11"><span class='ocrx_word' id='word_1_110' title='bbox 97 1088 172 1145; x_wconf 88' lang='lat' dir='ltr'><strong>tione</strong></span> <span class='ocrx_word' id='word_1_111' title='bbox 196 1095 359 1151; x_wconf 89' lang='lat' dir='ltr'><strong>commotus,</strong></span> <span class='ocrx_word' id='word_1_112' title='bbox 384 1085 522 1140; x_wconf 88' lang='lat' dir='ltr'><strong>humiliter</strong></span> <span class='ocrx_word' id='word_1_113' title='bbox 537 1101 566 1140; x_wconf 90' lang='lat' dir='ltr'><strong>se</strong></span> <span class='ocrx_word' id='word_1_114' title='bbox 580 1092 642 1156; x_wconf 87' lang='lat' dir='ltr'><strong>post</strong></span> <span class='ocrx_word' id='word_1_115' title='bbox 665 1083 737 1138; x_wconf 89' lang='lat' dir='ltr'><strong>diem</strong></span> <span class='ocrx_word' id='word_1_116' title='bbox 751 1085 797 1149; x_wconf 73' lang='lat'><strong>20,</strong></span> <span class='ocrx_word' id='word_1_117' title='bbox 848 1080 1004 1149; x_wconf 89' lang='lat' dir='ltr'><strong>homicidia,</strong></span> <span class='ocrx_word' id='word_1_118' title='bbox 1021 1080 1232 1152; x_wconf 73' lang='lat' dir='ltr'><strong>depredationis</strong></span> <span class='ocrx_word' id='word_1_119' title='bbox 1240 1088 1267 1137; x_wconf 90' lang='lat' dir='ltr'><strong>et</strong></span> <span class='ocrx_word' id='word_1_120' title='bbox 1276 1081 1454 1153; x_wconf 89' lang='lat' dir='ltr'><strong>malignitatis</strong></span> <span class='ocrx_word' id='word_1_121' title='bbox 1467 1089 1648 1155; x_wconf 87' lang='lat' dir='ltr'><strong>genera,tam</strong></span> 
     </span>
     <span class='ocr_line' id='line_1_11' title="bbox 112 1168 1650 1244; baseline -0.005 -13"><span class='ocrx_word' id='word_1_122' title='bbox 112 1192 153 1231; x_wconf 87' lang='lat' dir='ltr'><strong>vu</strong></span> <span class='ocrx_word' id='word_1_123' title='bbox 176 1176 240 1230; x_wconf 91' lang='lat' dir='ltr'><strong>ldus</strong></span> <span class='ocrx_word' id='word_1_124' title='bbox 265 1174 387 1244; x_wconf 83' lang='lat' dir='ltr'><strong>ejusdem</strong></span> <span class='ocrx_word' id='word_1_125' title='bbox 414 1172 477 1228; x_wconf 89' lang='lat' dir='ltr'><strong>lfaii</strong></span> <span class='ocrx_word' id='word_1_126' title='bbox 504 1173 615 1239; x_wconf 85' lang='lat' dir='ltr'><strong>mensis,</strong></span> <span class='ocrx_word' id='word_1_127' title='bbox 646 1170 799 1241; x_wconf 70' lang='lat' dir='ltr'><strong>presentiae</strong></span> <span class='ocrx_word' id='word_1_128' title='bbox 848 1169 1052 1241; x_wconf 90' lang='lat' dir='ltr'><strong>patriarchium,</strong></span> <span class='ocrx_word' id='word_1_129' title='bbox 1070 1184 1151 1242; x_wconf 89' lang='lat' dir='ltr'><strong>quarn</strong></span> <span class='ocrx_word' id='word_1_130' title='bbox 1167 1168 1325 1224; x_wconf 89' lang='lat' dir='ltr'><strong>vestiarium</strong></span> <span class='ocrx_word' id='word_1_131' title='bbox 1341 1169 1415 1225; x_wconf 79' lang='lat' dir='ltr'><strong>sadis</strong></span> <span class='ocrx_word' id='word_1_132' title='bbox 1428 1168 1586 1240; x_wconf 86' lang='lat' dir='ltr'><strong>apostolicae</strong></span> <span class='ocrx_word' id='word_1_133' title='bbox 1596 1168 1650 1225; x_wconf 91' lang='lat' dir='ltr'><strong>sibi</strong></span> 
     </span>
     <span class='ocr_line' id='line_1_12' title="bbox 97 1257 1648 1330; baseline -0.002 -14"><span class='ocrx_word' id='word_1_134' title='bbox 97 1286 100 1316; x_wconf 69' lang='lat' dir='ltr'><strong>r</strong></span> <span class='ocrx_word' id='word_1_135' title='bbox 121 1262 283 1329; x_wconf 86' lang='lat' dir='ltr'><strong>reddiderit,</strong></span> <span class='ocrx_word' id='word_1_136' title='bbox 308 1261 353 1318; x_wconf 89' lang='lat' dir='ltr'><strong>vel</strong></span> <span class='ocrx_word' id='word_1_137' title='bbox 367 1261 390 1316; x_wconf 94' lang='lat' dir='ltr'><strong>si</strong></span> <span class='ocrx_word' id='word_1_138' title='bbox 403 1261 431 1316; x_wconf 92' lang='lat' dir='ltr'><strong>in</strong></span> <span class='ocrx_word' id='word_1_139' title='bbox 453 1259 578 1316; x_wconf 87' lang='lat' dir='ltr'><strong>Ecclesia</strong></span> <span class='ocrx_word' id='word_1_140' title='bbox 598 1259 648 1314; x_wconf 86' lang='lat' dir='ltr'><strong>Dei</strong></span> <span class='ocrx_word' id='word_1_141' title='bbox 664 1259 692 1313; x_wconf 93' lang='lat' dir='ltr'><strong>in</strong></span> <span class='ocrx_word' id='word_1_142' title='bbox 706 1258 798 1329; x_wconf 89' lang='lat' dir='ltr'><strong>aliquo</strong></span> <span class='ocrx_word' id='word_1_143' title='bbox 848 1257 1034 1323; x_wconf 88' lang='lat' dir='ltr'><strong>commissum,</strong></span> <span class='ocrx_word' id='word_1_144' title='bbox 1052 1273 1107 1312; x_wconf 84' lang='lat' dir='ltr'><strong>ncn</strong></span> <span class='ocrx_word' id='word_1_145' title='bbox 1127 1264 1232 1312; x_wconf 93' lang='lat' dir='ltr'><strong>tantum</strong></span> <span class='ocrx_word' id='word_1_146' title='bbox 1253 1272 1330 1325; x_wconf 92' lang='lat' dir='ltr'><strong>auro,</strong></span> <span class='ocrx_word' id='word_1_147' title='bbox 1350 1265 1474 1329; x_wconf 88' lang='lat' dir='ltr'><strong>argento,</strong></span> <span class='ocrx_word' id='word_1_148' title='bbox 1490 1257 1534 1313; x_wconf 89' lang='lat' dir='ltr'><strong>vel</strong></span> <span class='ocrx_word' id='word_1_149' title='bbox 1548 1257 1648 1330; x_wconf 88' lang='lat' dir='ltr'><strong>palliis,</strong></span> 
     </span>
     <span class='ocr_line' id='line_1_13' title="bbox 97 1344 1651 1422; baseline -0.005 -14"><span class='ocrx_word' id='word_1_150' title='bbox 97 1351 165 1408; x_wconf 85' lang='lat' dir='ltr'><strong>bere</strong></span> <span class='ocrx_word' id='word_1_151' title='bbox 179 1349 392 1422; x_wconf 70' lang='lat' dir='ltr'><strong>presumpserit,</strong></span> <span class='ocrx_word' id='word_1_152' title='bbox 405 1350 428 1404; x_wconf 91' lang='lat' dir='ltr'><strong>si</strong></span> <span class='ocrx_word' id='word_1_153' title='bbox 438 1357 531 1403; x_wconf 90' lang='lat' dir='ltr'><strong>contra</strong></span> <span class='ocrx_word' id='word_1_154' title='bbox 542 1348 611 1403; x_wconf 91' lang='lat' dir='ltr'><strong>hanc</strong></span> <span class='ocrx_word' id='word_1_155' title='bbox 626 1360 798 1402; x_wconf 88' lang='lat' dir='ltr'><strong>communem</strong></span> <span class='ocrx_word' id='word_1_156' title='bbox 848 1362 944 1402; x_wconf 88' lang='lat' dir='ltr'><strong>verum</strong></span> <span class='ocrx_word' id='word_1_157' title='bbox 959 1345 1040 1401; x_wconf 89' lang='lat' dir='ltr'><strong>etiam</strong></span> <span class='ocrx_word' id='word_1_158' title='bbox 1063 1344 1143 1401; x_wconf 79' lang='lat' dir='ltr'><strong>aereis</strong></span> <span class='ocrx_word' id='word_1_159' title='bbox 1158 1344 1255 1418; x_wconf 88' lang='lat' dir='ltr'><strong>signis,</strong></span> <span class='ocrx_word' id='word_1_160' title='bbox 1279 1344 1405 1417; x_wconf 86' lang='lat' dir='ltr'><strong>vasisque</strong></span> <span class='ocrx_word' id='word_1_161' title='bbox 1428 1345 1541 1416; x_wconf 89' lang='lat' dir='ltr'><strong>privavit</strong></span> <span class='ocrx_word' id='word_1_162' title='bbox 1558 1363 1565 1400; x_wconf 93' lang='lat'><strong>:</strong></span> <span class='ocrx_word' id='word_1_163' title='bbox 1581 1353 1608 1401; x_wconf 92' lang='lat' dir='ltr'><strong>ct</strong></span> <span class='ocrx_word' id='word_1_164' title='bbox 1621 1345 1651 1401; x_wconf 91' lang='lat' dir='ltr'><strong>in</strong></span> 
     </span>
     <span class='ocr_line' id='line_1_14' title="bbox 97 1432 1650 1508; baseline -0.003 -14"><span class='ocrx_word' id='word_1_165' title='bbox 97 1454 120 1494; x_wconf 91' lang='lat' dir='ltr'><strong>m</strong></span> <span class='ocrx_word' id='word_1_166' title='bbox 146 1446 272 1494; x_wconf 89' lang='lat' dir='ltr'><strong>nostrum</strong></span> <span class='ocrx_word' id='word_1_167' title='bbox 298 1437 461 1492; x_wconf 90' lang='lat' dir='ltr'><strong>sententiam</strong></span> <span class='ocrx_word' id='word_1_168' title='bbox 493 1450 577 1508; x_wconf 89' lang='lat' dir='ltr'><strong>agere</strong></span> <span class='ocrx_word' id='word_1_169' title='bbox 602 1434 645 1489; x_wconf 91' lang='lat' dir='ltr'><strong>vel</strong></span> <span class='ocrx_word' id='word_1_170' title='bbox 667 1434 799 1490; x_wconf 86' lang='lat' dir='ltr'><strong>resultare</strong></span> <span class='ocrx_word' id='word_1_171' title='bbox 849 1434 976 1489; x_wconf 90' lang='lat' dir='ltr'><strong>omnibus</strong></span> <span class='ocrx_word' id='word_1_172' title='bbox 988 1433 1175 1504; x_wconf 88' lang='lat' dir='ltr'><strong>impietatibus</strong></span> <span class='ocrx_word' id='word_1_173' title='bbox 1191 1448 1314 1489; x_wconf 85' lang='lat' dir='ltr'><strong>socerum</strong></span> <span class='ocrx_word' id='word_1_174' title='bbox 1331 1432 1456 1504; x_wconf 89' lang='lat' dir='ltr'><strong>loquens,</strong></span> <span class='ocrx_word' id='word_1_175' title='bbox 1472 1433 1527 1488; x_wconf 89' lang='lat' dir='ltr'><strong>imo</strong></span> <span class='ocrx_word' id='word_1_176' title='bbox 1540 1448 1650 1504; x_wconf 74' lang='lat' dir='ltr'><strong>prave-</strong></span> 
     </span>
     <span class='ocr_line' id='line_1_15' title="bbox 97 1520 1651 1593; baseline -0.006 -8"><span class='ocrx_word' id='word_1_177' title='bbox 97 1526 154 1593; x_wconf 83' lang='lat' dir='ltr'><strong>crit,</strong></span> <span class='ocrx_word' id='word_1_178' title='bbox 176 1526 320 1581; x_wconf 90' lang='lat' dir='ltr'><strong>anathema</strong></span> <span class='ocrx_word' id='word_1_179' title='bbox 339 1524 400 1579; x_wconf 90' lang='lat' dir='ltr'><strong>sita</strong></span> <span class='ocrx_word' id='word_1_180' title='bbox 417 1525 505 1590; x_wconf 90' lang='lat' dir='ltr'><strong>Patre,</strong></span> <span class='ocrx_word' id='word_1_181' title='bbox 523 1531 549 1578; x_wconf 89' lang='lat' dir='ltr'><strong>et</strong></span> <span class='ocrx_word' id='word_1_182' title='bbox 564 1522 641 1588; x_wconf 89' lang='lat' dir='ltr'><strong>Filio,</strong></span> <span class='ocrx_word' id='word_1_183' title='bbox 658 1529 685 1577; x_wconf 87' lang='lat' dir='ltr'><strong>et</strong></span> <span class='ocrx_word' id='word_1_184' title='bbox 699 1520 799 1592; x_wconf 91' lang='lat' dir='ltr'><strong>Spiritu</strong></span> <span class='ocrx_word' id='word_1_185' title='bbox 848 1521 936 1588; x_wconf 91' lang='lat' dir='ltr'><strong>niens,</strong></span> <span class='ocrx_word' id='word_1_186' title='bbox 954 1521 1097 1578; x_wconf 88' lang='lat' dir='ltr'><strong>Saracenis</strong></span> <span class='ocrx_word' id='word_1_187' title='bbox 1119 1520 1239 1592; x_wconf 89' lang='lat' dir='ltr'><strong>undique</strong></span> <span class='ocrx_word' id='word_1_188' title='bbox 1261 1520 1445 1587; x_wconf 71' lang='lat' dir='ltr'><strong>sarientibus,</strong></span> <span class='ocrx_word' id='word_1_189' title='bbox 1468 1529 1562 1593; x_wconf 90' lang='lat' dir='ltr'><strong>portas</strong></span> <span class='ocrx_word' id='word_1_190' title='bbox 1575 1521 1651 1578; x_wconf 91' lang='lat' dir='ltr'><strong>urbis</strong></span> 
     </span>
     <span class='ocr_line' id='line_1_16' title="bbox 98 1607 1650 1684; baseline -0.003 -15"><span class='ocrx_word' id='word_1_191' title='bbox 98 1656 105 1683; x_wconf 94' lang='lat'><strong>,</strong></span> <span class='ocrx_word' id='word_1_192' title='bbox 130 1629 323 1684; x_wconf 88' lang='lat' dir='ltr'><strong>nunquamque</strong></span> <span class='ocrx_word' id='word_1_193' title='bbox 346 1612 374 1666; x_wconf 91' lang='lat' dir='ltr'><strong>in</strong></span> <span class='ocrx_word' id='word_1_194' title='bbox 395 1612 450 1667; x_wconf 92' lang='lat' dir='ltr'><strong>ulla</strong></span> <span class='ocrx_word' id='word_1_195' title='bbox 465 1611 569 1682; x_wconf 88' lang='lat' dir='ltr'><strong>synodo</strong></span> <span class='ocrx_word' id='word_1_196' title='bbox 584 1607 800 1680; x_wconf 85' lang='lat' dir='ltr'><strong>recuperationis</strong></span> <span class='ocrx_word' id='word_1_197' title='bbox 850 1625 912 1666; x_wconf 90' lang='lat' dir='ltr'><strong>cum</strong></span> <span class='ocrx_word' id='word_1_198' title='bbox 927 1625 960 1665; x_wconf 91' lang='lat' dir='ltr'><strong>eo</strong></span> <span class='ocrx_word' id='word_1_199' title='bbox 973 1608 1163 1664; x_wconf 85' lang='lat' dir='ltr'><strong>fraudulenter</strong></span> <span class='ocrx_word' id='word_1_200' title='bbox 1183 1609 1300 1680; x_wconf 89' lang='lat' dir='ltr'><strong>aperuit,</strong></span> <span class='ocrx_word' id='word_1_201' title='bbox 1317 1617 1342 1665; x_wconf 89' lang='lat' dir='ltr'><strong>et</strong></span> <span class='ocrx_word' id='word_1_202' title='bbox 1357 1625 1420 1665; x_wconf 91' lang='lat' dir='ltr'><strong>cum</strong></span> <span class='ocrx_word' id='word_1_203' title='bbox 1434 1609 1487 1665; x_wconf 92' lang='lat' dir='ltr'><strong>sihi</strong></span> <span class='ocrx_word' id='word_1_204' title='bbox 1508 1609 1650 1681; x_wconf 89' lang='lat' dir='ltr'><strong>conspira-</strong></span> 
     </span>
     <span class='ocr_line' id='line_1_17' title="bbox 100 1696 1652 1788; baseline -0.003 -31"><span class='ocrx_word' id='word_1_205' title='bbox 100 1708 149 1757; x_wconf 87' lang='lat' dir='ltr'><strong>aut</strong></span> <span class='ocrx_word' id='word_1_206' title='bbox 161 1699 355 1756; x_wconf 79' lang='lat' dir='ltr'><strong>satisfactionis</strong></span> <span class='ocrx_word' id='word_1_207' title='bbox 368 1699 471 1754; x_wconf 91' lang='lat' dir='ltr'><strong>aditum</strong></span> <span class='ocrx_word' id='word_1_208' title='bbox 486 1698 537 1752; x_wconf 92' lang='lat' dir='ltr'><strong>sibi</strong></span> <span class='ocrx_word' id='word_1_209' title='bbox 552 1697 656 1754; x_wconf 88' lang='lat' dir='ltr'><strong>noverit</strong></span> <span class='ocrx_word' id='word_1_210' title='bbox 669 1712 836 1788; x_wconf 80' lang='lat' dir='ltr'><strong>reserva-B</strong></span> <span class='ocrx_word' id='word_1_211' title='bbox 851 1697 969 1753; x_wconf 89' lang='lat' dir='ltr'><strong>tionibus</strong></span> <span class='ocrx_word' id='word_1_212' title='bbox 993 1705 1086 1754; x_wconf 89' lang='lat' dir='ltr'><strong>contra</strong></span> <span class='ocrx_word' id='word_1_213' title='bbox 1106 1696 1222 1752; x_wconf 89' lang='lat' dir='ltr'><strong>salutern</strong></span> <span class='ocrx_word' id='word_1_214' title='bbox 1243 1697 1398 1770; x_wconf 74' lang='lat' dir='ltr'><strong>reipublicae</strong></span> <span class='ocrx_word' id='word_1_215' title='bbox 1419 1697 1590 1771; x_wconf 79' lang='lat' dir='ltr'><strong>demigravit.</strong></span> <span class='ocrx_word' id='word_1_216' title='bbox 1606 1697 1652 1754; x_wconf 91' lang='lat' dir='ltr'><strong>Si·</strong></span> 
     </span>
     <span class='ocr_line' id='line_1_18' title="bbox 102 1784 1652 1862; baseline -0.003 -16"><span class='ocrx_word' id='word_1_217' title='bbox 102 1789 267 1862; x_wconf 88' lang='lat' dir='ltr'><strong>Gregorium</strong></span> <span class='ocrx_word' id='word_1_218' title='bbox 304 1787 574 1853; x_wconf 88' lang='lat' dir='ltr'><strong>nomenculatorem,</strong></span> <span class='ocrx_word' id='word_1_219' title='bbox 603 1784 799 1856; x_wconf 79' lang='lat' dir='ltr'><strong>Theophvlacti</strong></span> <span class='ocrx_word' id='word_1_220' title='bbox 852 1786 963 1858; x_wconf 87' lang='lat' dir='ltr'><strong>mulque</strong></span> <span class='ocrx_word' id='word_1_221' title='bbox 978 1785 1105 1858; x_wconf 88' lang='lat' dir='ltr'><strong>Sergium</strong></span> <span class='ocrx_word' id='word_1_222' title='bbox 1120 1785 1282 1857; x_wconf 87' lang='lat' dir='ltr'><strong>magistrum</strong></span> <span class='ocrx_word' id='word_1_223' title='bbox 1295 1784 1421 1851; x_wconf 87' lang='lat' dir='ltr'><strong>militum,</strong></span> <span class='ocrx_word' id='word_1_224' title='bbox 1441 1786 1577 1842; x_wconf 88' lang='lat' dir='ltr'><strong>Theodori</strong></span> <span class='ocrx_word' id='word_1_225' title='bbox 1591 1801 1652 1841; x_wconf 87' lang='lat' dir='ltr'><strong>ma-</strong></span> 
     </span>
     <span class='ocr_line' id='line_1_19' title="bbox 97 1871 1651 1947; baseline -0.001 -14"><span class='ocrx_word' id='word_1_226' title='bbox 97 1894 140 1933; x_wconf 83' lang='lat' dir='ltr'><strong>am</strong></span> <span class='ocrx_word' id='word_1_227' title='bbox 162 1875 393 1932; x_wconf 89' lang='lat' dir='ltr'><strong>nomenculatoris</strong></span> <span class='ocrx_word' id='word_1_228' title='bbox 415 1874 511 1941; x_wconf 87' lang='lat' dir='ltr'><strong>filium,</strong></span> <span class='ocrx_word' id='word_1_229' title='bbox 541 1874 587 1945; x_wconf 93' lang='lat' dir='ltr'><strong>qui</strong></span> <span class='ocrx_word' id='word_1_230' title='bbox 613 1872 800 1943; x_wconf 87' lang='lat' dir='ltr'><strong>jusjurandum</strong></span> <span class='ocrx_word' id='word_1_231' title='bbox 852 1874 930 1947; x_wconf 86' lang='lat' dir='ltr'><strong>gistri</strong></span> <span class='ocrx_word' id='word_1_232' title='bbox 939 1873 1053 1928; x_wconf 91' lang='lat' dir='ltr'><strong>militum</strong></span> <span class='ocrx_word' id='word_1_233' title='bbox 1064 1871 1215 1945; x_wconf 82' lang='lat' dir='ltr'><strong>filium,qui</strong></span> <span class='ocrx_word' id='word_1_234' title='bbox 1225 1873 1383 1929; x_wconf 72' lang='lat' dir='ltr'><strong>reverendas</strong></span> <span class='ocrx_word' id='word_1_235' title='bbox 1396 1873 1537 1930; x_wconf 76' lang='lat' dir='ltr'><strong>memoria</strong></span> <span class='ocrx_word' id='word_1_236' title='bbox 1550 1874 1651 1932; x_wconf 90' lang='lat' dir='ltr'><strong>domno</strong></span> 
     </span>
     <span class='ocr_line' id='line_1_20' title="bbox 97 1959 1654 2034; baseline -0.002 -14"><span class='ocrx_word' id='word_1_237' title='bbox 97 1982 135 2022; x_wconf 80' lang='lat' dir='ltr'><strong>usa</strong></span> <span class='ocrx_word' id='word_1_238' title='bbox 149 1965 259 2020; x_wconf 89' lang='lat' dir='ltr'><strong>diverso</strong></span> <span class='ocrx_word' id='word_1_239' title='bbox 274 1964 356 2019; x_wconf 92' lang='lat' dir='ltr'><strong>modo</strong></span> <span class='ocrx_word' id='word_1_240' title='bbox 371 1977 559 2033; x_wconf 89' lang='lat' dir='ltr'><strong>corrumpens,</strong></span> <span class='ocrx_word' id='word_1_241' title='bbox 576 1962 721 2033; x_wconf 90' lang='lat' dir='ltr'><strong>puritatem</strong></span> <span class='ocrx_word' id='word_1_242' title='bbox 735 1976 801 2015; x_wconf 89' lang='lat' dir='ltr'><strong>san-</strong></span> <span class='ocrx_word' id='word_1_243' title='bbox 851 1962 977 2029; x_wconf 90' lang='lat' dir='ltr'><strong>Nicolao,</strong></span> <span class='ocrx_word' id='word_1_244' title='bbox 994 1963 1071 2030; x_wconf 88' lang='lat' dir='ltr'><strong>cnjus</strong></span> <span class='ocrx_word' id='word_1_245' title='bbox 1096 1968 1207 2032; x_wconf 90' lang='lat' dir='ltr'><strong>neptem</strong></span> <span class='ocrx_word' id='word_1_246' title='bbox 1220 1960 1248 2016; x_wconf 91' lang='lat' dir='ltr'><strong>in</strong></span> <span class='ocrx_word' id='word_1_247' title='bbox 1262 1959 1420 2034; x_wconf 88' lang='lat' dir='ltr'><strong>conjugium</strong></span> <span class='ocrx_word' id='word_1_248' title='bbox 1435 1962 1599 2033; x_wconf 90' lang='lat' dir='ltr'><strong>suscipiens,</strong></span> <span class='ocrx_word' id='word_1_249' title='bbox 1615 1963 1654 2017; x_wconf 93' lang='lat' dir='ltr'><strong>ita</strong></span> 
     </span>
     <span class='ocr_line' id='line_1_21' title="bbox 97 2048 1653 2124; baseline -0.004 -14"><span class='ocrx_word' id='word_1_250' title='bbox 97 2053 119 2110; x_wconf 87' lang='lat' dir='ltr'><strong>ei</strong></span> <span class='ocrx_word' id='word_1_251' title='bbox 133 2052 264 2109; x_wconf 79' lang='lat' dir='ltr'><strong>Ecclesiae</strong></span> <span class='ocrx_word' id='word_1_252' title='bbox 287 2052 344 2107; x_wconf 91' lang='lat' dir='ltr'><strong>suis</strong></span> <span class='ocrx_word' id='word_1_253' title='bbox 368 2050 564 2116; x_wconf 87' lang='lat' dir='ltr'><strong>fraudulentiis,</strong></span> <span class='ocrx_word' id='word_1_254' title='bbox 580 2049 710 2116; x_wconf 84' lang='lat' dir='ltr'><strong>avaritiis,</strong></span> <span class='ocrx_word' id='word_1_255' title='bbox 727 2048 801 2118; x_wconf 89' lang='lat' dir='ltr'><strong>rapi·</strong></span> <span class='ocrx_word' id='word_1_256' title='bbox 852 2050 978 2124; x_wconf 87' lang='lat' dir='ltr'><strong>ingratus</strong></span> <span class='ocrx_word' id='word_1_257' title='bbox 992 2064 1025 2107; x_wconf 93' lang='lat' dir='ltr'><strong>ac</strong></span> <span class='ocrx_word' id='word_1_258' title='bbox 1039 2049 1202 2105; x_wconf 89' lang='lat' dir='ltr'><strong>inhumanus</strong></span> <span class='ocrx_word' id='word_1_259' title='bbox 1228 2048 1377 2116; x_wconf 84' lang='lat' dir='ltr'><strong>exstiterat,</strong></span> <span class='ocrx_word' id='word_1_260' title='bbox 1393 2057 1423 2104; x_wconf 93' lang='lat' dir='ltr'><strong>ut</strong></span> <span class='ocrx_word' id='word_1_261' title='bbox 1437 2049 1544 2105; x_wconf 88' lang='lat' dir='ltr'><strong>vivente</strong></span> <span class='ocrx_word' id='word_1_262' title='bbox 1565 2064 1609 2117; x_wconf 89' lang='lat' dir='ltr'><strong>eo,</strong></span> <span class='ocrx_word' id='word_1_263' title='bbox 1625 2056 1653 2106; x_wconf 89' lang='lat' dir='ltr'><strong>et</strong></span> 
     </span>
     <span class='ocr_line' id='line_1_22' title="bbox 97 2136 1653 2214; baseline -0.003 -17"><span class='ocrx_word' id='word_1_264' title='bbox 97 2140 275 2214; x_wconf 82' lang='lat' dir='ltr'><strong>spiditatibus,</strong></span> <span class='ocrx_word' id='word_1_265' title='bbox 291 2139 425 2210; x_wconf 91' lang='lat' dir='ltr'><strong>simulque</strong></span> <span class='ocrx_word' id='word_1_266' title='bbox 450 2138 652 2202; x_wconf 88' lang='lat' dir='ltr'><strong>calliditatibus,</strong></span> <span class='ocrx_word' id='word_1_267' title='bbox 669 2153 719 2207; x_wconf 93' lang='lat' dir='ltr'><strong>per</strong></span> <span class='ocrx_word' id='word_1_268' title='bbox 740 2143 802 2192; x_wconf 90' lang='lat' dir='ltr'><strong>octo</strong></span> <span class='ocrx_word' id='word_1_269' title='bbox 853 2137 881 2192; x_wconf 91' lang='lat' dir='ltr'><strong>in</strong></span> <span class='ocrx_word' id='word_1_270' title='bbox 895 2137 1023 2194; x_wconf 89' lang='lat' dir='ltr'><strong>extremis</strong></span> <span class='ocrx_word' id='word_1_271' title='bbox 1037 2137 1137 2208; x_wconf 92' lang='lat' dir='ltr'><strong>posito,</strong></span> <span class='ocrx_word' id='word_1_272' title='bbox 1149 2137 1237 2193; x_wconf 87' lang='lat' dir='ltr'><strong>eidem</strong></span> <span class='ocrx_word' id='word_1_273' title='bbox 1248 2137 1391 2193; x_wconf 85' lang='lat' dir='ltr'><strong>thesauros</strong></span> <span class='ocrx_word' id='word_1_274' title='bbox 1405 2152 1471 2192; x_wconf 88' lang='lat' dir='ltr'><strong>suos</strong></span> <span class='ocrx_word' id='word_1_275' title='bbox 1485 2136 1521 2192; x_wconf 88' lang='lat' dir='ltr'><strong>ad</strong></span> <span class='ocrx_word' id='word_1_276' title='bbox 1537 2136 1653 2193; x_wconf 77' lang='lat' dir='ltr'><strong>eleemo</strong></span> 
     </span>
     <span class='ocr_line' id='line_1_23' title="bbox 111 2223 1653 2298; baseline -0.003 -14"><span class='ocrx_word' id='word_1_277' title='bbox 111 2243 247 2284; x_wconf 75' lang='lat' dir='ltr'><strong>amorum</strong></span> <span class='ocrx_word' id='word_1_278' title='bbox 272 2226 392 2282; x_wconf 88' lang='lat' dir='ltr'><strong>curicula</strong></span> <span class='ocrx_word' id='word_1_279' title='bbox 417 2225 567 2294; x_wconf 88' lang='lat' dir='ltr'><strong>maculans,</strong></span> <span class='ocrx_word' id='word_1_280' title='bbox 596 2240 730 2280; x_wconf 90' lang='lat' dir='ltr'><strong>summum</strong></span> <span class='ocrx_word' id='word_1_281' title='bbox 746 2224 802 2280; x_wconf 83' lang='lat' dir='ltr'><strong>lio·</strong></span> <span class='ocrx_word' id='word_1_282' title='bbox 854 2241 935 2297; x_wconf 88' lang='lat' dir='ltr'><strong>synas</strong></span> <span class='ocrx_word' id='word_1_283' title='bbox 950 2224 1103 2282; x_wconf 88' lang='lat' dir='ltr'><strong>faciendum</strong></span> <span class='ocrx_word' id='word_1_284' title='bbox 1117 2240 1179 2281; x_wconf 89' lang='lat' dir='ltr'><strong>cum</strong></span> <span class='ocrx_word' id='word_1_285' title='bbox 1199 2223 1318 2296; x_wconf 80' lang='lat' dir='ltr'><strong>praetatis</strong></span> <span class='ocrx_word' id='word_1_286' title='bbox 1342 2225 1398 2280; x_wconf 90' lang='lat' dir='ltr'><strong>suis</strong></span> <span class='ocrx_word' id='word_1_287' title='bbox 1413 2224 1591 2298; x_wconf 89' lang='lat' dir='ltr'><strong>complicibus</strong></span> <span class='ocrx_word' id='word_1_288' title='bbox 1604 2225 1653 2280; x_wconf 91' lang='lat' dir='ltr'><strong>ab·</strong></span> 
     </span>
     <span class='ocr_line' id='line_1_24' title="bbox 112 2311 1654 2387; baseline -0.002 -15"><span class='ocrx_word' id='word_1_289' title='bbox 112 2316 190 2372; x_wconf 89' lang='lat' dir='ltr'><strong>urbis</strong></span> <span class='ocrx_word' id='word_1_290' title='bbox 212 2314 379 2386; x_wconf 83' lang='lat' dir='ltr'><strong>pontificum,</strong></span> <span class='ocrx_word' id='word_1_291' title='bbox 408 2312 614 2384; x_wconf 85' lang='lat' dir='ltr'><strong>conjurantibus</strong></span> <span class='ocrx_word' id='word_1_292' title='bbox 633 2312 685 2368; x_wconf 89' lang='lat' dir='ltr'><strong>sibi</strong></span> <span class='ocrx_word' id='word_1_293' title='bbox 699 2311 803 2367; x_wconf 88' lang='lat' dir='ltr'><strong>dudum</strong></span> <span class='ocrx_word' id='word_1_294' title='bbox 853 2321 993 2387; x_wconf 72' lang='lat' dir='ltr'><strong>negasset.</strong></span> <span class='ocrx_word' id='word_1_295' title='bbox 1010 2313 1117 2387; x_wconf 86' lang='lat' dir='ltr'><strong>Quique</strong></span> <span class='ocrx_word' id='word_1_296' title='bbox 1132 2313 1230 2370; x_wconf 87' lang='lat' dir='ltr'><strong>cadem</strong></span> <span class='ocrx_word' id='word_1_297' title='bbox 1244 2328 1293 2368; x_wconf 89' lang='lat' dir='ltr'><strong>sua</strong></span> <span class='ocrx_word' id='word_1_298' title='bbox 1307 2313 1434 2386; x_wconf 85' lang='lat' dir='ltr'><strong>conjuge,</strong></span> <span class='ocrx_word' id='word_1_299' title='bbox 1449 2321 1654 2385; x_wconf 89' lang='lat' dir='ltr'><strong>propterquam</strong></span> 
     </span>
     <span class='ocr_line' id='line_1_25' title="bbox 97 2399 1654 2475; baseline -0.003 -13"><span class='ocrx_word' id='word_1_300' title='bbox 97 2402 271 2475; x_wconf 84' lang='lat' dir='ltr'><strong>amplicibus,</strong></span> <span class='ocrx_word' id='word_1_301' title='bbox 294 2403 408 2459; x_wconf 88' lang='lat' dir='ltr'><strong>factiosa</strong></span> <span class='ocrx_word' id='word_1_302' title='bbox 431 2402 580 2473; x_wconf 73' lang='lat' dir='ltr'><strong>praecipere</strong></span> <span class='ocrx_word' id='word_1_303' title='bbox 604 2399 761 2467; x_wconf 78' lang='lat' dir='ltr'><strong>affectavit3</strong></span> <span class='ocrx_word' id='word_1_304' title='bbox 777 2406 804 2455; x_wconf 92' lang='lat' dir='ltr'><strong>et</strong></span> <span class='ocrx_word' id='word_1_305' title='bbox 853 2402 888 2457; x_wconf 88' lang='lat' dir='ltr'><strong>de</strong></span> <span class='ocrx_word' id='word_1_306' title='bbox 901 2401 1020 2458; x_wconf 81' lang='lat' dir='ltr'><strong>maxima</strong></span> <span class='ocrx_word' id='word_1_307' title='bbox 1043 2408 1203 2473; x_wconf 88' lang='lat' dir='ltr'><strong>paupertate</strong></span> <span class='ocrx_word' id='word_1_308' title='bbox 1225 2400 1409 2468; x_wconf 84' lang='lat' dir='ltr'><strong>convaluerat,</strong></span> <span class='ocrx_word' id='word_1_309' title='bbox 1432 2401 1572 2470; x_wconf 89' lang='lat' dir='ltr'><strong>derelicta,</strong></span> <span class='ocrx_word' id='word_1_310' title='bbox 1592 2417 1654 2458; x_wconf 89' lang='lat' dir='ltr'><strong>cnm</strong></span> 
     </span>
     <span class='ocr_line' id='line_1_26' title="bbox 97 2488 1655 2563; baseline -0.003 -14"><span class='ocrx_word' id='word_1_311' title='bbox 97 2491 145 2549; x_wconf 85' lang='lat' dir='ltr'><strong>itis</strong></span> <span class='ocrx_word' id='word_1_312' title='bbox 159 2491 249 2563; x_wconf 92' lang='lat' dir='ltr'><strong>palam</strong></span> <span class='ocrx_word' id='word_1_313' title='bbox 262 2490 383 2546; x_wconf 88' lang='lat' dir='ltr'><strong>recitatis</strong></span> <span class='ocrx_word' id='word_1_314' title='bbox 398 2489 532 2560; x_wconf 88' lang='lat' dir='ltr'><strong>capitulis,</strong></span> <span class='ocrx_word' id='word_1_315' title='bbox 545 2496 599 2544; x_wconf 93' lang='lat' dir='ltr'><strong>tam</strong></span> <span class='ocrx_word' id='word_1_316' title='bbox 613 2488 703 2559; x_wconf 89' lang='lat' dir='ltr'><strong>primo</strong></span> <span class='ocrx_word' id='word_1_317' title='bbox 717 2502 803 2558; x_wconf 91' lang='lat' dir='ltr'><strong>penes</strong></span> <span class='ocrx_word' id='word_1_318' title='bbox 853 2488 1042 2545; x_wconf 76' lang='lat' dir='ltr'><strong>valuisindula</strong></span> <span class='ocrx_word' id='word_1_319' title='bbox 1078 2488 1239 2560; x_wconf 89' lang='lat' dir='ltr'><strong>concubina,</strong></span> <span class='ocrx_word' id='word_1_320' title='bbox 1274 2489 1397 2562; x_wconf 85' lang='lat' dir='ltr'><strong>praestito</strong></span> <span class='ocrx_word' id='word_1_321' title='bbox 1420 2489 1596 2558; x_wconf 82' lang='lat' dir='ltr'><strong>jurejurando</strong></span> <span class='ocrx_word' id='word_1_322' title='bbox 1624 2495 1655 2545; x_wconf 88' lang='lat' dir='ltr'><strong>ut</strong></span> 
     </span>
     <span class='ocr_line' id='line_1_27' title="bbox 97 2570 1653 2650; baseline 0 -18"><span class='ocrx_word' id='word_1_323' title='bbox 97 2591 134 2632; x_wconf 86' lang='lat' dir='ltr'><strong>mr</strong></span> <span class='ocrx_word' id='word_1_324' title='bbox 146 2574 234 2630; x_wconf 88' lang='lat' dir='ltr'><strong>filium</strong></span> <span class='ocrx_word' id='word_1_325' title='bbox 248 2581 373 2630; x_wconf 84' lang='lat' dir='ltr'><strong>nostrum</strong></span> <span class='ocrx_word' id='word_1_326' title='bbox 387 2572 514 2628; x_wconf 82' lang='lat' dir='ltr'><strong>Corolum</strong></span> <span class='ocrx_word' id='word_1_327' title='bbox 529 2571 734 2627; x_wconf 81' lang='lat' dir='ltr'><strong>serenissimum</strong></span> <span class='ocrx_word' id='word_1_328' title='bbox 748 2570 803 2625; x_wconf 85' lang='lat' dir='ltr'><strong>im·</strong></span> <span class='ocrx_word' id='word_1_329' title='bbox 854 2592 915 2634; x_wconf 89' lang='lat' dir='ltr'><strong>eam</strong></span> <span class='ocrx_word' id='word_1_330' title='bbox 931 2576 1087 2650; x_wconf 88' lang='lat' dir='ltr'><strong>nuptialiter</strong></span> <span class='ocrx_word' id='word_1_331' title='bbox 1108 2585 1234 2643; x_wconf 88' lang='lat' dir='ltr'><strong>sumeret,</strong></span> <span class='ocrx_word' id='word_1_332' title='bbox 1258 2592 1345 2649; x_wconf 89' lang='lat' dir='ltr'><strong>nuper</strong></span> <span class='ocrx_word' id='word_1_333' title='bbox 1359 2575 1463 2650; x_wconf 87' lang='lat' dir='ltr'><strong>effugit,</strong></span> <span class='ocrx_word' id='word_1_334' title='bbox 1480 2585 1507 2633; x_wconf 88' lang='lat' dir='ltr'><strong>et</strong></span> <span class='ocrx_word' id='word_1_335' title='bbox 1519 2576 1546 2632; x_wconf 90' lang='lat' dir='ltr'><strong>in</strong></span> <span class='ocrx_word' id='word_1_336' title='bbox 1562 2574 1653 2633; x_wconf 90' lang='lat' dir='ltr'><strong>omni·</strong></span> 
     </span>
     <span class='ocr_line' id='line_1_28' title="bbox 97 2659 1654 2738; baseline -0.001 -17"><span class='ocrx_word' id='word_1_337' title='bbox 97 2678 168 2733; x_wconf 69' lang='lat' dir='ltr'><strong>nm,</strong></span> <span class='ocrx_word' id='word_1_338' title='bbox 179 2678 261 2735; x_wconf 88' lang='lat' dir='ltr'><strong>quam</strong></span> <span class='ocrx_word' id='word_1_339' title='bbox 270 2669 368 2732; x_wconf 87' lang='lat' dir='ltr'><strong>postea</strong></span> <span class='ocrx_word' id='word_1_340' title='bbox 381 2677 466 2732; x_wconf 91' lang='lat' dir='ltr'><strong>penes</strong></span> <span class='ocrx_word' id='word_1_341' title='bbox 482 2674 532 2715; x_wconf 90' lang='lat' dir='ltr'><strong>nos</strong></span> <span class='ocrx_word' id='word_1_342' title='bbox 547 2660 581 2714; x_wconf 88' lang='lat' dir='ltr'><strong>ad</strong></span> <span class='ocrx_word' id='word_1_343' title='bbox 596 2659 804 2733; x_wconf 81' lang='lat' dir='ltr'><strong>generalitatem</strong></span> <span class='ocrx_word' id='word_1_344' title='bbox 853 2666 905 2721; x_wconf 90' lang='lat' dir='ltr'><strong>bus</strong></span> <span class='ocrx_word' id='word_1_345' title='bbox 926 2664 1113 2738; x_wconf 88' lang='lat' dir='ltr'><strong>iniquitatibus</strong></span> <span class='ocrx_word' id='word_1_346' title='bbox 1131 2680 1193 2721; x_wconf 89' lang='lat' dir='ltr'><strong>curn</strong></span> <span class='ocrx_word' id='word_1_347' title='bbox 1216 2664 1363 2720; x_wconf 90' lang='lat' dir='ltr'><strong>nominatis</strong></span> <span class='ocrx_word' id='word_1_348' title='bbox 1389 2664 1447 2720; x_wconf 90' lang='lat' dir='ltr'><strong>suis</strong></span> <span class='ocrx_word' id='word_1_349' title='bbox 1475 2664 1654 2736; x_wconf 92' lang='lat' dir='ltr'><strong>complicibus</strong></span> 
     </span>
    </p>
   </div>
   <div class='ocr_carea' id='block_1_3' title="bbox 96 2747 1657 3003">
    <p class='ocr_par' dir='ltr' id='par_1_3' title="bbox 96 2747 1657 3003">
     <span class='ocr_line' id='line_1_29' title="bbox 97 2747 1656 2827; baseline -0.003 -13"><span class='ocrx_word' id='word_1_350' title='bbox 97 2751 178 2809; x_wconf 73' lang='lat' dir='ltr'><strong>soei</strong></span> <span class='ocrx_word' id='word_1_351' title='bbox 202 2749 344 2815; x_wconf 78' lang='lat' dir='ltr'><strong>Ecclesiae,</strong></span> <span class='ocrx_word' id='word_1_352' title='bbox 369 2765 419 2820; x_wconf 86' lang='lat' dir='ltr'><strong>per</strong></span> <span class='ocrx_word' id='word_1_353' title='bbox 441 2748 572 2804; x_wconf 85' lang='lat' dir='ltr'><strong>uouuuhu</strong></span> <span class='ocrx_word' id='word_1_354' title='bbox 596 2747 804 2820; x_wconf 79' lang='lat' dir='ltr'><strong>suggestionum</strong></span> <span class='ocrx_word' id='word_1_355' title='bbox 854 2753 1030 2826; x_wconf 75' lang='lat' dir='ltr'><strong>conspirarit.</strong></span> <span class='ocrx_word' id='word_1_356' title='bbox 1057 2753 1112 2810; x_wconf 78' lang='lat' dir='ltr'><strong>snt</strong></span> <span class='ocrx_word' id='word_1_357' title='bbox 1127 2759 1155 2809; x_wconf 78' lang='lat' dir='ltr'><strong>et</strong></span> <span class='ocrx_word' id='word_1_358' title='bbox 1168 2752 1384 2823; x_wconf 77' lang='lat' dir='ltr'><strong>crustuminum,</strong></span> <span class='ocrx_word' id='word_1_359' title='bbox 1398 2751 1503 2824; x_wconf 74' lang='lat' dir='ltr'><strong>presan</strong></span> <span class='ocrx_word' id='word_1_360' title='bbox 1527 2751 1656 2827; x_wconf 79' lang='lat' dir='ltr'><strong>Gregorii</strong></span> 
     </span>
     <span class='ocr_line' id='line_1_30' title="bbox 97 2835 1656 2912; baseline -0.002 -17"><span class='ocrx_word' id='word_1_361' title='bbox 97 2838 121 2895; x_wconf 76' lang='grc' dir='ltr'><strong>ΙΙ</strong></span> <span class='ocrx_word' id='word_1_362' title='bbox 148 2838 248 2894; x_wconf 85' lang='lat' dir='ltr'><strong>noxius</strong></span> <span class='ocrx_word' id='word_1_363' title='bbox 275 2837 439 2903; x_wconf 85' lang='lat' dir='ltr'><strong>diffamatur,</strong></span> <span class='ocrx_word' id='word_1_364' title='bbox 464 2844 491 2893; x_wconf 85' lang='lat' dir='ltr'><strong>et</strong></span> <span class='ocrx_word' id='word_1_365' title='bbox 511 2849 562 2906; x_wconf 88' lang='lat' dir='ltr'><strong>pro</strong></span> <span class='ocrx_word' id='word_1_366' title='bbox 587 2835 691 2891; x_wconf 83' lang='lat' dir='ltr'><strong>eisdem</strong></span> <span class='ocrx_word' id='word_1_367' title='bbox 708 2835 804 2892; x_wconf 88' lang='lat' dir='ltr'><strong>crimi-</strong></span> <span class='ocrx_word' id='word_1_368' title='bbox 854 2840 1083 2898; x_wconf 77' lang='lat' dir='ltr'><strong>nomenculatoris</strong></span> <span class='ocrx_word' id='word_1_369' title='bbox 1107 2838 1200 2910; x_wconf 81' lang='lat' dir='ltr'><strong>filiam,</strong></span> <span class='ocrx_word' id='word_1_370' title='bbox 1226 2857 1287 2912; x_wconf 81' lang='lat' dir='ltr'><strong>qnae</strong></span> <span class='ocrx_word' id='word_1_371' title='bbox 1308 2839 1399 2912; x_wconf 87' lang='lat' dir='ltr'><strong>primo</strong></span> <span class='ocrx_word' id='word_1_372' title='bbox 1422 2856 1472 2912; x_wconf 87' lang='lat' dir='ltr'><strong>per</strong></span> <span class='ocrx_word' id='word_1_373' title='bbox 1489 2856 1656 2897; x_wconf 82' lang='lat' dir='ltr'><strong>consensum</strong></span> 
     </span>
     <span class='ocr_line' id='line_1_31' title="bbox 96 2923 1657 3003; baseline 0.003 -21"><span class='ocrx_word' id='word_1_374' title='bbox 96 2926 201 2983; x_wconf 88' lang='lat' dir='ltr'><strong>anobis</strong></span> <span class='ocrx_word' id='word_1_375' title='bbox 214 2941 264 2998; x_wconf 89' lang='lat' dir='ltr'><strong>per</strong></span> <span class='ocrx_word' id='word_1_376' title='bbox 279 2925 435 2980; x_wconf 88' lang='lat' dir='ltr'><strong>Zachariam</strong></span> <span class='ocrx_word' id='word_1_377' title='bbox 450 2931 478 2979; x_wconf 90' lang='lat' dir='ltr'><strong>et</strong></span> <span class='ocrx_word' id='word_1_378' title='bbox 492 2923 678 2980; x_wconf 91' lang='lat' dir='ltr'><strong>Gaudericum</strong></span> <span class='ocrx_word' id='word_1_379' title='bbox 693 2937 807 2980; x_wconf 82' lang='lat' dir='ltr'><strong>venera·</strong></span> <span class='ocrx_word' id='word_1_380' title='bbox 854 2929 951 3003; x_wconf 89' lang='lat' dir='ltr'><strong>patris,</strong></span> <span class='ocrx_word' id='word_1_381' title='bbox 967 2930 1019 2985; x_wconf 88' lang='lat' dir='ltr'><strong>sub</strong></span> <span class='ocrx_word' id='word_1_382' title='bbox 1040 2928 1196 2985; x_wconf 89' lang='lat' dir='ltr'><strong>conditione</strong></span> <span class='ocrx_word' id='word_1_383' title='bbox 1215 2927 1401 2999; x_wconf 88' lang='lat' dir='ltr'><strong>jurisjurandi,</strong></span> <span class='ocrx_word' id='word_1_384' title='bbox 1416 2928 1544 3002; x_wconf 85' lang='lat' dir='ltr'><strong>legaliter</strong></span> <span class='ocrx_word' id='word_1_385' title='bbox 1558 2928 1657 2986; x_wconf 86' lang='lat' dir='ltr'><strong>Cessa-</strong></span> 
     </span>
    </p>
   </div>
   <div class='ocr_carea' id='block_1_4' title="bbox 97 3011 1666 5469">
    <p class='ocr_par' dir='ltr' id='par_1_4' title="bbox 97 3011 1666 5469">
     <span class='ocr_line' id='line_1_32' title="bbox 97 3011 1657 3090; baseline 0.005 -23"><span class='ocrx_word' id='word_1_386' title='bbox 97 3014 242 3087; x_wconf 71' lang='lat' dir='ltr'><strong>episeopos,</strong></span> <span class='ocrx_word' id='word_1_387' title='bbox 260 3021 286 3069; x_wconf 92' lang='lat' dir='ltr'><strong>et</strong></span> <span class='ocrx_word' id='word_1_388' title='bbox 301 3012 524 3083; x_wconf 85' lang='lat' dir='ltr'><strong>Christophorum</strong></span> <span class='ocrx_word' id='word_1_389' title='bbox 538 3011 724 3082; x_wconf 89' lang='lat' dir='ltr'><strong>primicerium</strong></span> <span class='ocrx_word' id='word_1_390' title='bbox 738 3026 805 3067; x_wconf 89' lang='lat' dir='ltr'><strong>san·</strong></span> <span class='ocrx_word' id='word_1_391' title='bbox 854 3019 898 3074; x_wconf 92' lang='lat' dir='ltr'><strong>rio</strong></span> <span class='ocrx_word' id='word_1_392' title='bbox 912 3017 1019 3090; x_wconf 89' lang='lat' dir='ltr'><strong>Pippini</strong></span> <span class='ocrx_word' id='word_1_393' title='bbox 1032 3015 1213 3090; x_wconf 89' lang='lat' dir='ltr'><strong>potentissimi</strong></span> <span class='ocrx_word' id='word_1_394' title='bbox 1223 3016 1365 3073; x_wconf 85' lang='lat' dir='ltr'><strong>vestararii</strong></span> <span class='ocrx_word' id='word_1_395' title='bbox 1376 3015 1432 3073; x_wconf 89' lang='lat' dir='ltr'><strong>filio</strong></span> <span class='ocrx_word' id='word_1_396' title='bbox 1445 3017 1582 3090; x_wconf 88' lang='lat' dir='ltr'><strong>copulata,</strong></span> <span class='ocrx_word' id='word_1_397' title='bbox 1591 3017 1657 3075; x_wconf 83' lang='lat' dir='ltr'><strong>dein</strong></span> 
     </span>
     <span class='ocr_line' id='line_1_33' title="bbox 97 3075 1657 3178; baseline -0.003 -12"><span class='ocrx_word' id='word_1_398' title='bbox 97 3102 147 3159; x_wconf 67' lang='lat' dir='ltr'><strong>siit</strong></span> <span class='ocrx_word' id='word_1_399' title='bbox 168 3101 334 3172; x_wconf 66' lang='lat' dir='ltr'><strong>oposwlitae2</strong></span> <span class='ocrx_word' id='word_1_400' title='bbox 350 3116 414 3157; x_wconf 75' lang='lat' dir='ltr'><strong>tum</strong></span> <span class='ocrx_word' id='word_1_401' title='bbox 435 3099 520 3155; x_wconf 68' lang='lat' dir='ltr'><strong>sitire</strong></span> <span class='ocrx_word' id='word_1_402' title='bbox 535 3107 562 3154; x_wconf 71' lang='lat' dir='ltr'><strong>ti</strong></span> <span class='ocrx_word' id='word_1_403' title='bbox 576 3114 680 3172; x_wconf 64' lang='lat' dir='ltr'><strong>genero</strong></span> <span class='ocrx_word' id='word_1_404' title='bbox 695 3099 806 3172; x_wconf 69' lang='lat' dir='ltr'><strong>sititque</strong></span> <span class='ocrx_word' id='word_1_405' title='bbox 819 3075 844 3141; x_wconf 73' lang='lat' dir='ltr'>c</span> <span class='ocrx_word' id='word_1_406' title='bbox 855 3105 1023 3178; x_wconf 89' lang='lat' dir='ltr'><strong>consumptis</strong></span> <span class='ocrx_word' id='word_1_407' title='bbox 1043 3105 1169 3162; x_wconf 90' lang='lat' dir='ltr'><strong>omnibus</strong></span> <span class='ocrx_word' id='word_1_408' title='bbox 1191 3105 1280 3162; x_wconf 88' lang='lat' dir='ltr'><strong>soceri</strong></span> <span class='ocrx_word' id='word_1_409' title='bbox 1294 3104 1336 3161; x_wconf 93' lang='lat' dir='ltr'><strong>sui</strong></span> <span class='ocrx_word' id='word_1_410' title='bbox 1350 3104 1460 3172; x_wconf 86' lang='lat' dir='ltr'><strong>divitiis,</strong></span> <span class='ocrx_word' id='word_1_411' title='bbox 1479 3104 1614 3162; x_wconf 89' lang='lat' dir='ltr'><strong>viventem</strong></span> <span class='ocrx_word' id='word_1_412' title='bbox 1629 3112 1657 3164; x_wconf 89' lang='lat' dir='ltr'><strong>et</strong></span> 
     </span>
     <span class='ocr_line' id='line_1_34' title="bbox 97 3188 1656 3266; baseline -0.001 -17"><span class='ocrx_word' id='word_1_413' title='bbox 97 3188 195 3257; x_wconf 79' lang='lat' dir='ltr'><strong>icibus,</strong></span> <span class='ocrx_word' id='word_1_414' title='bbox 217 3189 333 3258; x_wconf 82' lang='lat' dir='ltr'><strong>juridice</strong></span> <span class='ocrx_word' id='word_1_415' title='bbox 355 3195 533 3255; x_wconf 65' lang='lat' dir='ltr'><strong>contestatus,</strong></span> <span class='ocrx_word' id='word_1_416' title='bbox 553 3188 671 3244; x_wconf 70' lang='lat' dir='ltr'><strong>examini</strong></span> <span class='ocrx_word' id='word_1_417' title='bbox 685 3204 716 3244; x_wconf 77' lang='lat' dir='ltr'><strong>oo</strong></span> <span class='ocrx_word' id='word_1_418' title='bbox 729 3204 805 3260; x_wconf 77' lang='lat' dir='ltr'><strong>prae·</strong></span> <span class='ocrx_word' id='word_1_419' title='bbox 855 3194 991 3251; x_wconf 89' lang='lat' dir='ltr'><strong>valentem</strong></span> <span class='ocrx_word' id='word_1_420' title='bbox 1012 3209 1143 3266; x_wconf 90' lang='lat' dir='ltr'><strong>sponsum</strong></span> <span class='ocrx_word' id='word_1_421' title='bbox 1167 3209 1247 3249; x_wconf 93' lang='lat' dir='ltr'><strong>suum</strong></span> <span class='ocrx_word' id='word_1_422' title='bbox 1272 3193 1330 3248; x_wconf 91' lang='lat' dir='ltr'><strong>sine</strong></span> <span class='ocrx_word' id='word_1_423' title='bbox 1344 3192 1399 3247; x_wconf 91' lang='lat' dir='ltr'><strong>ulla</strong></span> <span class='ocrx_word' id='word_1_424' title='bbox 1417 3192 1501 3265; x_wconf 91' lang='lat' dir='ltr'><strong>legali</strong></span> <span class='ocrx_word' id='word_1_425' title='bbox 1523 3191 1656 3266; x_wconf 89' lang='lat' dir='ltr'><strong>disquisi-</strong></span> 
     </span>
     <span class='ocr_line' id='line_1_35' title="bbox 97 3275 1656 3352; baseline 0.003 -20"><span class='ocrx_word' id='word_1_426' title='bbox 97 3277 168 3334; x_wconf 84' lang='lat' dir='ltr'><strong>tdum</strong></span> <span class='ocrx_word' id='word_1_427' title='bbox 192 3276 263 3344; x_wconf 89' lang='lat' dir='ltr'><strong>fore,</strong></span> <span class='ocrx_word' id='word_1_428' title='bbox 287 3285 313 3333; x_wconf 88' lang='lat' dir='ltr'><strong>et</strong></span> <span class='ocrx_word' id='word_1_429' title='bbox 333 3285 432 3333; x_wconf 91' lang='lat' dir='ltr'><strong>cuncta</strong></span> <span class='ocrx_word' id='word_1_430' title='bbox 453 3293 515 3349; x_wconf 80' lang='lat' dir='ltr'><strong>quae</strong></span> <span class='ocrx_word' id='word_1_431' title='bbox 538 3276 662 3333; x_wconf 89' lang='lat' dir='ltr'><strong>ecclesiis</strong></span> <span class='ocrx_word' id='word_1_432' title='bbox 682 3276 726 3333; x_wconf 87' lang='lat' dir='ltr'><strong>vel</strong></span> <span class='ocrx_word' id='word_1_433' title='bbox 753 3275 806 3347; x_wconf 86' lang='lat' dir='ltr'><strong>piis</strong></span> <span class='ocrx_word' id='word_1_434' title='bbox 856 3282 929 3338; x_wconf 81' lang='lat' dir='ltr'><strong>done</strong></span> <span class='ocrx_word' id='word_1_435' title='bbox 953 3281 1082 3348; x_wconf 89' lang='lat' dir='ltr'><strong>deseruit,</strong></span> <span class='ocrx_word' id='word_1_436' title='bbox 1113 3289 1141 3337; x_wconf 92' lang='lat' dir='ltr'><strong>et</strong></span> <span class='ocrx_word' id='word_1_437' title='bbox 1168 3280 1204 3336; x_wconf 93' lang='lat' dir='ltr'><strong>ad</strong></span> <span class='ocrx_word' id='word_1_438' title='bbox 1227 3280 1350 3337; x_wconf 88' lang='lat' dir='ltr'><strong>Gratiani</strong></span> <span class='ocrx_word' id='word_1_439' title='bbox 1375 3279 1502 3351; x_wconf 83' lang='lat' dir='ltr'><strong>Gregorii</strong></span> <span class='ocrx_word' id='word_1_440' title='bbox 1529 3279 1656 3352; x_wconf 75' lang='lat' dir='ltr'><strong>magistri</strong></span> 
     </span>
     <span class='ocr_line' id='line_1_36' title="bbox 97 3362 1656 3440; baseline 0.002 -20"><span class='ocrx_word' id='word_1_441' title='bbox 97 3365 204 3438; x_wconf 86' lang='lat' dir='ltr'><strong>diisque</strong></span> <span class='ocrx_word' id='word_1_442' title='bbox 218 3365 374 3422; x_wconf 88' lang='lat' dir='ltr'><strong>hominibus</strong></span> <span class='ocrx_word' id='word_1_443' title='bbox 392 3365 552 3431; x_wconf 88' lang='lat' dir='ltr'><strong>abstulerat,</strong></span> <span class='ocrx_word' id='word_1_444' title='bbox 568 3365 618 3420; x_wconf 92' lang='lat' dir='ltr'><strong>suh</strong></span> <span class='ocrx_word' id='word_1_445' title='bbox 630 3362 806 3433; x_wconf 88' lang='lat' dir='ltr'><strong>jurisjurandi</strong></span> <span class='ocrx_word' id='word_1_446' title='bbox 856 3369 972 3426; x_wconf 89' lang='lat' dir='ltr'><strong>militurn</strong></span> <span class='ocrx_word' id='word_1_447' title='bbox 985 3368 1033 3424; x_wconf 83' lang='lat' dir='ltr'><strong>filii</strong></span> <span class='ocrx_word' id='word_1_448' title='bbox 1048 3368 1158 3440; x_wconf 89' lang='lat' dir='ltr'><strong>nuptias</strong></span> <span class='ocrx_word' id='word_1_449' title='bbox 1172 3367 1280 3439; x_wconf 91' lang='lat' dir='ltr'><strong>publice</strong></span> <span class='ocrx_word' id='word_1_450' title='bbox 1295 3366 1447 3424; x_wconf 88' lang='lat' dir='ltr'><strong>convolavit</strong></span> <span class='ocrx_word' id='word_1_451' title='bbox 1463 3383 1470 3424; x_wconf 94' lang='lat'><strong>:</strong></span> <span class='ocrx_word' id='word_1_452' title='bbox 1487 3375 1656 3440; x_wconf 89' lang='lat' dir='ltr'><strong>postremum</strong></span> 
     </span>
     <span class='ocr_line' id='line_1_37' title="bbox 97 3451 1656 3530; baseline 0 -18"><span class='ocrx_word' id='word_1_453' title='bbox 97 3453 210 3511; x_wconf 69' lang='lat' dir='ltr'><strong>coitione</strong></span> <span class='ocrx_word' id='word_1_454' title='bbox 231 3454 414 3509; x_wconf 84' lang='lat' dir='ltr'><strong>restituturum</strong></span> <span class='ocrx_word' id='word_1_455' title='bbox 436 3452 586 3524; x_wconf 83' lang='lat' dir='ltr'><strong>promisit:</strong></span> <span class='ocrx_word' id='word_1_456' title='bbox 615 3451 714 3507; x_wconf 78' lang='lat' dir='ltr'><strong>deinde</strong></span> <span class='ocrx_word' id='word_1_457' title='bbox 741 3464 807 3508; x_wconf 82' lang='lat' dir='ltr'><strong>ooo·</strong></span> <span class='ocrx_word' id='word_1_458' title='bbox 855 3472 917 3514; x_wconf 86' lang='lat' dir='ltr'><strong>curn</strong></span> <span class='ocrx_word' id='word_1_459' title='bbox 934 3455 987 3513; x_wconf 84' lang='lat' dir='ltr'><strong>alio</strong></span> <span class='ocrx_word' id='word_1_460' title='bbox 1001 3456 1097 3530; x_wconf 88' lang='lat' dir='ltr'><strong>fugere</strong></span> <span class='ocrx_word' id='word_1_461' title='bbox 1112 3455 1233 3528; x_wconf 84' lang='lat' dir='ltr'><strong>gestiens</strong></span> <span class='ocrx_word' id='word_1_462' title='bbox 1247 3455 1381 3512; x_wconf 92' lang='lat' dir='ltr'><strong>incestum</strong></span> <span class='ocrx_word' id='word_1_463' title='bbox 1392 3456 1537 3523; x_wconf 89' lang='lat' dir='ltr'><strong>commisit,</strong></span> <span class='ocrx_word' id='word_1_464' title='bbox 1553 3472 1586 3512; x_wconf 84' lang='lat' dir='ltr'><strong>ex</strong></span> <span class='ocrx_word' id='word_1_465' title='bbox 1601 3470 1656 3528; x_wconf 92' lang='lat' dir='ltr'><strong>quo</strong></span> 
     </span>
     <span class='ocr_line' id='line_1_38' title="bbox 97 3539 1657 3618; baseline 0.002 -20"><span class='ocrx_word' id='word_1_466' title='bbox 97 3556 118 3598; x_wconf 86' lang='lat' dir='ltr'><strong>n</strong></span> <span class='ocrx_word' id='word_1_467' title='bbox 139 3550 261 3598; x_wconf 91' lang='lat' dir='ltr'><strong>nostrum</strong></span> <span class='ocrx_word' id='word_1_468' title='bbox 274 3541 310 3597; x_wconf 90' lang='lat' dir='ltr'><strong>de</strong></span> <span class='ocrx_word' id='word_1_469' title='bbox 332 3541 376 3597; x_wconf 91' lang='lat' dir='ltr'><strong>die</strong></span> <span class='ocrx_word' id='word_1_470' title='bbox 390 3541 418 3596; x_wconf 92' lang='lat' dir='ltr'><strong>in</strong></span> <span class='ocrx_word' id='word_1_471' title='bbox 439 3540 512 3596; x_wconf 89' lang='lat' dir='ltr'><strong>diem</strong></span> <span class='ocrx_word' id='word_1_472' title='bbox 535 3539 722 3596; x_wconf 82' lang='lat' dir='ltr'><strong>fraudulenter</strong></span> <span class='ocrx_word' id='word_1_473' title='bbox 745 3539 806 3610; x_wconf 87' lang='lat' dir='ltr'><strong>(us-</strong></span> <span class='ocrx_word' id='word_1_474' title='bbox 856 3560 1002 3617; x_wconf 69' lang='lat' dir='ltr'><strong>praegnans</strong></span> <span class='ocrx_word' id='word_1_475' title='bbox 1025 3545 1135 3601; x_wconf 89' lang='lat' dir='ltr'><strong>inventa</strong></span> <span class='ocrx_word' id='word_1_476' title='bbox 1158 3544 1318 3616; x_wconf 74' lang='lat' dir='ltr'><strong>pradictum</strong></span> <span class='ocrx_word' id='word_1_477' title='bbox 1343 3544 1503 3600; x_wconf 86' lang='lat' dir='ltr'><strong>Gratianum</strong></span> <span class='ocrx_word' id='word_1_478' title='bbox 1527 3543 1657 3618; x_wconf 87' lang='lat' dir='ltr'><strong>Gregorii</strong></span> 
     </span>
     <span class='ocr_line' id='line_1_39' title="bbox 97 3628 1656 3705; baseline 0.001 -18"><span class='ocrx_word' id='word_1_479' title='bbox 97 3645 190 3687; x_wconf 85' lang='lat' dir='ltr'><strong>onos</strong></span> <span class='ocrx_word' id='word_1_480' title='bbox 203 3630 247 3686; x_wconf 87' lang='lat' dir='ltr'><strong>vel</strong></span> <span class='ocrx_word' id='word_1_481' title='bbox 267 3629 364 3685; x_wconf 87' lang='lat' dir='ltr'><strong>fideles</strong></span> <span class='ocrx_word' id='word_1_482' title='bbox 386 3629 467 3698; x_wconf 82' lang='lat' dir='ltr'><strong>hujus</strong></span> <span class='ocrx_word' id='word_1_483' title='bbox 491 3628 615 3686; x_wconf 80' lang='lat' dir='ltr'><strong>ecclesiae</strong></span> <span class='ocrx_word' id='word_1_484' title='bbox 638 3628 809 3701; x_wconf 81' lang='lat' dir='ltr'><strong>interimere,</strong></span> <span class='ocrx_word' id='word_1_485' title='bbox 856 3632 940 3689; x_wconf 82' lang='lat' dir='ltr'><strong>filium</strong></span> <span class='ocrx_word' id='word_1_486' title='bbox 967 3631 1093 3688; x_wconf 89' lang='lat' dir='ltr'><strong>maritum</strong></span> <span class='ocrx_word' id='word_1_487' title='bbox 1117 3648 1197 3688; x_wconf 92' lang='lat' dir='ltr'><strong>suum</strong></span> <span class='ocrx_word' id='word_1_488' title='bbox 1221 3632 1388 3705; x_wconf 87' lang='lat' dir='ltr'><strong>relinquens,</strong></span> <span class='ocrx_word' id='word_1_489' title='bbox 1414 3649 1475 3689; x_wconf 87' lang='lat' dir='ltr'><strong>curn</strong></span> <span class='ocrx_word' id='word_1_490' title='bbox 1498 3631 1656 3704; x_wconf 86' lang='lat' dir='ltr'><strong>rapacibus,</strong></span> 
     </span>
     <span class='ocr_line' id='line_1_40' title="bbox 97 3717 1658 3795; baseline 0 -19"><span class='ocrx_word' id='word_1_491' title='bbox 97 3718 333 3776; x_wconf 64' lang='lat' dir='ltr'><strong>»securissimi</strong></span> <span class='ocrx_word' id='word_1_492' title='bbox 357 3718 488 3784; x_wconf 88' lang='lat' dir='ltr'><strong>nominis,</strong></span> <span class='ocrx_word' id='word_1_493' title='bbox 513 3717 540 3773; x_wconf 93' lang='lat' dir='ltr'><strong>id</strong></span> <span class='ocrx_word' id='word_1_494' title='bbox 570 3724 612 3773; x_wconf 89' lang='lat' dir='ltr'><strong>est</strong></span> <span class='ocrx_word' id='word_1_495' title='bbox 640 3717 805 3783; x_wconf 87' lang='lat' dir='ltr'><strong>Saracenos,</strong></span> <span class='ocrx_word' id='word_1_496' title='bbox 856 3721 984 3793; x_wconf 87' lang='lat' dir='ltr'><strong>perjuris,</strong></span> <span class='ocrx_word' id='word_1_497' title='bbox 1000 3721 1154 3795; x_wconf 88' lang='lat' dir='ltr'><strong>sacrilegis,</strong></span> <span class='ocrx_word' id='word_1_498' title='bbox 1171 3720 1295 3787; x_wconf 87' lang='lat' dir='ltr'><strong>moechis,</strong></span> <span class='ocrx_word' id='word_1_499' title='bbox 1319 3719 1528 3777; x_wconf 89' lang='lat' dir='ltr'><strong>fornicatoribus</strong></span> <span class='ocrx_word' id='word_1_500' title='bbox 1543 3721 1658 3792; x_wconf 92' lang='lat' dir='ltr'><strong>turpiter</strong></span> 
     </span>
     <span class='ocr_line' id='line_1_41' title="bbox 97 3804 1657 3881; baseline -0.001 -16"><span class='ocrx_word' id='word_1_501' title='bbox 97 3822 143 3881; x_wconf 84' lang='lat' dir='ltr'><strong>per</strong></span> <span class='ocrx_word' id='word_1_502' title='bbox 156 3822 222 3863; x_wconf 84' lang='lat' dir='ltr'><strong>suos</strong></span> <span class='ocrx_word' id='word_1_503' title='bbox 235 3805 463 3862; x_wconf 83' lang='lat' dir='ltr'><strong>familiarissimos</strong></span> <span class='ocrx_word' id='word_1_504' title='bbox 478 3806 629 3862; x_wconf 74' lang='lat' dir='ltr'><strong>Saracenos</strong></span> <span class='ocrx_word' id='word_1_505' title='bbox 641 3805 698 3875; x_wconf 81' lang='lat' dir='ltr'><strong>jom</strong></span> <span class='ocrx_word' id='word_1_506' title='bbox 712 3804 808 3860; x_wconf 71' lang='lat' dir='ltr'><strong>invito·</strong></span> <span class='ocrx_word' id='word_1_507' title='bbox 856 3810 1020 3868; x_wconf 87' lang='lat' dir='ltr'><strong>fornicatura</strong></span> <span class='ocrx_word' id='word_1_508' title='bbox 1043 3809 1179 3867; x_wconf 90' lang='lat' dir='ltr'><strong>discessit.</strong></span> <span class='ocrx_word' id='word_1_509' title='bbox 1202 3809 1263 3866; x_wconf 89' lang='lat' dir='ltr'><strong>Nisi</strong></span> <span class='ocrx_word' id='word_1_510' title='bbox 1285 3809 1357 3865; x_wconf 89' lang='lat' dir='ltr'><strong>intra</strong></span> <span class='ocrx_word' id='word_1_511' title='bbox 1379 3809 1454 3866; x_wconf 90' lang='lat' dir='ltr'><strong>diem</strong></span> <span class='ocrx_word' id='word_1_512' title='bbox 1467 3809 1613 3880; x_wconf 89' lang='lat' dir='ltr'><strong>decimum,</strong></span> <span class='ocrx_word' id='word_1_513' title='bbox 1629 3809 1657 3865; x_wconf 92' lang='lat' dir='ltr'><strong>id</strong></span> 
     </span>
     <span class='ocr_line' id='line_1_42' title="bbox 107 3892 1657 3970; baseline 0.001 -17"><span class='ocrx_word' id='word_1_514' title='bbox 107 3894 180 3951; x_wconf 85' lang='lat' dir='ltr'><strong>intra</strong></span> <span class='ocrx_word' id='word_1_515' title='bbox 193 3895 345 3951; x_wconf 77' lang='lat' dir='ltr'><strong>Romanam</strong></span> <span class='ocrx_word' id='word_1_516' title='bbox 358 3893 454 3951; x_wconf 85' lang='lat' dir='ltr'><strong>urbem</strong></span> <span class='ocrx_word' id='word_1_517' title='bbox 477 3893 647 3950; x_wconf 74' lang='lat' dir='ltr'><strong>introducere</strong></span> <span class='ocrx_word' id='word_1_518' title='bbox 662 3892 807 3966; x_wconf 67' lang='lat' dir='ltr'><strong>potuisset)</strong></span> <span class='ocrx_word' id='word_1_519' title='bbox 858 3907 899 3956; x_wconf 90' lang='lat' dir='ltr'><strong>est</strong></span> <span class='ocrx_word' id='word_1_520' title='bbox 921 3914 952 3955; x_wconf 96' lang='grc' dir='ltr'><strong>ιιι</strong></span> <span class='ocrx_word' id='word_1_521' title='bbox 977 3898 1115 3955; x_wconf 82' lang='lat' dir='ltr'><strong>Kalendas</strong></span> <span class='ocrx_word' id='word_1_522' title='bbox 1139 3898 1203 3955; x_wconf 90' lang='lat' dir='ltr'><strong>lfaii</strong></span> <span class='ocrx_word' id='word_1_523' title='bbox 1222 3897 1364 3970; x_wconf 83' lang='lat' dir='ltr'><strong>praesentis</strong></span> <span class='ocrx_word' id='word_1_524' title='bbox 1388 3914 1467 3954; x_wconf 86' lang='lat' dir='ltr'><strong>nonae</strong></span> <span class='ocrx_word' id='word_1_525' title='bbox 1490 3897 1657 3966; x_wconf 85' lang='lat' dir='ltr'><strong>indictionis,</strong></span> 
     </span>
     <span class='ocr_line' id='line_1_43' title="bbox 97 3980 1657 4061; baseline 0.003 -23"><span class='ocrx_word' id='word_1_526' title='bbox 97 4001 106 4052; x_wconf 78' lang='grc' dir='ltr'>ς</span> <span class='ocrx_word' id='word_1_527' title='bbox 121 3991 150 4039; x_wconf 89' lang='lat' dir='ltr'><strong>et</strong></span> <span class='ocrx_word' id='word_1_528' title='bbox 162 3981 325 4054; x_wconf 71' lang='lat' dir='ltr'><strong>praefinitum</strong></span> <span class='ocrx_word' id='word_1_529' title='bbox 340 3983 423 4049; x_wconf 91' lang='lat' dir='ltr'><strong>diem,</strong></span> <span class='ocrx_word' id='word_1_530' title='bbox 439 3997 493 4055; x_wconf 92' lang='lat' dir='ltr'><strong>quo</strong></span> <span class='ocrx_word' id='word_1_531' title='bbox 506 3981 638 4038; x_wconf 90' lang='lat' dir='ltr'><strong>canonice</strong></span> <span class='ocrx_word' id='word_1_532' title='bbox 654 3980 712 4038; x_wconf 91' lang='lat' dir='ltr'><strong>sive</strong></span> <span class='ocrx_word' id='word_1_533' title='bbox 726 3980 807 4054; x_wconf 87' lang='lat' dir='ltr'><strong>lega·</strong></span> <span class='ocrx_word' id='word_1_534' title='bbox 857 3987 1033 4061; x_wconf 69' lang='lat' dir='ltr'><strong>presentiam</strong></span> <span class='ocrx_word' id='word_1_535' title='bbox 1046 4002 1125 4044; x_wconf 88' lang='lat' dir='ltr'><strong>suam</strong></span> <span class='ocrx_word' id='word_1_536' title='bbox 1139 3987 1219 4043; x_wconf 91' lang='lat' dir='ltr'><strong>nobis</strong></span> <span class='ocrx_word' id='word_1_537' title='bbox 1233 3986 1349 4059; x_wconf 74' lang='lat' dir='ltr'><strong>prefati,</strong></span> <span class='ocrx_word' id='word_1_538' title='bbox 1358 3986 1486 4044; x_wconf 89' lang='lat' dir='ltr'><strong>videlicet</strong></span> <span class='ocrx_word' id='word_1_539' title='bbox 1496 3986 1657 4061; x_wconf 86' lang='lat' dir='ltr'><strong>Gregorius,</strong></span> 
     </span>
     <span class='ocr_line' id='line_1_44' title="bbox 98 4070 1661 4149; baseline -0.003 -13"><span class='ocrx_word' id='word_1_540' title='bbox 98 4070 172 4128; x_wconf 78' lang='lat' dir='ltr'><strong>uuirt</strong></span> <span class='ocrx_word' id='word_1_541' title='bbox 202 4071 349 4137; x_wconf 79' lang='lat' dir='ltr'><strong>debuisset.</strong></span> <span class='ocrx_word' id='word_1_542' title='bbox 366 4070 551 4126; x_wconf 76' lang='lat' dir='ltr'><strong>fraudulenter</strong></span> <span class='ocrx_word' id='word_1_543' title='bbox 561 4070 733 4143; x_wconf 81' lang='lat' dir='ltr'><strong>praertpteus,</strong></span> <span class='ocrx_word' id='word_1_544' title='bbox 745 4085 808 4125; x_wconf 82' lang='lat' dir='ltr'><strong>euru</strong></span> <span class='ocrx_word' id='word_1_545' title='bbox 859 4076 1023 4148; x_wconf 84' lang='lat' dir='ltr'><strong>stephanus,</strong></span> <span class='ocrx_word' id='word_1_546' title='bbox 1040 4075 1177 4149; x_wconf 77' lang='lat' dir='ltr'><strong>Georgius</strong></span> <span class='ocrx_word' id='word_1_547' title='bbox 1192 4083 1219 4131; x_wconf 85' lang='lat' dir='ltr'><strong>et</strong></span> <span class='ocrx_word' id='word_1_548' title='bbox 1233 4075 1357 4147; x_wconf 82' lang='lat' dir='ltr'><strong>Sergius,</strong></span> <span class='ocrx_word' id='word_1_549' title='bbox 1374 4074 1509 4149; x_wconf 80' lang='lat' dir='ltr'><strong>simulque</strong></span> <span class='ocrx_word' id='word_1_550' title='bbox 1524 4076 1661 4133; x_wconf 80' lang='lat' dir='ltr'><strong>Constan-</strong></span> 
     </span>
     <span class='ocr_line' id='line_1_45' title="bbox 97 4158 1660 4238; baseline -0.003 -15"><span class='ocrx_word' id='word_1_551' title='bbox 97 4160 130 4223; x_wconf 78' lang='lat' dir='ltr'><strong>io</strong></span> <span class='ocrx_word' id='word_1_552' title='bbox 157 4167 185 4215; x_wconf 87' lang='lat' dir='ltr'><strong>et</strong></span> <span class='ocrx_word' id='word_1_553' title='bbox 208 4159 305 4232; x_wconf 88' lang='lat' dir='ltr'><strong>Sergio</strong></span> <span class='ocrx_word' id='word_1_554' title='bbox 328 4159 467 4232; x_wconf 82' lang='lat' dir='ltr'><strong>magistris</strong></span> <span class='ocrx_word' id='word_1_555' title='bbox 490 4158 615 4225; x_wconf 81' lang='lat' dir='ltr'><strong>militum,</strong></span> <span class='ocrx_word' id='word_1_556' title='bbox 640 4174 692 4215; x_wconf 79' lang='lat' dir='ltr'><strong>neo</strong></span> <span class='ocrx_word' id='word_1_557' title='bbox 712 4173 768 4214; x_wconf 76' lang='lat' dir='ltr'><strong>ooo</strong></span> <span class='ocrx_word' id='word_1_558' title='bbox 781 4165 809 4213; x_wconf 73' lang='lat' dir='ltr'><strong>et</strong></span> <span class='ocrx_word' id='word_1_559' title='bbox 859 4164 923 4231; x_wconf 88' lang='lat' dir='ltr'><strong>tina,</strong></span> <span class='ocrx_word' id='word_1_560' title='bbox 940 4179 1062 4238; x_wconf 87' lang='lat' dir='ltr'><strong>congrue</strong></span> <span class='ocrx_word' id='word_1_561' title='bbox 1085 4162 1285 4220; x_wconf 88' lang='lat' dir='ltr'><strong>satisfacientes</strong></span> <span class='ocrx_word' id='word_1_562' title='bbox 1307 4163 1485 4232; x_wconf 87' lang='lat' dir='ltr'><strong>exhibuerint,</strong></span> <span class='ocrx_word' id='word_1_563' title='bbox 1502 4165 1660 4221; x_wconf 89' lang='lat' dir='ltr'><strong>auctoritate</strong></span> 
     </span>
     <span class='ocr_line' id='line_1_46' title="bbox 97 4245 1661 4324; baseline -0.006 -11"><span class='ocrx_word' id='word_1_564' title='bbox 97 4262 147 4305; x_wconf 79' lang='lat'><strong>¹1¹⁰</strong></span> <span class='ocrx_word' id='word_1_565' title='bbox 168 4247 368 4314; x_wconf 55' lang='lat' dir='ltr'><strong>secundicerio</strong></span> <span class='ocrx_word' id='word_1_566' title='bbox 401 4247 516 4320; x_wconf 63' lang='lat' dir='ltr'><strong>aliisque</strong></span> <span class='ocrx_word' id='word_1_567' title='bbox 544 4247 601 4302; x_wconf 73' lang='lat' dir='ltr'><strong>Sitis</strong></span> <span class='ocrx_word' id='word_1_568' title='bbox 629 4245 808 4318; x_wconf 89' lang='lat' dir='ltr'><strong>complicibus</strong></span> <span class='ocrx_word' id='word_1_569' title='bbox 858 4252 910 4308; x_wconf 88' lang='lat' dir='ltr'><strong>Dei</strong></span> <span class='ocrx_word' id='word_1_570' title='bbox 924 4251 1117 4324; x_wconf 90' lang='lat' dir='ltr'><strong>omnipotentis</strong></span> <span class='ocrx_word' id='word_1_571' title='bbox 1132 4258 1344 4322; x_wconf 90' lang='lat' dir='ltr'><strong>sanctorumque</strong></span> <span class='ocrx_word' id='word_1_572' title='bbox 1359 4251 1544 4322; x_wconf 88' lang='lat' dir='ltr'><strong>apostolorum</strong></span> <span class='ocrx_word' id='word_1_573' title='bbox 1557 4251 1661 4323; x_wconf 90' lang='lat' dir='ltr'><strong>princi.</strong></span> 
     </span>
     <span class='ocr_line' id='line_1_47' title="bbox 97 4332 1660 4407; baseline -0.002 -14"><span class='ocrx_word' id='word_1_574' title='bbox 97 4351 143 4393; x_wconf 81' lang='lat' dir='ltr'><strong>ma</strong></span> <span class='ocrx_word' id='word_1_575' title='bbox 165 4335 272 4391; x_wconf 88' lang='lat' dir='ltr'><strong>silentio</strong></span> <span class='ocrx_word' id='word_1_576' title='bbox 295 4343 389 4407; x_wconf 90' lang='lat' dir='ltr'><strong>portas</strong></span> <span class='ocrx_word' id='word_1_577' title='bbox 412 4336 492 4404; x_wconf 89' lang='lat' dir='ltr'><strong>hujus</strong></span> <span class='ocrx_word' id='word_1_578' title='bbox 513 4351 599 4391; x_wconf 84' lang='lat' dir='ltr'><strong>saorae</strong></span> <span class='ocrx_word' id='word_1_579' title='bbox 620 4335 707 4401; x_wconf 90' lang='lat' dir='ltr'><strong>urhis,</strong></span> <span class='ocrx_word' id='word_1_580' title='bbox 724 4335 808 4389; x_wconf 89' lang='lat' dir='ltr'><strong>Sara-</strong></span> <span class='ocrx_word' id='word_1_581' title='bbox 858 4351 923 4406; x_wconf 93' lang='lat' dir='ltr'><strong>pum</strong></span> <span class='ocrx_word' id='word_1_582' title='bbox 942 4335 1016 4390; x_wconf 88' lang='lat' dir='ltr'><strong>Petri</strong></span> <span class='ocrx_word' id='word_1_583' title='bbox 1045 4341 1072 4390; x_wconf 90' lang='lat' dir='ltr'><strong>et</strong></span> <span class='ocrx_word' id='word_1_584' title='bbox 1099 4332 1175 4389; x_wconf 89' lang='lat' dir='ltr'><strong>Pauli</strong></span> <span class='ocrx_word' id='word_1_585' title='bbox 1197 4333 1271 4390; x_wconf 91' lang='lat' dir='ltr'><strong>omni</strong></span> <span class='ocrx_word' id='word_1_586' title='bbox 1293 4333 1447 4390; x_wconf 87' lang='lat' dir='ltr'><strong>Christiana</strong></span> <span class='ocrx_word' id='word_1_587' title='bbox 1468 4334 1660 4390; x_wconf 89' lang='lat' dir='ltr'><strong>communione</strong></span> 
     </span>
     <span class='ocr_line' id='line_1_48' title="bbox 111 4421 1660 4497; baseline -0.002 -15"><span class='ocrx_word' id='word_1_588' title='bbox 111 4423 324 4497; x_wconf 84' lang='lat' dir='ltr'><strong>circumquaque</strong></span> <span class='ocrx_word' id='word_1_589' title='bbox 353 4423 565 4489; x_wconf 87' lang='lat' dir='ltr'><strong>imminentibus,</strong></span> <span class='ocrx_word' id='word_1_590' title='bbox 596 4438 660 4480; x_wconf 93' lang='lat' dir='ltr'><strong>eum</strong></span> <span class='ocrx_word' id='word_1_591' title='bbox 686 4421 808 4478; x_wconf 87' lang='lat' dir='ltr'><strong>clavibus</strong></span> <span class='ocrx_word' id='word_1_592' title='bbox 822 4422 990 4495; x_wconf 86' lang='lat' dir='ltr'><strong>Dprivatos,</strong></span> <span class='ocrx_word' id='word_1_593' title='bbox 1006 4439 1068 4479; x_wconf 90' lang='lat' dir='ltr'><strong>cum</strong></span> <span class='ocrx_word' id='word_1_594' title='bbox 1091 4421 1220 4478; x_wconf 92' lang='lat' dir='ltr'><strong>omnibus</strong></span> <span class='ocrx_word' id='word_1_595' title='bbox 1237 4421 1515 4479; x_wconf 90' lang='lat' dir='ltr'><strong>communicatoribus</strong></span> <span class='ocrx_word' id='word_1_596' title='bbox 1529 4430 1556 4478; x_wconf 90' lang='lat' dir='ltr'><strong>et</strong></span> <span class='ocrx_word' id='word_1_597' title='bbox 1569 4422 1660 4479; x_wconf 82' lang='lat' dir='ltr'><strong>fauto-</strong></span> 
     </span>
     <span class='ocr_line' id='line_1_49' title="bbox 97 4509 1659 4584; baseline -0.003 -15"><span class='ocrx_word' id='word_1_598' title='bbox 97 4511 169 4569; x_wconf 78' lang='lat' dir='ltr'><strong>uinis</strong></span> <span class='ocrx_word' id='word_1_599' title='bbox 184 4513 300 4584; x_wconf 88' lang='lat' dir='ltr'><strong>aperuit,</strong></span> <span class='ocrx_word' id='word_1_600' title='bbox 312 4527 396 4584; x_wconf 87' lang='lat' dir='ltr'><strong>seque</strong></span> <span class='ocrx_word' id='word_1_601' title='bbox 411 4520 506 4569; x_wconf 87' lang='lat' dir='ltr'><strong>contra</strong></span> <span class='ocrx_word' id='word_1_602' title='bbox 521 4511 637 4567; x_wconf 89' lang='lat' dir='ltr'><strong>salutem</strong></span> <span class='ocrx_word' id='word_1_603' title='bbox 650 4509 809 4581; x_wconf 85' lang='lat' dir='ltr'><strong>reipubhcae</strong></span> <span class='ocrx_word' id='word_1_604' title='bbox 859 4510 934 4566; x_wconf 90' lang='lat' dir='ltr'><strong>ribus</strong></span> <span class='ocrx_word' id='word_1_605' title='bbox 949 4510 1015 4575; x_wconf 88' lang='lat' dir='ltr'><strong>suis,</strong></span> <span class='ocrx_word' id='word_1_606' title='bbox 1031 4525 1194 4582; x_wconf 90' lang='lat' dir='ltr'><strong>permanere</strong></span> <span class='ocrx_word' id='word_1_607' title='bbox 1209 4510 1392 4567; x_wconf 90' lang='lat' dir='ltr'><strong>decernimus.</strong></span> <span class='ocrx_word' id='word_1_608' title='bbox 1404 4511 1439 4567; x_wconf 86' lang='lat' dir='ltr'><strong>Et</strong></span> <span class='ocrx_word' id='word_1_609' title='bbox 1449 4510 1502 4565; x_wconf 90' lang='lat' dir='ltr'><strong>nisi</strong></span> <span class='ocrx_word' id='word_1_610' title='bbox 1515 4518 1576 4582; x_wconf 89' lang='lat' dir='ltr'><strong>post</strong></span> <span class='ocrx_word' id='word_1_611' title='bbox 1586 4510 1659 4566; x_wconf 91' lang='lat' dir='ltr'><strong>diem</strong></span> 
     </span>
     <span class='ocr_line' id='line_1_50' title="bbox 97 4597 1661 4675; baseline 0 -19"><span class='ocrx_word' id='word_1_612' title='bbox 97 4617 145 4675; x_wconf 80' lang='lat' dir='ltr'><strong>pne</strong></span> <span class='ocrx_word' id='word_1_613' title='bbox 160 4601 279 4674; x_wconf 91' lang='lat' dir='ltr'><strong>quietem</strong></span> <span class='ocrx_word' id='word_1_614' title='bbox 293 4601 400 4672; x_wconf 92' lang='lat' dir='ltr'><strong>imperii</strong></span> <span class='ocrx_word' id='word_1_615' title='bbox 415 4600 523 4671; x_wconf 83' lang='lat' dir='ltr'><strong>praefati</strong></span> <span class='ocrx_word' id='word_1_616' title='bbox 536 4599 584 4655; x_wconf 81' lang='lat' dir='ltr'><strong>fulti</strong></span> <span class='ocrx_word' id='word_1_617' title='bbox 598 4600 684 4656; x_wconf 90' lang='lat' dir='ltr'><strong>nostri</strong></span> <span class='ocrx_word' id='word_1_618' title='bbox 695 4599 811 4655; x_wconf 88' lang='lat' dir='ltr'><strong>serenis·</strong></span> <span class='ocrx_word' id='word_1_619' title='bbox 860 4600 985 4672; x_wconf 89' lang='lat' dir='ltr'><strong>quintum</strong></span> <span class='ocrx_word' id='word_1_620' title='bbox 999 4599 1147 4668; x_wconf 89' lang='lat' dir='ltr'><strong>decimum,</strong></span> <span class='ocrx_word' id='word_1_621' title='bbox 1164 4599 1249 4656; x_wconf 89' lang='lat' dir='ltr'><strong>idest</strong></span> <span class='ocrx_word' id='word_1_622' title='bbox 1268 4615 1296 4655; x_wconf 87' lang='lat' dir='ltr'><strong>tv</strong></span> <span class='ocrx_word' id='word_1_623' title='bbox 1315 4600 1410 4655; x_wconf 92' lang='lat' dir='ltr'><strong>Nonas</strong></span> <span class='ocrx_word' id='word_1_624' title='bbox 1427 4599 1489 4655; x_wconf 88' lang='lat' dir='ltr'><strong>llaii</strong></span> <span class='ocrx_word' id='word_1_625' title='bbox 1504 4599 1562 4669; x_wconf 85' lang='lat' dir='ltr'><strong>jam</strong></span> <span class='ocrx_word' id='word_1_626' title='bbox 1581 4597 1661 4656; x_wconf 87' lang='lat' dir='ltr'><strong>dictae</strong></span> 
     </span>
     <span class='ocr_line' id='line_1_51' title="bbox 97 4686 1662 4764; baseline -0.003 -18"><span class='ocrx_word' id='word_1_627' title='bbox 97 4689 213 4764; x_wconf 87' lang='lat' dir='ltr'><strong>lugusti,</strong></span> <span class='ocrx_word' id='word_1_628' title='bbox 225 4697 319 4746; x_wconf 91' lang='lat' dir='ltr'><strong>contra</strong></span> <span class='ocrx_word' id='word_1_629' title='bbox 328 4689 406 4762; x_wconf 82' lang='lat' dir='ltr'><strong>leges</strong></span> <span class='ocrx_word' id='word_1_630' title='bbox 415 4688 609 4761; x_wconf 91' lang='lat' dir='ltr'><strong>conspirando,</strong></span> <span class='ocrx_word' id='word_1_631' title='bbox 625 4688 811 4744; x_wconf 87' lang='lat' dir='ltr'><strong>fraudulenter</strong></span> <span class='ocrx_word' id='word_1_632' title='bbox 859 4688 1003 4760; x_wconf 86' lang='lat' dir='ltr'><strong>praesentis</strong></span> <span class='ocrx_word' id='word_1_633' title='bbox 1022 4687 1186 4758; x_wconf 89' lang='lat' dir='ltr'><strong>indictionis,</strong></span> <span class='ocrx_word' id='word_1_634' title='bbox 1208 4687 1367 4760; x_wconf 89' lang='lat' dir='ltr'><strong>simpliciter</strong></span> <span class='ocrx_word' id='word_1_635' title='bbox 1382 4696 1409 4744; x_wconf 87' lang='lat' dir='ltr'><strong>et</strong></span> <span class='ocrx_word' id='word_1_636' title='bbox 1419 4686 1557 4743; x_wconf 90' lang='lat' dir='ltr'><strong>humiliter</strong></span> <span class='ocrx_word' id='word_1_637' title='bbox 1569 4687 1662 4755; x_wconf 90' lang='lat' dir='ltr'><strong>nobis,</strong></span> 
     </span>
     <span class='ocr_line' id='line_1_52' title="bbox 97 4773 1661 4849; baseline -0.001 -16"><span class='ocrx_word' id='word_1_638' title='bbox 97 4777 155 4845; x_wconf 79' lang='lat' dir='ltr'><strong>tuit,</strong></span> <span class='ocrx_word' id='word_1_639' title='bbox 169 4785 196 4834; x_wconf 92' lang='lat' dir='ltr'><strong>et</strong></span> <span class='ocrx_word' id='word_1_640' title='bbox 211 4792 272 4833; x_wconf 88' lang='lat' dir='ltr'><strong>cum</strong></span> <span class='ocrx_word' id='word_1_641' title='bbox 286 4777 413 4834; x_wconf 88' lang='lat' dir='ltr'><strong>omnibus</strong></span> <span class='ocrx_word' id='word_1_642' title='bbox 433 4794 504 4849; x_wconf 85' lang='lat' dir='ltr'><strong>pene</strong></span> <span class='ocrx_word' id='word_1_643' title='bbox 528 4777 665 4833; x_wconf 90' lang='lat' dir='ltr'><strong>thesauris</strong></span> <span class='ocrx_word' id='word_1_644' title='bbox 679 4773 810 4833; x_wconf 74' lang='lat' dir='ltr'><strong>Ecclesia</strong></span> <span class='ocrx_word' id='word_1_645' title='bbox 860 4777 915 4833; x_wconf 89' lang='lat' dir='ltr'><strong>imo</strong></span> <span class='ocrx_word' id='word_1_646' title='bbox 924 4776 1057 4834; x_wconf 78' lang='lat' dir='ltr'><strong>Ecclesiae</strong></span> <span class='ocrx_word' id='word_1_647' title='bbox 1075 4776 1136 4848; x_wconf 86' lang='lat' dir='ltr'><strong>Dei,</strong></span> <span class='ocrx_word' id='word_1_648' title='bbox 1147 4777 1285 4849; x_wconf 83' lang='lat' dir='ltr'><strong>saepedicti</strong></span> <span class='ocrx_word' id='word_1_649' title='bbox 1303 4775 1406 4834; x_wconf 89' lang='lat' dir='ltr'><strong>scilicet</strong></span> <span class='ocrx_word' id='word_1_650' title='bbox 1425 4775 1586 4849; x_wconf 89' lang='lat' dir='ltr'><strong>Gregorius,</strong></span> <span class='ocrx_word' id='word_1_651' title='bbox 1599 4776 1661 4832; x_wconf 91' lang='lat' dir='ltr'><strong>Ste-</strong></span> 
     </span>
     <span class='ocr_line' id='line_1_53' title="bbox 97 4862 1662 4940; baseline -0.002 -18"><span class='ocrx_word' id='word_1_652' title='bbox 97 4881 151 4933; x_wconf 79' lang='lat' dir='ltr'><strong>aae,</strong></span> <span class='ocrx_word' id='word_1_653' title='bbox 167 4865 280 4922; x_wconf 91' lang='lat' dir='ltr'><strong>dubium</strong></span> <span class='ocrx_word' id='word_1_654' title='bbox 294 4882 349 4938; x_wconf 94' lang='lat' dir='ltr'><strong>quo</strong></span> <span class='ocrx_word' id='word_1_655' title='bbox 363 4865 546 4938; x_wconf 90' lang='lat' dir='ltr'><strong>profecturus,</strong></span> <span class='ocrx_word' id='word_1_656' title='bbox 562 4865 690 4922; x_wconf 87' lang='lat' dir='ltr'><strong>excessit.</strong></span> <span class='ocrx_word' id='word_1_657' title='bbox 706 4864 810 4922; x_wconf 91' lang='lat' dir='ltr'><strong>Simul·</strong></span> <span class='ocrx_word' id='word_1_658' title='bbox 860 4867 977 4940; x_wconf 89' lang='lat' dir='ltr'><strong>phanus,</strong></span> <span class='ocrx_word' id='word_1_659' title='bbox 1004 4865 1149 4938; x_wconf 88' lang='lat' dir='ltr'><strong>Georgius,</strong></span> <span class='ocrx_word' id='word_1_660' title='bbox 1166 4865 1290 4938; x_wconf 86' lang='lat' dir='ltr'><strong>Sergius,</strong></span> <span class='ocrx_word' id='word_1_661' title='bbox 1302 4863 1527 4936; x_wconf 88' lang='lat' dir='ltr'><strong>etGonstantina,</strong></span> <span class='ocrx_word' id='word_1_662' title='bbox 1538 4862 1662 4937; x_wconf 89' lang='lat' dir='ltr'><strong>purifica·</strong></span> 
     </span>
     <span class='ocr_line' id='line_1_54' title="bbox 97 4951 1663 5027; baseline -0.001 -18"><span class='ocrx_word' id='word_1_663' title='bbox 97 4954 247 5027; x_wconf 90' lang='lat' dir='ltr'><strong>tephanum</strong></span> <span class='ocrx_word' id='word_1_664' title='bbox 271 4955 495 5019; x_wconf 89' lang='lat' dir='ltr'><strong>secundicerium,</strong></span> <span class='ocrx_word' id='word_1_665' title='bbox 517 4954 563 5026; x_wconf 95' lang='lat' dir='ltr'><strong>qui</strong></span> <span class='ocrx_word' id='word_1_666' title='bbox 578 4954 703 5010; x_wconf 89' lang='lat' dir='ltr'><strong>diversas</strong></span> <span class='ocrx_word' id='word_1_667' title='bbox 718 4954 808 5011; x_wconf 90' lang='lat' dir='ltr'><strong>eccle·</strong></span> <span class='ocrx_word' id='word_1_668' title='bbox 861 4954 913 5010; x_wconf 92' lang='lat' dir='ltr'><strong>turi</strong></span> <span class='ocrx_word' id='word_1_669' title='bbox 922 4954 1099 5021; x_wconf 87' lang='lat' dir='ltr'><strong>occurrerint,</strong></span> <span class='ocrx_word' id='word_1_670' title='bbox 1110 4953 1323 5011; x_wconf 89' lang='lat' dir='ltr'><strong>eosanctoritate</strong></span> <span class='ocrx_word' id='word_1_671' title='bbox 1334 4953 1469 5024; x_wconf 83' lang='lat' dir='ltr'><strong>etjudicio</strong></span> <span class='ocrx_word' id='word_1_672' title='bbox 1477 4953 1564 5010; x_wconf 89' lang='lat' dir='ltr'><strong>sancti</strong></span> <span class='ocrx_word' id='word_1_673' title='bbox 1574 4951 1663 5024; x_wconf 88' lang='lat' dir='ltr'><strong>Spiri-</strong></span> 
     </span>
     <span class='ocr_line' id='line_1_55' title="bbox 97 5040 1664 5115; baseline 0 -19"><span class='ocrx_word' id='word_1_674' title='bbox 97 5040 203 5114; x_wconf 86' lang='lat' dir='ltr'><strong>poliens</strong></span> <span class='ocrx_word' id='word_1_675' title='bbox 217 5058 267 5114; x_wconf 91' lang='lat' dir='ltr'><strong>per</strong></span> <span class='ocrx_word' id='word_1_676' title='bbox 281 5043 422 5099; x_wconf 82' lang='lat' dir='ltr'><strong>avaritiam</strong></span> <span class='ocrx_word' id='word_1_677' title='bbox 437 5041 577 5115; x_wconf 91' lang='lat' dir='ltr'><strong>turpisque</strong></span> <span class='ocrx_word' id='word_1_678' title='bbox 594 5042 664 5100; x_wconf 94' lang='lat' dir='ltr'><strong>lucri</strong></span> <span class='ocrx_word' id='word_1_679' title='bbox 680 5058 810 5115; x_wconf 88' lang='lat' dir='ltr'><strong>compen·</strong></span> <span class='ocrx_word' id='word_1_680' title='bbox 861 5051 914 5112; x_wconf 91' lang='lat' dir='ltr'><strong>tus,</strong></span> <span class='ocrx_word' id='word_1_681' title='bbox 925 5043 1100 5100; x_wconf 87' lang='lat' dir='ltr'><strong>cumcunctis</strong></span> <span class='ocrx_word' id='word_1_682' title='bbox 1109 5042 1161 5097; x_wconf 91' lang='lat' dir='ltr'><strong>sibi</strong></span> <span class='ocrx_word' id='word_1_683' title='bbox 1171 5040 1445 5109; x_wconf 89' lang='lat' dir='ltr'><strong>communicantibus,</strong></span> <span class='ocrx_word' id='word_1_684' title='bbox 1457 5049 1589 5115; x_wconf 91' lang='lat' dir='ltr'><strong>perpetuo</strong></span> <span class='ocrx_word' id='word_1_685' title='bbox 1599 5056 1664 5096; x_wconf 91' lang='lat' dir='ltr'><strong>ana·</strong></span> 
     </span>
     <span class='ocr_line' id='line_1_56' title="bbox 97 5127 1664 5204; baseline 0.001 -19"><span class='ocrx_word' id='word_1_686' title='bbox 97 5130 171 5186; x_wconf 91' lang='lat' dir='ltr'><strong>ibuta</strong></span> <span class='ocrx_word' id='word_1_687' title='bbox 190 5139 283 5186; x_wconf 87' lang='lat' dir='ltr'><strong>vetera</strong></span> <span class='ocrx_word' id='word_1_688' title='bbox 296 5131 494 5202; x_wconf 90' lang='lat' dir='ltr'><strong>multiplicavit,</strong></span> <span class='ocrx_word' id='word_1_689' title='bbox 512 5139 539 5187; x_wconf 88' lang='lat' dir='ltr'><strong>et</strong></span> <span class='ocrx_word' id='word_1_690' title='bbox 554 5131 581 5187; x_wconf 94' lang='lat' dir='ltr'><strong>in</strong></span> <span class='ocrx_word' id='word_1_691' title='bbox 601 5131 728 5187; x_wconf 89' lang='lat' dir='ltr'><strong>omnibus</strong></span> <span class='ocrx_word' id='word_1_692' title='bbox 742 5147 810 5203; x_wconf 91' lang='lat' dir='ltr'><strong>per·</strong></span> <span class='ocrx_word' id='word_1_693' title='bbox 862 5134 979 5188; x_wconf 90' lang='lat' dir='ltr'><strong>themate</strong></span> <span class='ocrx_word' id='word_1_694' title='bbox 992 5132 1217 5189; x_wconf 87' lang='lat' dir='ltr'><strong>condemnamus.</strong></span> <span class='ocrx_word' id='word_1_695' title='bbox 1227 5130 1261 5185; x_wconf 89' lang='lat' dir='ltr'><strong>lli</strong></span> <span class='ocrx_word' id='word_1_696' title='bbox 1271 5146 1338 5187; x_wconf 89' lang='lat' dir='ltr'><strong>vero</strong></span> <span class='ocrx_word' id='word_1_697' title='bbox 1348 5130 1519 5204; x_wconf 89' lang='lat' dir='ltr'><strong>qniabomni</strong></span> <span class='ocrx_word' id='word_1_698' title='bbox 1535 5127 1664 5186; x_wconf 88' lang='lat' dir='ltr'><strong>sesocie-</strong></span> 
     </span>
     <span class='ocr_line' id='line_1_57' title="bbox 97 5217 1665 5292; baseline 0.001 -18"><span class='ocrx_word' id='word_1_699' title='bbox 97 5217 183 5274; x_wconf 84' lang='lat' dir='ltr'><strong>atibus</strong></span> <span class='ocrx_word' id='word_1_700' title='bbox 203 5219 330 5290; x_wconf 91' lang='lat' dir='ltr'><strong>superius</strong></span> <span class='ocrx_word' id='word_1_701' title='bbox 353 5219 499 5275; x_wconf 89' lang='lat' dir='ltr'><strong>nominatis</strong></span> <span class='ocrx_word' id='word_1_702' title='bbox 527 5218 605 5274; x_wconf 89' lang='lat' dir='ltr'><strong>fratri</strong></span> <span class='ocrx_word' id='word_1_703' title='bbox 632 5219 756 5292; x_wconf 84' lang='lat' dir='ltr'><strong>complex</strong></span> <span class='ocrx_word' id='word_1_704' title='bbox 784 5228 811 5276; x_wconf 89' lang='lat' dir='ltr'><strong>et</strong></span> <span class='ocrx_word' id='word_1_705' title='bbox 861 5228 915 5276; x_wconf 88' lang='lat' dir='ltr'><strong>tate</strong></span> <span class='ocrx_word' id='word_1_706' title='bbox 930 5228 1102 5277; x_wconf 86' lang='lat' dir='ltr'><strong>removentes</strong></span> <span class='ocrx_word' id='word_1_707' title='bbox 1114 5219 1149 5274; x_wconf 92' lang='lat' dir='ltr'><strong>ad</strong></span> <span class='ocrx_word' id='word_1_708' title='bbox 1159 5220 1288 5276; x_wconf 90' lang='lat' dir='ltr'><strong>unitatem</strong></span> <span class='ocrx_word' id='word_1_709' title='bbox 1308 5227 1410 5277; x_wconf 82' lang='lat' dir='ltr'><strong>sanctae</strong></span> <span class='ocrx_word' id='word_1_710' title='bbox 1419 5218 1576 5292; x_wconf 72' lang='lat' dir='ltr'><strong>apostolicas</strong></span> <span class='ocrx_word' id='word_1_711' title='bbox 1590 5217 1665 5275; x_wconf 91' lang='lat' dir='ltr'><strong>sedis</strong></span> 
     </span>
     <span class='ocr_line' id='line_1_58' title="bbox 97 5307 1666 5381; baseline 0.001 -19"><span class='ocrx_word' id='word_1_712' title='bbox 97 5314 212 5362; x_wconf 89' lang='lat' dir='ltr'><strong>ntaneus</strong></span> <span class='ocrx_word' id='word_1_713' title='bbox 226 5308 336 5363; x_wconf 80' lang='lat' dir='ltr'><strong>exstitit.</strong></span> <span class='ocrx_word' id='word_1_714' title='bbox 349 5308 462 5364; x_wconf 92' lang='lat' dir='ltr'><strong>Necnon</strong></span> <span class='ocrx_word' id='word_1_715' title='bbox 478 5315 505 5364; x_wconf 91' lang='lat' dir='ltr'><strong>et</strong></span> <span class='ocrx_word' id='word_1_716' title='bbox 520 5307 670 5380; x_wconf 85' lang='lat' dir='ltr'><strong>Georgium</strong></span> <span class='ocrx_word' id='word_1_717' title='bbox 682 5308 812 5381; x_wconf 86' lang='lat' dir='ltr'><strong>Gregorii</strong></span> <span class='ocrx_word' id='word_1_718' title='bbox 863 5308 1005 5376; x_wconf 87' lang='lat' dir='ltr'><strong>redierint,</strong></span> <span class='ocrx_word' id='word_1_719' title='bbox 1021 5308 1221 5365; x_wconf 90' lang='lat' dir='ltr'><strong>communionis</strong></span> <span class='ocrx_word' id='word_1_720' title='bbox 1235 5316 1261 5365; x_wconf 90' lang='lat' dir='ltr'><strong>et</strong></span> <span class='ocrx_word' id='word_1_721' title='bbox 1277 5307 1474 5365; x_wconf 89' lang='lat' dir='ltr'><strong>benedictionis</strong></span> <span class='ocrx_word' id='word_1_722' title='bbox 1488 5315 1588 5364; x_wconf 83' lang='lat' dir='ltr'><strong>nostrae</strong></span> <span class='ocrx_word' id='word_1_723' title='bbox 1601 5323 1666 5380; x_wconf 88' lang='lat' dir='ltr'><strong>gra·</strong></span> 
     </span>
     <span class='ocr_line' id='line_1_59' title="bbox 97 5393 1453 5469; baseline -0.003 -17"><span class='ocrx_word' id='word_1_724' title='bbox 97 5395 158 5452; x_wconf 80' lang='lat' dir='ltr'><strong>cerii</strong></span> <span class='ocrx_word' id='word_1_725' title='bbox 180 5393 274 5463; x_wconf 87' lang='lat' dir='ltr'><strong>filium,</strong></span> <span class='ocrx_word' id='word_1_726' title='bbox 299 5396 345 5468; x_wconf 93' lang='lat' dir='ltr'><strong>qui</strong></span> <span class='ocrx_word' id='word_1_727' title='bbox 367 5396 492 5469; x_wconf 85' lang='lat' dir='ltr'><strong>germani</strong></span> <span class='ocrx_word' id='word_1_728' title='bbox 511 5396 614 5468; x_wconf 92' lang='lat' dir='ltr'><strong>proprii</strong></span> <span class='ocrx_word' id='word_1_729' title='bbox 629 5397 812 5452; x_wconf 89' lang='lat' dir='ltr'><strong>concubinam</strong></span> <span class='ocrx_word' id='word_1_730' title='bbox 862 5398 929 5453; x_wconf 91' lang='lat' dir='ltr'><strong>tiam</strong></span> <span class='ocrx_word' id='word_1_731' title='bbox 944 5395 996 5452; x_wconf 91' lang='lat' dir='ltr'><strong>sibi</strong></span> <span class='ocrx_word' id='word_1_732' title='bbox 1011 5397 1180 5453; x_wconf 85' lang='lat' dir='ltr'><strong>reddendam</strong></span> <span class='ocrx_word' id='word_1_733' title='bbox 1196 5413 1258 5455; x_wconf 86' lang='lat' dir='ltr'><strong>csse</strong></span> <span class='ocrx_word' id='word_1_734' title='bbox 1272 5396 1421 5455; x_wconf 86' lang='lat' dir='ltr'><strong>confidant.</strong></span> <span class='ocrx_word' id='word_1_735' title='bbox 1442 5419 1453 5448; x_wconf 76' lang='lat' dir='ltr'><strong>r</strong></span> 
     </span>
    </p>
   </div>
   <div class='ocr_carea' id='block_1_5' title="bbox 97 5491 1662 5571">
    <p class='ocr_par' dir='ltr' id='par_1_5' title="bbox 97 5491 1662 5571">
     <span class='ocr_line' id='line_1_60' title="bbox 97 5491 1662 5571; baseline 0.003 -24"><span class='ocrx_word' id='word_1_736' title='bbox 97 5491 176 5561; x_wconf 83' lang='lat' dir='ltr'><strong>iens,</strong></span> <span class='ocrx_word' id='word_1_737' title='bbox 188 5508 250 5548; x_wconf 89' lang='lat' dir='ltr'><strong>eum</strong></span> <span class='ocrx_word' id='word_1_738' title='bbox 264 5509 370 5549; x_wconf 87' lang='lat' dir='ltr'><strong>veneno</strong></span> <span class='ocrx_word' id='word_1_739' title='bbox 394 5493 502 5550; x_wconf 81' lang='lat' dir='ltr'><strong>necavit</strong></span> <span class='ocrx_word' id='word_1_740' title='bbox 518 5512 525 5550; x_wconf 74' lang='grc' dir='ltr'><strong><em>ε</em></strong></span> <span class='ocrx_word' id='word_1_741' title='bbox 542 5492 642 5551; x_wconf 88' lang='lat' dir='ltr'><strong>deinde</strong></span> <span class='ocrx_word' id='word_1_742' title='bbox 657 5501 720 5568; x_wconf 85' lang='lat' dir='ltr'><strong>post</strong></span> <span class='ocrx_word' id='word_1_743' title='bbox 733 5509 812 5552; x_wconf 89' lang='lat' dir='ltr'><strong>exse·</strong></span> <span class='ocrx_word' id='word_1_744' title='bbox 898 5495 946 5553; x_wconf 89' lang='lat' dir='ltr'><strong>llis</strong></span> <span class='ocrx_word' id='word_1_745' title='bbox 959 5494 1052 5569; x_wconf 89' lang='lat' dir='ltr'><strong>itaque</strong></span> <span class='ocrx_word' id='word_1_746' title='bbox 1066 5496 1225 5554; x_wconf 89' lang='lat' dir='ltr'><strong>auctoritate</strong></span> <span class='ocrx_word' id='word_1_747' title='bbox 1240 5496 1328 5554; x_wconf 91' lang='lat' dir='ltr'><strong>sancti</strong></span> <span class='ocrx_word' id='word_1_748' title='bbox 1343 5495 1460 5568; x_wconf 88' lang='lat' dir='ltr'><strong>Spiritus</strong></span> <span class='ocrx_word' id='word_1_749' title='bbox 1470 5494 1662 5571; x_wconf 89' lang='lat' dir='ltr'><strong>promulgatis,</strong></span> 
     </span>
    </p>
   </div>
   <div class='ocr_carea' id='block_1_6' title="bbox 0 0 1906 6100">
    <p class='ocr_par' dir='ltr' id='par_1_6' title="bbox 0 0 1906 6100">
     <span class='ocr_line' id='line_1_61' title="bbox 0 0 1906 6100; baseline 0 0"><span class='ocrx_word' id='word_1_750' title='bbox 0 0 1906 6100; x_wconf 95' lang='lat' dir='ltr'><strong> </strong></span> 
     </span>
    </p>
   </div>
  </div>
 </body>
</html>
