3794 6104
131 179 181 232 aas
797 173 1141 230 roauatsuirnrm.
1731 145 1778 237 rso

134 301 245 357 Petrum
260 301 444 372 apostulorum
466 298 592 370 primum,
609 314 689 369 quem
713 298 834 361 amastis,
852 313 933 368 quem
948 299 1048 361 Aruit.
1063 299 1149 370 lgitur
1162 299 1267 365 scitote,
1284 299 1451 361 clarissima,
1468 301 1492 355 si
1505 317 1538 355 ex
1552 301 1604 356 hoc
1618 301 1655 355 ad
1665 302 1782 372 Graecas

133 390 266 462 elegistis,
285 405 365 461 quem
381 388 524 460 quaesistis,
542 386 673 456 cujnsquc
688 387 714 439 in
725 387 933 442 necessitatibus
983 387 1056 457 quod
1071 395 1175 442 arei-tat
1190 388 1331 450 Dominus,
1347 389 1489 444 conversio
1505 398 1597 444 restra
1613 389 1704 451 tuerit,
1717 407 1781 460 par·

133 479 314 550 patrocinium
329 477 500 548 percepistis,
516 483 543 530 et
558 476 656 530 fluenta
671 475 802 528 doetrinae
817 473 935 528 salubri·
983 483 1037 528 tem
1053 486 1170 529 vestram
1185 475 1313 530 diuinitus
1337 492 1399 532 cum
1422 477 1465 531 his
1488 477 1648 546 ponendam
1664 478 1710 548 qui
1725 479 1780 548 pri·

133 574 174 621 ter
194 575 221 621 et
243 565 435 621 convenienter
457 564 604 625 hausistis;
621 563 751 633 cujusque
765 579 815 616 vas
837 570 932 632 prete·
982 578 1055 617 mam
1070 562 1151 617 tidem
1166 565 1267 618 irritam
1287 564 1397 630 saciant,
1424 574 1449 619 et
1471 581 1531 621 cum
1553 567 1596 619 his
1621 567 1781 636 quorumli-

133 655 215 711 ctioni
230 670 291 709 cum
308 654 436 720 subjectis
459 652 584 705 omnihus
607 651 819 705 commendastis
839 659 865 704 et
879 660 933 704 tra·
983 653 1078 706 henter
1098 651 1291 721 amplectimini
1315 654 1475 723 portionem.
1500 656 1582 708 Porro
1613 654 1637 707 si
1661 670 1713 708 nos
1735 671 1781 710 au-

134 743 249 796 didistis.
266 744 338 796 Beria
353 742 464 811 quidem
482 740 647 801 currebatis,
661 755 723 793 cum
736 738 932 809 Apostolocla-
982 740 1095 800 dieritis,
1109 748 1134 794 et
1159 743 1194 794 ad
1220 742 1307 796 saneti
1331 743 1402 796 Petri
1426 742 1561 814 gremium
1585 742 1733 808 redieritis,
1755 753 1781 798 ut

135 827 930 900 mamus,archoostascinaaitarrituta'aonatrcdiraltGat.
981 826 1051 882 salios
1067 844 1116 882 vos
1130 828 1329 883 amantissimos
1348 830 1590 899 expansissinibus
1609 831 1781 899 recipiemus,

132 920 186 986 tit.)
201 918 254 973 Sed
270 918 368 987 etipse
383 915 931 986 perseDominusdicit:ll'cmamittcns
982 924 1006 969 et
1033 916 1131 971 exertis
1156 917 1274 972 brachiis
1296 918 1505 987 amplectemur,
1529 927 1555 972 et
1576 918 1605 972 in
1632 918 1782 974 visceribus

130 1007 389 1060 manumsaamin
408 1011 538 1060 aratrum
556 1009 744 1060 ctconuersas
764 1007 930 1068 retrorsum,
982 1003 1079 1057 Christi
1101 1004 1253 1059 dilectionis
1278 1021 1388 1074 semper
1413 1006 1593 1073 ltahebimus;
1620 1014 1647 1060 et
1677 1007 1701 1060 si
1733 1022 1782 1078 qua

132 1098 216 1165 aptus
230 1099 273 1149 est
283 1096 312 1148 ia
325 1094 551 1163 regnocoeloram
566 1094 643 1157 (tac.
657 1092 698 1145 ixi
709 1110 715 1154 ;
727 1107 781 1144 non
791 1098 880 1145 autem
892 1091 932 1145 di-
982 1101 1042 1145 sunt
1058 1101 1159 1156 sancta,
1177 1093 1199 1147 si
1214 1109 1267 1163 <pua
1283 1093 1412 1159 salubria,
1429 1094 1512 1164 siqua
1523 1109 1661 1166 congrua,
1673 1095 1790 1151 rohiset.

130 1182 217 1237 cimus
247 1183 321 1252 quod
349 1197 403 1236 non
431 1197 484 1234 una
513 1181 547 1234 sit
583 1179 661 1240 tides,
692 1195 776 1232 unum
800 1180 931 1249 baptisma
981 1195 1031 1250 pro
1045 1181 1122 1234 robis
1138 1179 1327 1251 otlerreatque
1345 1182 1504 1251 impendere
1524 1199 1579 1236 nan
1604 1183 1784 1240 cessabimus.

131 1272 243 1343 (Ephes.
261 1271 309 1340 tv),
327 1286 398 1323 uuus
413 1271 485 1324 Deus
500 1276 595 1323 noster
610 1267 932 1337 pariteretillorum‚sed
980 1267 1099 1322 Xenium
1115 1268 1194 1322 nobis
1208 1285 1240 1323 ex
1264 1269 1340 1323 robis
1363 1270 1563 1335 transmissum
1581 1270 1724 1341 quondam
1738 1288 1788 1327 re-

127 1358 191 1429 quia
208 1359 234 1411 in
251 1358 290 1412 eis
315 1374 397 1427 saepe,
416 1357 532 1426 praesule
557 1356 863 1425 Constantinopolitano
888 1355 931 1410 rel
980 1355 1069 1427 ligiosi
1085 1357 1192 1411 habitus
1212 1358 1281 1412 Urso
1296 1357 1444 1423 deferente,
1470 1359 1663 1429 suscepimus;
1679 1359 1715 1414 dc
1733 1376 1793 1431 qut)

127 1445 303 1516 imperatore,
325 1454 371 1500 aut
395 1445 554 1514 plerumque
578 1452 704 1513 utroque,
730 1451 838 1497 auctore
860 1442 930 1497 lacta
980 1443 1139 1515 benignitati
1164 1454 1261 1500 restra
1283 1446 1383 1517 gratias
1405 1456 1526 1517 agentes,
1552 1448 1644 1501 Deum
1665 1447 1786 1504 laudari-

128 1535 276 1597 haereseos,
292 1534 386 1603 plures
402 1533 511 1603 quisub
535 1531 601 1601 ipsis
625 1539 696 1590 strat.
713 1531 868 1584 adulatione
886 1541 930 1586 aut
980 1548 1049 1596 mus,
1075 1533 1121 1603 oui
1146 1541 1171 1587 te
1193 1533 1271 1587 nobis
1297 1534 1395 1589 devote
1425 1551 1524 1588 munus
1543 1533 1648 1589 offerre
1670 1535 1783 1607 docuit;

125 1631 199 1677 certe
224 1622 331 1682 timore,
349 1620 402 1673 illis
417 1618 567 1674 efficiuntur
581 1619 756 1683 consimiles;
772 1627 796 1671 et
812 1635 853 1673 rae
867 1629 929 1673 tuuc
944 1621 1152 1708 Btemetipsum
1167 1622 1219 1675 cito
1234 1630 1330 1687 totum,
1346 1630 1374 1676 ut
1390 1622 1570 1689 confidimus,
1587 1632 1615 1677 et
1634 1623 1777 1695 perfeetum

126 1709 166 1764 eis
181 1718 222 1763 est
237 1710 282 1780 qui
299 1709 451 1762 societatem
470 1716 619 1778 sequuntur
634 1723 736 1760 eorum.
761 1708 810 1762 bic
828 1707 926 1777 itaque,
981 1709 1101 1763 daturus.
1120 1710 1251 1763 Caeterum
1273 1709 1358 1781 gloria
1381 1719 1471 1764 vestra
1495 1711 1563 1766 sciat
1589 1711 1719 1784 Sergium
1733 1729 1772 1768 eu-

126 1813 205 1869 rog0,
223 1797 383 1851 charissime
399 1796 446 1859 tili,
473 1797 537 1866 ‹piid
554 1795 657 1849 laceres
681 1804 717 1857 tu,
745 1795 786 1848 rel
812 1795 928 1864 populus
978 1797 1107 1863 noctium,
1127 1797 1173 1867 qui
1196 1814 1257 1851 eum
1281 1814 1382 1868 genere
1406 1798 1519 1853 Solarus
1541 1807 1626 1865 esset,
1645 1808 1673 1854 ct
1692 1801 1769 1858 multis

125 1893 196 1949 tuus,
215 1887 238 1938 si
255 1884 783 1954 temporel‘neumatomocliihlacedonii
796 1884 928 1937 tlonstau-
978 1884 1155 1953 pravitatibus
1178 1885 1315 1954 irretitus,
1339 1887 1522 1941 sacerdotium
1548 1903 1601 1957 per
1627 1888 1765 1959 subreptio

123 1971 290 2043 tinopolitani
314 1972 449 2033 antistitis,
476 1973 583 2042 qnando
603 1981 627 2025 et
652 1971 750 2040 impius
774 1971 828 2026 illic
842 1972 927 2040 impe·
978 1987 1040 2025 nem
1056 1973 1189 2037 obtinuit·,
1205 1982 1306 2042 etpost
1321 1974 1401 2027 etiam
1423 1990 1506 2044 super
1527 1975 1590 2027 aliis
1615 1975 1764 2032 detectuset

123 2061 197 2115 rabat
213 2061 397 2120 Constantius,
412 2061 509 2114 essetis
525 2076 618 2113 eorum
640 2059 770 2114 sacietate
787 2063 927 2124 t'ruentes;
978 2061 1118 2114 convictus
1132 2061 1299 2121 excessibus,
1314 2062 1349 2115 ab
1363 2062 1491 2132 episcopo
1501 2071 1568 2118 tuuc
1580 2080 1631 2117 suo
1642 2063 1762 2134 depositus

123 2164 214 2204 nonae
228 2149 328 2221 dogma
345 2149 404 2217 ejus
419 2155 514 2203 contra
525 2148 653 2217 Spiritum
664 2156 788 2203 sanctum
800 2147 927 2216 blasphe·
978 2145 1061 2201 luisse
1076 2148 1256 2217 dignoscitur,
1273 2157 1299 2204 et
1316 2158 1376 2219 post
1396 2150 1507 2219 indigne
1531 2151 1628 2204 satisa
1651 2152 1758 2223 Georgia,

124 2252 279 2291 mansuum
304 2237 358 2289 illis
378 2236 583 2307 sequeremini?
607 2237 682 2302 Quod
704 2240 861 2306 paccatum,
884 2243 927 2288 at·
979 2235 1024 2306 qui
1040 2234 1108 2289 salso
1124 2236 1174 2290 sibi
1191 2237 1309 2306 episcopi
1326 2253 1425 2292 nomeu
1441 2247 1569 2308 usurpat,
1584 2240 1620 2292 ad
1637 2241 1759 2309 episcopa·

117 2323 238 2380 *testante
254 2325 380 2388 Destino,
393 2343 449 2379 nora
462 2326 719 2394 remittituromne
731 2325 786 2388 laic,
797 2340 884 2396 aerque
897 2325 927 2378 ira
979 2331 1035 2376 tum
1064 2324 1292 2395 belogradensem
1330 2334 1473 2394 provectus
1501 2335 1559 2390 est,
1595 2313 1757 2396 apostolorum

122 2414 348 2485 saturotllattli.
366 2419 424 2473 xttt.
451 2413 548 2466 Nonne
572 2412 594 2465 si
619 2414 715 2466 horum
735 2412 862 2480 pollutam
879 2427 927 2466 so·
977 2412 1149 2481 principum,
1187 2422 1213 2466 et
1248 2422 1402 2468 sanctorum
1434 2429 1571 2468 canonum
1607 2416 1754 2477 auctoritate,

125 2501 250 2556 cietatem
278 2501 431 2564 haberetis,
463 2509 487 2554 et
508 2516 621 2569 pravam
651 2500 802 2553 doctrinam
831 2500 926 2554 nihilo·
978 2500 1057 2553 etiam
1073 2501 1157 2554 nostri
1174 2518 1236 2556 esse
1251 2503 1383 2556 sententia
1398 2503 1503 2557 decreti
1517 2503 1754 2574 depositum1quad

122 2589 211 2643 minus
226 2589 388 2643 haberetis‘.t
404 2605 434 2643 ac
450 2605 498 2658 per
511 2589 563 2642 hoc
578 2598 604 2641 et
619 2604 667 2642 ros
691 2604 754 2641 cum
775 2580 926 2658 illis,quasi
977 2597 1031 2641 tam
1045 2588 1122 2641 rolris
1147 2605 1225 2658 otiam
1248 2597 1344 2644 restra
1368 2591 1489 2644 omnium
1511 2590 1683 2662 generalitati
1694 2606 1753 2646 cauo

123 2676 244 2733 fasciculi
260 2677 378 2747 colligati
395 2678 427 2729 ad
442 2677 665 2740 comburendum,
682 2685 783 2730 aeterno
807 2676 862 2745 igni
880 2676 926 2729 r'e-
977 2676 1036 2730 uice
1052 2677 1240 2745 patefacimus,
1258 2687 1286 2730 ut
1308 2678 1335 2730 lii
1358 2678 1404 2748 qtri
1422 2678 1587 2747 abjiciuntur
1603 2680 1638 2733 ab
1651 2679 1703 2733 aliis
1714 2695 1753 2734 nou

122 2765 298 2820 serraremini
314 2766 339 2818 in
356 2766 499 2832 dieiudieii
509 2765 673 2819 cruciandi?
688 2764 926 2818 Cretlimusautem
979 2765 1143 2834 recipiantur
1155 2767 1271 2834 (il'r'coea.
1289 2783 1312 2820 e.
1334 2770 1361 2827 tit
1377 2785 1383 2819 :
1401 2783 1444 2830 ne,
1468 2768 1541 2838 quod
1565 2783 1620 2822 non
1642 2776 1750 2837 optamus,

123 2855 196 2923 quod
208 2854 263 2919 iam
279 2869 327 2907 ros
343 2868 395 2906 non
412 2853 493 2906 lateat
510 2869 646 2922 nunquam
662 2853 838 2921 apostaticam
856 2851 926 2905 beati
978 2852 1057 2906 simili
1072 2868 1133 2907 cirin
1149 2853 1189 2907 eis
1208 2869 1289 2923 pmna
1310 2854 1403 2921 judieii
1426 2862 1553 2909 tenantur
1573 2855 1682 2910 astricti.
1700 2857 1751 2909 Data

125 2941 197 2995 Petri
212 2941 306 2993 sedem
321 2940 355 2993 ab
371 2940 431 2993 aliis
446 2940 571 2993 sensibus
585 2941 857 3008 reprehensumcum
869 2940 925 3007 ipsa
977 2940 1021 2994 die
1036 2925 1085 2993 art
1100 2941 1202 2995 mensis
1218 2942 1327 3010 Aprilis,
1345 2941 1491 2997 indictione
1507 2957 1547 2995 xt.

125 3027 194 3082 alias
222 3043 336 3092 omnes,
366 3037 391 3081 et
420 3028 554 3097 praecipue
590 3027 923 3096 Constantinopolitanam‚

124 3115 275 3186 saepissime
294 3115 487 3186 reprehendes,
511 3124 556 3170 ant
580 3116 614 3169 ab
639 3131 733 3170 errore
758 3116 923 3180 liberaverit,

122 3212 168 3258 aut
183 3204 294 3259 certain
309 3205 351 3258 his
367 3205 412 3274 qni
428 3204 589 3274 resipiscere
611 3203 766 3266 noluerunt,
786 3203 926 3258 sententiaa

124 3310 180 3348 stim
193 3293 296 3360 judicio
310 3293 544 3348 condemnarent.
563 3293 625 3347 Noli
636 3308 704 3364 ergo
713 3293 790 3363 sequi
802 3292 923 3355 Graecos,

123 3380 160 3436 fitt
182 3381 350 3445 charissime,
374 3381 439 3452 quia
460 3381 629 3453 argumentis
653 3396 762 3449 semper
785 3379 925 3434 fallacibus

125 3469 243 3528 student.
260 3486 369 3539 semper
384 3470 488 3524 dolosis
503 3470 644 3524 intendunt
658 3468 797 3533 versutiis,
811 3485 846 3523 ne
857 3467 925 3523 torte

123 3557 202 3612 vohis
216 3559 288 3628 quod
304 3558 378 3628 genti
393 3558 507 3631 contigit
524 3559 673 3613 Gothorum
696 3558 835 3629 contingat
846 3575 852 3610 :
864 3573 925 3628 quae

122 3661 182 3701 cum
200 3662 215 3699 a
230 3662 396 3717 paganorum
411 3663 504 3701 errore
521 3656 631 3717 cuperet
641 3647 760 3709 liberari,
772 3645 924 3715 Christique
949 3679 952 3684 -

123 3731 187 3788 fidei
202 3736 310 3796 sociari,
328 3735 355 3787 in
379 3736 535 3804 episcopam
561 3735 656 3788 incidit
679 3733 795 3787 lormnm
819 3733 924 3802 pietatis

122 3822 278 3886 habentem,
295 3823 420 3876 virtutem
435 3832 523 3876 autem
540 3824 597 3889 ejus
613 3823 806 3892 abnegantem,
818 3821 863 3891 orii
876 3836 924 3874 cos

122 3908 187 3963 dum
203 3924 218 3961 a
233 3910 394 3980 paganismo
408 3909 514 3972 liberat,
532 3910 586 3962 atrii
598 3908 774 3978 blasphemiis
786 3909 903 3978 implicat
916 3928 923 3971 ;

122 3995 217 4066 sicque
232 3996 280 4062 illi,
297 3997 359 4049 dum
376 3997 481 4051 incaute
497 4006 620 4066 qiiaernnt
640 4012 761 4050 errorem
776 3995 880 4066 lugere,
897 3997 923 4049 in

123 4098 244 4138 errorem
261 4084 400 4149 incidunt3
417 4092 442 4138 et
459 4100 558 4139 ameum
578 4086 674 4138 ducem
690 4093 845 4155 sequentes
863 4100 922 4138 eum

122 4170 170 4225 illo
186 4171 251 4226 caeci
267 4171 327 4226 lacti
351 4173 377 4225 in
399 4173 506 4226 Arianae
530 4172 669 4242 prauitatis
684 4172 832 4242 praecipitia
846 4172 923 4226 dela-

121 4259 248 4315 buntur·
265 4278 272 4314 z
289 4269 315 4314 et
330 4262 381 4315 lioc
396 4270 437 4315 est
451 4261 523 4315 unde
548 4261 705 4316 Graecorum
728 4262 847 4315 carenda
863 4277 924 4316 esse

1336 3048 1405 3101 tttx.

1217 3150 1253 3188 an
1272 3150 1382 3190 amaru
1402 3152 1534 3192 contram.

1283 3223 1374 3294 (Anno
1390 3226 1463 3294 8Ἱ8.)

975 3309 1050 3355 tttssa
1060 3319 1105 3365 per
1117 3310 1219 3355 Paulum
1231 3312 1254 3356 et
1266 3313 1406 3366 Eugenium
1422 3313 1564 3369 episcopos,
1586 3324 1671 3374 mensa
1684 3313 1752 3370 Aprili.

1224 3382 1265 3427 dte
1279 3393 1329 3437 xri,
1345 3383 1483 3429 tudtetioue
1493 3395 1527 3430 xt.

976 3468 1110 3522 Hortatur
1124 3472 1157 3522 at
1173 3468 1477 3539 ltirlraetemrcgemad
1497 3472 1629 3526 Raraaaoe
1646 3469 1753 3527 Ecclesia

1235 3541 1375 3609 premium
1394 3544 1511 3595 reuocet.

1011 3643 1104 3697 Parae
1119 3644 1220 3697 comiti.

1010 3731 1189 3786 Dilectissimo
1209 3731 1263 3787 tilio
1284 3742 1376 3787 nostro
1397 3734 1521 3789 llichaeli
1546 3736 1755 3791 christianissima

974 3819 1033 3890 regi
1048 3821 1214 3888 apostolatus
1229 3821 1314 3874 nostri
1332 3822 1468 3876 mittentes
1491 3824 1647 3893 epistolam,
1662 3825 1754 3896 dignun

973 3907 1100 3960 duximus
1115 3916 1142 3961 ut
1158 3916 1183 3961 et
1199 3917 1250 3963 tum
1264 3925 1372 3980 quoqtte.
1382 3911 1477 3979 gloriar
1488 3911 1681 3974 scriberemus,
1691 3920 1756 3984 etge·

973 3996 1055 4049 mitus
1066 3997 1149 4050 nostri
1161 3997 1438 4066 eordisaperiremus,
1451 4001 1754 4071 quosassiduepatimur‚

973 4085 1142 4155 suspirantes
1151 4093 1178 4140 et
1186 4094 1295 4155 stupore
1305 4086 1388 4140 nimio
1396 4087 1560 4142 admirantes
1571 4090 1704 4160 quomodo
1711 4090 1755 4158 ipse

974 4172 1190 4242 sapientissimus
1205 4190 1252 4227 rex
1264 4184 1290 4227 et
1305 4190 1353 4228 ros
1368 4175 1419 4246 ipsi
1435 4176 1521 4230 arerti
1542 4178 1693 4246 potueritis,
1713 4185 1755 4230 ctt

972 4268 1045 4314 recta
1060 4261 1155 4314 semita
1170 4261 1316 4326 declinare,
1332 4271 1412 4332 atalae
1428 4279 1443 4315 a
1457 4264 1523 4318 sede
1539 4265 1610 4318 beati
1627 4265 1753 4334 Petriapo·

119 4348 300 4420 praedicamus
316 4351 463 4405 consortia.
483 4351 673 4422 Corrumpunt
688 4349 770 4417 euim,
783 4357 809 4402 ut
819 4347 954 4406 PaulusD
970 4349 1099 4402 stolorum
1114 4350 1212 4403 aurumi
1229 4351 1378 4416 recedere,
1393 4351 1443 4415 sui,
1461 4352 1529 4406 sicut
1540 4353 1711 4426 Euangelium
1724 4367 1755 4405 re·

120 4438 259 4507 apostolus
275 4439 320 4502 ait,
338 4455 429 4493 mares
447 4440 529 4495 tonas
549 4440 688 4509 colloquia
709 4440 787 4492 rnatu
811 4439 837 4505 (t
859 4439 919 4493 Cor.

119 4527 180 4594 xv).
198 4527 251 4594 Qui
264 4528 314 4581 etsi
329 4527 477 4598 aliquando
491 4528 638 4597 loquuntur
651 4526 752 4597 aliquid
775 4526 849 4589 boni,
866 4526 921 4580 nali

117 4613 222 4679 mirari,
237 4614 299 4684 qaia
322 4621 348 4668 et
370 4615 508 4669 daemones
534 4612 734 4669 confitebantur
759 4613 854 4667 Filium
872 4612 921 4666 uei

119 4701 226 4771 (ttattla.
246 4707 347 4770 xturr);
365 4702 412 4757 sed
429 4703 487 4772 ipse
502 4702 563 4755 illos
578 4702 666 4771 potius
678 4710 770 4755 tacere
783 4701 921 4770 praecipie-

118 4788 173 4851 bat,
191 4805 224 4842 ne
240 4790 300 4861 quis
316 4807 363 4845 eos
378 4791 485 4845 audiret
500 4805 564 4844 vera
589 4790 778 4859 praedicantes,
795 4805 920 4859 seiprere·

118 4885 163 4930 tur
177 4888 310 4932 errantes.
328 4880 520 4934 convertimini
536 4880 619 4951 igitur
634 4880 668 4932 ab
684 4879 790 4930 beatum
811 4878 919 4930 Petrum

118 4966 303 5036 apostolorum
321 4969 479 5038 principem,
497 4969 541 5039 qui
557 4968 661 5038 ptimus
677 4965 803 5035 cognovit
819 4974 842 5017 et
855 4981 918 5018 eon-

118 5053 207 5109 lessus
224 5062 263 5108 est
280 5055 374 5109 Filium
391 5058 457 5119 Dei;
474 5058 599 5127 quiores
617 5055 769 5109 [lominicas
786 5054 922 5125 regendas

119 5143 233 5213 accepit,
247 5153 274 5198 et
290 5153 318 5197 ut
343 5146 390 5199 has
414 5146 447 5198 ad
469 5153 571 5199 aeterna
589 5159 690 5213 pascua
714 5144 775 5197 ritae
795 5142 920 5196 introilu-

119 5243 182 5285 cere
199 5242 299 5301 posset,
316 5242 342 5288 et
358 5233 400 5288 hic
424 5232 529 5304 ligandi
551 5232 729 5302 solvendique
749 5239 919 5300 potestatem,

119 5332 146 5380 et
157 5326 212 5381 illie
235 5330 376 5385 reserandi
397 5329 437 5384 eis
460 5330 552 5385 clares
573 5329 692 5384 coelestis
716 5329 792 5400 regni
807 5343 919 5398 prome·

973 4435 1023 4491 lert
1039 4438 1148 4507 tittatttr.
1168 4442 1238 4507 rsit,
1255 4454 1308 4493 uon
1325 4454 1388 4492 earo
1399 4447 1423 4492 et
1435 4440 1558 4511 sanguis,
1571 4441 1598 4495 id
1610 4449 1649 4496 est
1659 4443 1754 4496 huntam

972 4524 1112 4593 sapientia,
1129 4527 1177 4579 sed
1193 4526 1251 4595 ipse
1266 4542 1358 4596 perse
1376 4528 1452 4581 Pater
1468 4528 1563 4582 lilium
1580 4531 1753 4600 propriumne

971 4612 1080 4676 velarit,
1107 4629 1167 4667 eum
1195 4613 1240 4667 alii
1270 4616 1343 4668 lianc
1379 4615 1510 4669 terranem
1535 4616 1580 4670 atii
1604 4618 1697 4680 Etiam,
1719 4614 1753 4669 ali

970 4699 1115 4754 teremiam
1131 4710 1174 4754 am
1189 4719 1271 4755 unum
1283 4703 1317 4756 de
1326 4704 1465 4772 prophetis
1476 4704 1670 4760 existimarent.
1682 4703 1753 4772 Scrip

971 4788 1060 4842 bimus
1082 4805 1150 4860 ergo
1172 4789 1217 4842 tibi
1244 4800 1370 4861 tauquam
1407 4790 1532 4845 larariliari
1555 4800 1581 4847 et
1615 4792 1753 4848 charissimo

969 4876 1067 4940 uoltis;
1082 4885 1110 4930 tu
1127 4877 1240 4931 enimin
1259 4879 1310 4932 hac
1330 4895 1410 4932 caiisa
1428 4880 1532 4948 primus
1553 4881 1606 4950 ipsi
1626 4882 1684 4954 regi
1696 4895 1753 4951 praa

972 4980 1065 5018 cursor
1080 4973 1106 5018 et
1121 4965 1173 5018 dur
1188 4975 1300 5020 auctore
1325 4968 1382 5020 lleo
1407 4967 1479 5021 luisti
1497 4986 1503 5020 :
1521 4976 1548 5021 tu
1565 4969 1637 5024 iuter
1658 4971 1725 5024 illum
1736 4974 1754 5020 et

972 5068 1022 5106 nos
1038 5053 1142 5107 medius
1156 5053 1319 5119 discurristi,
1345 5065 1369 5108 et
1395 5057 1453 5109 Deo
1477 5057 1592 5127 gratias,
1609 5066 1757 5128 cunctaquae

971 5140 1004 5193 ad
1020 5141 1134 5194 salutem
1150 5142 1239 5212 gentis
1255 5142 1326 5196 illius
1342 5153 1402 5198 acta
1418 5153 1488 5206 sunt,
1504 5147 1640 5201 non-sine
1655 5157 1697 5202 tuo
1709 5160 1756 5202 cct-

971 5229 1072 5283 tamiae
1088 5239 1149 5284 acta
1171 5239 1242 5295 sunt,
1266 5240 1292 5285 et
1317 5241 1381 5302 <litet
1406 5242 1431 5286 et
1456 5242 1572 5302 quantos
1597 5233 1706 5291 labores
1722 5247 1759 5305 pru

971 5325 1146 5382 instructione
1175 5329 1258 5382 vestri
1287 5345 1338 5384 nos
1375 5330 1607 5400 assumpserimus
1635 5332 1693 5404 ipse
1718 5346 1761 5387 aon

154 5475 167 5501 ⁸
178 5478 302 5546 Socratas,
322 5481 365 5531 ttb.
387 5495 412 5541 r,
429 5494 451 5531 c.
472 5481 521 5544 at;
534 5481 696 5542 theodoret,
718 5481 737 5530 t.
760 5493 803 5542 ru,
824 5494 847 5530 c.
865 5481 916 5543 δὴ
935 5481 1093 5542 sozomenus,
1105 5480 1123 5529 t.
1138 5494 1181 5542 vn,
1196 5494 1219 5531 e.
1232 5481 1276 5530 at.
