3794 6104
115 116 154 168 3³
836 104 1025 163 EPlSTOLAE.
1742 109 1777 162 36

115 236 269 308 corrigere
284 234 383 300 noluit,
399 232 548 291 secundum
564 248 655 288 sacras
668 231 790 305 regulas,
801 231 925 288 sicuteas
936 232 964 289 A
979 232 1056 286 Unde
1071 231 1145 285 illum
1160 238 1250 287 restra
1264 231 1460 287 discretissima
1471 232 1569 303 pietas,
1580 246 1641 304 quae
1649 246 1776 302 compas-

115 322 319 388 intelleximus,
336 320 416 377 fuerit
427 321 576 391 judicatus,
592 321 694 375 nullum
708 320 811 374 babere
824 334 924 390 posse-

114 428 187 466 mus
202 410 399 466 uerecundiam
413 409 447 464 de
462 409 630 464 restitutione
645 408 725 472 illius,
738 408 760 461 si
776 407 843 463 soret
855 406 926 462 saeta

114 515 136 555 a
165 500 255 555 vestri
279 498 376 554 summi
397 497 572 569 pontificatus
594 497 712 568 pietate,
743 497 806 568 quia
831 511 926 551 ornnes

114 605 209 644 senes
225 605 286 643 cum
298 587 452 657 junioribus
467 587 567 642 scimus
582 595 689 640 nostras
703 585 843 641 Ecclesias
858 584 926 639 sub·

116 677 196 732 ditas
221 693 285 731 esse
308 676 438 754 Romana
462 674 602 740 Ecclesiae,
627 683 654 729 et
676 690 726 729 nos
741 673 884 745 episcopos
899 672 927 727 ia

117 766 247 837 primatu
262 764 334 818 beati
349 765 421 818 l‘etri
435 764 572 832 subjectos
586 779 648 818 esse
663 764 784 818 Romano
795 761 925 833 pontilici,

117 863 149 908 et
166 855 204 909 ob
218 853 246 907 id
261 853 340 907 salva
355 851 419 920 sule,
436 868 496 922 quae
510 851 536 905 in
554 851 677 906 Ecclesia
700 867 809 922 semper
830 850 926 920 riguit,

119 951 161 1005 et,
180 941 299 998 Domino
324 948 498 1011 cooperante,
525 939 641 1008 llorebit,
664 939 744 994 nobis
766 947 806 993 est
830 945 929 992 vestrae

117 1030 285 1101 apostolicae
314 1028 467 1084 auctoritati
492 1028 685 1082 obediendum.
717 1026 801 1082 Nobis
828 1026 928 1097 quippe

118 1134 189 1174 cum
204 1118 269 1172 aliis
285 1117 437 1189 quibusque
461 1117 589 1187 seriptum
613 1124 663 1180 est,
687 1116 750 1187 quia
771 1116 850 1171 Jcsus
872 1123 929 1169 erat

124 1206 256 1261 subditus
271 1206 430 1277 parentibus
446 1205 503 1259 suis
513 1206 591 1276 (Lae.
604 1219 632 1272 11,
644 1205 702 1273 51),
718 1203 850 1274 nobisque
865 1203 930 1258 item

124 1295 314 1366 scriptumest
325 1313 331 1347 ε
343 1295 454 1349 (laedite
462 1295 621 1365 prepositis
632 1293 741 1357 vestris,
752 1296 779 1347 et
789 1293 930 1363 subjacete

123 1382 391 1453 cistllab.xrr,17);
408 1390 434 1436 ιι
446 1399 453 1434 :
463 1381 540 1436 R’ilril
548 1397 600 1453 per
608 1383 829 1446 contentionem,
842 1396 931 1452 oreque

121 1473 305 1544 perinane-m
316 1471 437 1541 gloriam
445 1470 560 1542 (Philip.
571 1484 600 1531 u,
611 1470 654 1539 3);
664 1478 690 1523 ct
703 1486 709 1522 :
721 1470 757 1523 Et
766 1469 792 1524 ei
800 1469 862 1541 puis
871 1469 933 1523 vult

979 318 1084 374 sionem
1098 318 1231 390 proximo,
1249 328 1275 374 et
1295 319 1483 375 rectitudinem
1505 319 1609 375 dictare
1630 318 1702 375 vitiis
1724 334 1777 375 no-

978 407 1024 473 rit,
1048 408 1103 461 suis
1128 409 1285 478 apostolicis
1308 409 1404 463 litteris
1413 407 1579 464 sufficienter
1587 406 1772 479 praemonuit:

980 495 1080 567 quique
1109 496 1180 550 inter
1208 496 1276 550 alius
1305 498 1445 552 secordias
1476 504 1559 552 tantm
1588 495 1694 551 duritia·
1718 512 1779 551 esse

979 583 1168 654 dignoscitur,
1195 594 1222 638 ut
1246 600 1309 640 cum
1331 584 1467 640 multoties
1490 585 1548 640 sino
1574 584 1629 640 ullo
1653 591 1779 655 respectu

983 672 1090 727 timoris
1105 672 1149 727 rel
1170 673 1272 727 amoris
1295 673 1389 738 divini,
1412 682 1438 727 et
1462 674 1565 745 absque
1587 673 1640 727 ulla
1662 673 1783 728 humana

981 761 1164 825 verecundia,
1194 778 1243 831 per
1271 769 1309 816 tot
1334 778 1420 839 annos
1445 769 1471 817 et
1499 762 1528 815 in
1561 761 1643 816 tantis
1672 761 1781 827 eaxrsis,

983 849 1062 903 toties
1086 849 1173 903 saeris
1197 850 1364 907 canonibus.
1392 859 1418 904 et
1441 850 1560 906 decretis
1583 857 1683 905 sanetae
1708 850 1782 906 sedis

982 938 1109 992 Romanae
1142 936 1316 1007 pontilieum,
1354 945 1380 990 et
1415 954 1471 992 suaa
1502 938 1663 1009 metropolis
1693 937 1781 1008 privi-

981 1025 1063 1097 legio,
1088 1042 1119 1080 aa
1144 1025 1321 1097 synodalibus
1340 1024 1451 1093 judiciis
1475 1026 1659 1093 resultaverit,
1684 1034 1710 1081 et
1731 1043 1782 1097 per

985 1122 1077 1170 tantos
1091 1130 1177 1169 anuos
1200 1113 1387 1185 tantisperque
1408 1114 1537 1169 toleratus
1560 1131 1575 1168 a
1597 1131 1645 1169 sua
1671 1114 1784 1169 stultitia

985 1220 1016 1257 se
1032 1218 1160 1257 revocare
1175 1202 1379 1272 conlempserit,
1395 1217 1491 1274 aroge
1507 1211 1533 1256 et
1548 1203 1684 1273 episcopis
1694 1202 1784 1257 multi·

982 1291 1089 1363 pliciter
1103 1292 1261 1346 obsecratus
1283 1291 1310 1344 in
1332 1292 1384 1346 boc
1404 1291 1502 1346 adduci
1538 1291 1632 1362 potuit,
1656 1300 1685 1346 ut
1699 1292 1783 1346 sacris

983 1380 1134 1436 carioribus
1150 1387 1176 1434 et
1190 1380 1310 1434 decretis
1324 1388 1426 1435 sancta
1446 1379 1520 1434 sedis
1542 1379 1672 1435 Romanae
1692 1380 1783 1452 ponti-

983 1467 1073 1535 ficum,
1091 1477 1118 1523 ιι
1134 1468 1282 1522 secundum
1298 1484 1329 1522 ea
1344 1485 1400 1522 sura
1414 1467 1574 1539 metropolis
1589 1468 1734 1540 privilegio
1748 1468 1784 1524 de

125 1560 325 1616 contentiores
334 1574 403 1623 esse,
413 1574 463 1613 aar
475 1559 563 1614 talem
574 1558 805 1613 consuetudinem
815 1574 872 1612 aron
884 1558 930 1612 ba-
946 1565 1082 1640 Bcaetero
1107 1573 1136 1611 se
1158 1556 1330 1611 obediturum
1353 1556 1551 1625 subscriberet,
1576 1557 1704 1627 quonium
1725 1557 1784 1613 sine

127 1648 238 1714 benerae,
250 1664 339 1719 aanor
349 1648 475 1702 Ecclesia
489 1648 539 1702 Dei
553 1647 579 1717 (l
594 1648 654 1720 (lor.
665 1661 705 1711 ιιι,
720 1646 776 1711 to.)
786 1647 933 1715 Propterea

126 1736 239 1791 loeutus
259 1751 318 1789 curu
340 1734 501 1789 fidelissimo
523 1732 579 1790 filio
601 1742 714 1801 restro,
746 1734 848 1788 domno
871 1749 934 1788 mco

131 1839 199 1894 rege
214 1823 347 1895 glorioso,
377 1822 416 1876 illi
430 1822 572 1893 replicari,
592 1822 664 1893 qxrod
693 1838 765 1892 saepe
787 1822 932 1890 inculcavi,

131 1912 265 1983 quodque
287 1910 468 1966 libentissime
495 1911 600 1981 accepit
623 1913 650 1966 ιι
673 1911 821 1981 adimplere
843 1910 933 1980 cupit,

128 2001 195 2072 quia
210 2000 282 2055 sieut
297 1999 406 2054 Domini
422 2007 464 2054 est
478 2008 551 2055 terra
567 2007 593 2053 et
607 1999 746 2069 plenitudo
772 1995 839 2068 ejus,
860 1999 936 2053 orbis

129 2097 271 2143 terrarum
294 2095 321 2142 et
345 2088 468 2142 universi
491 2087 537 2158 qui
558 2088 677 2141 habitant
700 2087 728 2141 iu
748 2103 791 2152 eo,
809 2095 835 2141 et
850 2087 936 2157 ipsius

127 2185 171 2232 est
187 2192 306 2250 regnum
321 2184 346 2230 et
360 2176 405 2230 cui
421 2175 533 2230 uoluerit
548 2176 622 2230 dabit
639 2175 715 2241 illud,
727 2176 765 2230 ita
779 2176 838 2246 ipse
854 2191 936 2246 supra

132 2263 341 2319 laudamentum
355 2263 512 2334 apostolica>
534 2272 619 2333 petra
644 2280 720 2317 suam
741 2262 864 2318 fundarit
887 2264 934 2319 Ec·

134 2352 258 2417 alesiam,
285 2367 368 2423 quam
392 2360 418 2407 et
442 2360 505 2407 ante
526 2352 685 2422 passionem
707 2360 734 2405 el
758 2360 819 2423 post
842 2368 936 2406 resur-

135 2441 286 2496 reatIouem
301 2457 389 2505 suam,
401 2439 513 2510 speciali
529 2448 628 2494 curact
646 2440 780 2513 singulari
794 2439 936 2511 privilegio

136 2529 216 2584 beato
232 2530 321 2596 Petro,
338 2537 364 2583 et
380 2528 406 2582 iu
422 2528 469 2582 illo
485 2528 541 2582 suis
555 2528 692 2583 commisit
711 2528 831 2583 vicariis.
855 2529 937 2596 Cujus

133 2617 229 2671 sedeur
245 2633 357 2688 suaeque
372 2617 446 2671 sedis
461 2617 617 2686 pontificem
643 2616 689 2688 qui
714 2617 839 2686 honoret,
861 2616 935 2669 illum

136 2707 252 2760 honorat
267 2704 313 2776 qui
328 2704 395 2758 dixit
411 2723 418 2758 :
438 2705 490 2773 Qui
505 2705 609 2776 (accipit
623 2707 649 2759 ri
664 2720 747 2777 poem
763 2705 876 2769 mirera,
892 2721 937 2760 me

986 1647 1083 1700 borum
1098 1645 1287 1700 observatione
1303 1661 1383 1700 nemo
1406 1653 1528 1700 nostrum
1544 1653 1708 1716 potestesse
1724 1645 1784 1717 epi·
1851 1682 1853 1686 .

986 1750 1099 1805 scopus,
1115 1743 1141 1788 et
1156 1733 1194 1789 sic
1209 1749 1276 1804 poce
1300 1732 1416 1789 fraterna
1440 1734 1467 1788 in
1494 1734 1620 1789 omnibus
1643 1733 1783 1805 potiretur.

986 1823 1084 1876 Postea
1098 1830 1187 1876 autem
1205 1838 1251 1875 sua
1267 1831 1363 1892 sponte
1379 1822 1406 1875 in
1422 1821 1513 1876 libello
1524 1839 1580 1876 suae
1595 1821 1784 1892 professionis,

986 1928 1035 1982 per
1049 1926 1130 1981 quem
1145 1910 1179 1964 ud
1196 1910 1345 1965 electorum
1357 1909 1490 1978 judicium
1505 1911 1673 1980 provocavit,
1689 1914 1786 1966 lmese

985 1997 1146 2053 observasse
1179 1997 1367 2068 impudenter,
1401 1997 1464 2068 quia
1500 1998 1649 2052 scientibus
1682 1998 1786 2054 eunctis

986 2085 1164 2152 mendaciter,
1184 2086 1289 2156 synodo
1304 2085 1387 2153 misit,
1405 2094 1431 2140 et
1453 2085 1492 2141 sic
1508 2086 1543 2140 ad
1562 2085 1693 2154 judicium
1716 2102 1785 2156 pro-

986 2175 1103 2241 vocarit,
1121 2191 1225 2245 quaese
1242 2181 1410 2228 servaturum
1427 2190 1460 2227 ne
1472 2174 1639 2243 judicaretur
1662 2173 1785 2229 subscri-

986 2264 1051 2318 bere
1077 2263 1248 2319 detlectavit.
1279 2262 1358 2330 Quod
1391 2262 1466 2328 ideo,
1497 2262 1566 2319 sieut
1589 2271 1685 2333 postea
1706 2261 1786 2317 nobis

985 2352 1110 2407 dixerunt
1124 2351 1171 2423 qui
1185 2351 1220 2405 ab
1235 2351 1295 2421 ipso
1316 2351 1469 2416 audierunt,
1495 2351 1670 2407 subscribere
1689 2351 1784 2418 noluit,

983 2441 1056 2511 quod
1079 2449 1163 2494 etuas
1173 2438 1359 2509 epreepimus,
1378 2455 1412 2493 ne
1438 2439 1593 2495 uinceretur
1608 2456 1614 2493 :
1632 2440 1681 2495 sed
1705 2439 1728 2494 si
1751 2439 1780 2494 iu

986 2537 1079 2583 nostra
1106 2544 1154 2583 rex
1184 2536 1209 2582 et
1236 2527 1357 2598 episcopi
1382 2543 1607 2598 permaneremus
1630 2528 1783 2594 sententia,

987 2617 1102 2671 Romam
1119 2616 1170 2670 iret
1184 2624 1331 2686 antequam
1355 2615 1519 2682 vinceretur,
1542 2623 1568 2672 et
1592 2615 1700 2687 quando
1723 2615 1788 2672 illuc

987 2704 1100 2770 reniret,
1123 2705 1167 2759 bis
1190 2720 1239 2775 per
1259 2712 1378 2758 restrum
1399 2704 1560 2772 jussionem,
1584 2719 1646 2760 cum
1668 2719 1685 2759 a
1708 2704 1786 2759 vobis

136 2793 358 2866 aecipittllattb.
369 2807 399 2856 x,
411 2793 466 2862 lob
478 2800 504 2846 et
512 2792 547 2846 ab
556 2791 616 2862 ipso
625 2792 806 2847 honorabitur
813 2793 935 2848 dicente:
987 2793 1055 2848 soret
1071 2792 1150 2846 nobis
1165 2791 1320 2847 nolentibus
1335 2792 1484 2857 absolutus,
1504 2792 1689 2848 subscriberet
1706 2809 1712 2846 ι
1730 2808 1785 2847 non

139 2883 369 2937 Honorarrterme
385 2880 878 2952 honorificabo,etquicontearaunt
892 2896 938 2957 mc
988 2881 1162 2954 intelligens,
1187 2881 1241 2935 imo
1263 2881 1415 2954 inteRigere
1438 2897 1493 2936 non
1515 2881 1609 2936 calens
1631 2880 1788 2951 (excaecarit

140 2973 224 3024 erunt
240 2970 374 3041 ignobiles
384 2969 410 3039 (l
420 2971 484 3039 Rep.
502 2984 530 3034 u,
547 2969 602 3039 30).
946 2931 971 2994 C
991 2969 1141 3024 enimcum
1156 2969 1257 3023 malitia
1272 2971 1333 3039 sua)
1349 2978 1466 3025 vestram
1477 2971 1664 3025 auctoritatem
1680 2969 1788 3041 sapien-

173 3057 278 3113 ldcirco
293 3056 356 3128 quia
371 3056 448 3111 multi
464 3056 552 3111 sciunt
567 3056 683 3127 qualiter
705 3073 735 3111 se
759 3057 875 3112 Rotbadi
890 3073 937 3112 re·
988 3058 1093 3112 tissime
1115 3057 1278 3130 intelligere,
1306 3073 1393 3128 quare
1414 3058 1547 3114 Dominus
1568 3058 1602 3113 dc
1624 3057 1694 3114 arelo
1717 3058 1787 3113 allo-

142 3146 264 3201 clamatio
278 3145 388 3210 lrabeat,
412 3153 439 3199 et
460 3145 571 3216 quidam
595 3145 658 3199 inde
682 3145 760 3198 aliter
783 3144 887 3211 dicunt,
912 3153 939 3199 et
989 3162 1074 3218 quens
1090 3145 1203 3201 Paulum
1219 3153 1245 3200 et
1260 3146 1362 3202 dicenti
1380 3164 1386 3200 ι
1404 3144 1475 3214 Quid
1491 3163 1533 3201 me
1546 3146 1636 3216 jubes,
1662 3145 1786 3212 Domine,

143 3251 232 3289 omnes
247 3233 415 3304 generaliter
431 3233 529 3301 sciunt,
544 3232 673 3304 quoniam
685 3241 776 3288 restra
792 3233 938 3289 auctoritas
989 3233 1104 3290 lacere?
1120 3250 1175 3288 non
1191 3234 1283 3288 omnia
1304 3251 1365 3305 quae
1378 3234 1484 3305 agenda
1500 3234 1539 3289 illi
1553 3242 1632 3289 erant
1653 3234 1787 3305 exposuit,

146 3322 214 3376 illum
230 3338 294 3377 curu
309 3322 409 3376 nostris
423 3321 531 3376 vicariis
546 3321 581 3375 ιιι
597 3337 674 3375 suum
699 3321 829 3392 praecepit
851 3322 939 3376 desti·
991 3323 1040 3377 sed
1057 3322 1092 3376 ad
1108 3322 1252 3387 Anartium,
1268 3339 1283 3375 a
1300 3337 1353 3392 quo
1369 3322 1477 3393 agenda
1500 3323 1640 3377 auditurus
1662 3329 1689 3376 at
1711 3336 1789 3377 ecce-

146 3412 197 3464 nari
209 3410 354 3479 judicium,
369 3409 483 3482 dignum
498 3417 524 3463 ιι
537 3408 640 3477 justum
663 3417 714 3475 est,
736 3416 764 3462 ut
787 3425 938 3480 quemcun-
989 3418 1085 3482 pturus
1100 3418 1169 3478 erat,
1186 3409 1261 3463 illurn
1276 3409 1375 3463 direxit
1385 3411 1457 3478 (det.
1471 3425 1509 3473 rx,
1522 3411 1560 3481 6).
1578 3409 1623 3465 Sic
1634 3417 1660 3464 et
1673 3409 1788 3480 angelus

147 3514 191 3568 que
218 3498 380 3569 episcopum
406 3498 542 3552 Ronanus
566 3495 686 3567 pontifex
711 3496 746 3551 ιιι
773 3514 803 3551 se
824 3497 940 3552 Romam
990 3498 1155 3563 Cornelium,
1170 3505 1314 3569 postquam
1330 3498 1404 3552 illum
1420 3499 1576 3553 exauditum
1600 3513 1662 3553 esse
1684 3497 1788 3553 denun-

149 3587 234 3641 renire
250 3585 431 3652 mandaverit,
442 3586 464 3639 si
478 3583 621 3639 inlirrnitas
637 3584 939 3657 xelgreriorquaeeun-
990 3586 1075 3653 tiavit,
1091 3587 1126 3641 ad
1142 3586 1213 3642 Petri
1227 3586 1381 3656 doctrinam
1405 3594 1485 3658 atque
1510 3585 1694 3642 obedientiam
1715 3585 1789 3641 misit

147 3691 191 3745 que
206 3675 357 3731 necessitas
381 3673 425 3729 rel
440 3673 653 3745 impossibilitas,
679 3673 749 3729 sicut
765 3674 835 3729 sacri
849 3675 939 3745 praeli-
969 3675 1063 3744 ,(ιιιι.
1090 3691 1119 3739 ι,
1144 3675 1182 3745 5).
1206 3673 1294 3743 Quem
1316 3675 1383 3730 licet
1403 3682 1465 3730 ante
1493 3674 1658 3746 baptismum
1682 3683 1787 3743 sancto,

147 3771 207 3833 gunt
221 3778 354 3829 canones,
371 3778 434 3817 curn
448 3777 502 3817 uon
518 3761 673 3826 detinuerit,
697 3763 733 3816 ad
746 3761 823 3816 illum
845 3762 939 3818 venire
990 3771 1020 3817 ut
1036 3763 1072 3817 ito
1094 3762 1226 3828 dicamus,
1252 3763 1354 3833 Spiritu
1376 3763 1549 3834 baptizatum,
1573 3763 1669 3820 beatus
1695 3764 1790 3819 Petrus

147 3852 257 3921 studeat,
273 3851 359 3907 multo
374 3850 463 3923 magis
478 3850 559 3904 etiam
575 3851 608 3918 is,
632 3865 714 3921 quem
734 3866 785 3920 pro
808 3850 852 3904 tuli
877 3867 941 3921 que
989 3851 1062 3905 illius
1077 3851 1249 3922 baptismate,
1266 3851 1312 3922 qui
1326 3851 1444 3923 baptizat
1457 3851 1486 3905 in
1511 3851 1613 3922 Spiritu
1638 3860 1741 3918 sancto,
1764 3859 1790 3907 et

148 3941 194 3995 rela
208 3940 244 3995 ad
257 3955 287 3994 se
309 3954 470 4013 quocunqne
496 3939 577 3993 modo
602 3938 766 3993 clamantem
787 3939 941 4008 praesentiae
991 3940 1018 3994 in
1034 3955 1088 4011 quo
1102 3939 1273 3995 credentium
1288 3940 1371 3995 corda
1386 3938 1440 3994 sule
1452 3938 1638 4010 purificantur,
1662 3939 1789 4011 baptizari

147 4043 197 4083 ιιι)
210 4029 316 4084 indicat
329 4027 521 4084 exhibendum.
544 4027 577 4080 lit
602 4025 756 4098 quicunque
779 4027 876 4081 viderit
897 4027 941 4082 rel
989 4028 1128 4098 pracepit.
1146 4028 1224 4084 Unde
1239 4026 1311 4083 lucta
1327 4028 1470 4099 questione
1484 4037 1579 4084 contro
1594 4045 1656 4084 euru
1676 4028 1758 4084 etiam
1773 4043 1790 4083 ι

148 4117 266 4182 audierit,
279 4115 353 4187 quod
366 4115 416 4170 rex
430 4123 456 4170 ιι
472 4114 592 4185 episcopi
608 4114 765 4184 apostoliam
780 4115 853 4169 sedis
867 4131 941 4169 sum·
989 4115 1139 4170 minoribus
1155 4116 1221 4181 suis,
1236 4125 1325 4169 tamen
1340 4114 1478 4182 fidelibus,
1488 4133 1538 4172 cur
1548 4118 1582 4171 ad
1597 4125 1694 4188 gentes
1707 4116 1791 4171 intra-

148 4220 215 4260 mum
234 4204 393 4276 pontilieem
414 4211 541 4274 prompte
565 4202 721 4269 obaudiunt,
746 4212 772 4257 et
794 4204 939 4269 honorant,
992 4204 1071 4269 verit,
1089 4204 1177 4259 isdem
1192 4187 1378 4274 apostolorum
1388 4205 1515 4277 princeps
1526 4222 1691 4263 summorum
1700 4205 1791 4278 gratia

150 4301 172 4347 ιι
184 4292 337 4365 promptius
357 4301 384 4346 et
396 4291 524 4347 humilius
542 4291 583 4345 eis
604 4291 719 4360 subjecti
740 4291 783 4347 sui
804 4291 942 4347 obedient.
960 4280 1125 4349 Ddonorum
1137 4292 1266 4362 repletus,
1289 4302 1315 4348 ιι
1336 4294 1576 4351 innumerabilium
1597 4294 1790 4350 miraculorum

150 4381 227 4446 Ram,
254 4389 283 4435 ut
304 4381 401 4435 beatus
426 4379 579 4452 Gregorius
601 4378 681 4448 dicit,
706 4378 775 4434 sicut
795 4378 941 4452 languente
989 4389 1126 4452 potestate
1141 4379 1276 4448 sullultus,
1294 4382 1412 4452 querelae
1427 4399 1481 4438 non
1496 4399 1529 4438 ex
1544 4390 1686 4453 potestate,
1698 4381 1791 4436 sodex

151 4471 233 4541 capite
248 4469 371 4538 subiecta
385 4468 510 4524 membra
523 4467 552 4521 in
567 4483 674 4523 cassum
685 4469 778 4540 rigent
788 4486 794 4523 :
805 4467 842 4523 ita
853 4468 942 4541 gloria

151 4558 288 4612 ethonore
305 4564 443 4622 coronato,
461 4556 488 4610 id
503 4563 543 4611 est
557 4554 736 4611 honorificato
759 4571 791 4612 ac
813 4556 942 4612 decorato

152 4647 253 4716 capite,
283 4645 404 4714 subjecta
430 4644 554 4699 membra
580 4644 639 4713 ejus
663 4645 765 4699 bonore
788 4658 820 4700 ιι
841 4645 942 4701 decore

150 4732 294 4807 fulgebunt.
328 4734 362 4787 Et
394 4732 517 4788 Rothado
549 4733 577 4787 in
610 4732 685 4787 nullo
712 4741 818 4802 poterat
845 4733 943 4788 melius

152 4821 283 4890 satisfieri,
300 4838 382 4892 quarn
397 4821 469 4876 siud
485 4828 605 4876 vestram
614 4829 745 4892 pergeret
758 4821 941 4892 praesentiam,

152 4911 219 4966 etei
242 4917 380 4966 tantorum
404 4909 650 4979 subscriptionibus
673 4909 874 4980 episcoporum,
898 4909 944 4981 qui

152 4998 205 5053 Deo
231 5005 259 5053 et
287 4997 366 5053 robis
394 4997 503 5052 mentiri
531 4997 643 5064 nolunt,
672 5005 699 5052 et
732 4997 943 5070 allegationibus

151 5094 185 5141 tot
198 5087 363 5141 vicariorum
379 5085 538 5141 eorumdem
558 5085 760 5156 episcoporum,
776 5085 854 5141 luerit
869 5085 943 5141 illum

152 5173 245 5230 bonum
260 5189 370 5230 causam
386 5174 668 5245 nequaquamhabere
678 5182 830 5230 ostensum.
841 5173 944 5243 Quam-

150 5263 241 5318 obrem
264 5262 315 5317 s'xbi
336 5262 404 5334 ipsi,
434 5271 459 5318 et
486 5277 542 5319 non
569 5262 648 5318 vobis
673 5271 798 5332 reputare
818 5262 941 5329 debebit,

152 5351 212 5422 «ruia
227 5351 284 5409 sine
299 5351 372 5407 boue
390 5366 473 5408 causa
497 5367 526 5406 se
548 5359 574 5406 et
597 5350 696 5408 multos
719 5351 787 5406 alios
808 5349 943 5423 fatigarit.

991 4469 1093 4524 ratione
1107 4469 1260 4539 respondit,
1277 4486 1439 4543 causamque
1453 4487 1504 4541 per
1519 4470 1644 4524 ordinem
1666 4483 1699 4525 ea
1716 4483 1791 4524 men·

991 4557 1135 4613 suetudine
1147 4559 1281 4628 exposuit,
1299 4577 1350 4630 qua
1372 4559 1521 4614 humilitate
1542 4557 1657 4627 prelato
1681 4558 1789 4613 Corne-

991 4646 1028 4701 lio
1043 4661 1072 4702 se
1087 4645 1205 4702 adorare
1220 4647 1319 4702 valenti
1336 4647 1423 4702 dixit:
1445 4647 1508 4702 Vide
1522 4662 1558 4702 ne
1573 4648 1675 4718 seceris
1694 4667 1703 4703 .·
1721 4663 1790 4702 nam

992 4737 1020 4790 et
1034 4750 1081 4806 ego
1097 4735 1157 4807 ipre
1171 4735 1250 4790 laomo
1275 4752 1338 4791 snm
1361 4736 1435 4790 sicat
1460 4738 1488 4790 et
1510 4730 1543 4789 ta
1563 4734 1655 4806 (iaie,
1679 4751 1707 4805 v,
1732 4734 1788 4806 26).

993 4823 1021 4877 Si
1045 4822 1117 4877 euim
1141 4824 1168 4877 in
1191 4823 1303 4894 qxxercla
1325 4822 1464 4887 tidelium,
1487 4830 1516 4877 ut
1539 4823 1693 4896 Gregorius
1714 4823 1788 4890 dicit,

993 4911 1095 4982 aliquid
1119 4911 1153 4967 de
1177 4928 1226 4966 sua
1247 4919 1379 4981 potestate
1406 4910 1526 4980 diceret,
1550 4911 1673 4984 proiecto
1696 4912 1792 4968 doctor

993 4999 1207 5054 mansuetudinis
1233 5014 1288 5053 non
1313 4998 1417 5054 luisset.
1446 5000 1547 5056 llumili
1574 5016 1642 5072 ergo
1671 5015 1719 5055 cos
1746 5014 1790 5052 ra·

994 5088 1066 5143 tione
1081 5087 1207 5158 placavit,
1232 5096 1311 5158 atque
1333 5088 1360 5142 iu
1382 5104 1466 5145 causa
1487 5087 1710 5160 reprehensionis
1735 5103 1792 5142 sure

994 5176 1131 5230 humiliter
1146 5175 1277 5230 rationem
1297 5177 1425 5241 reddidit,
1449 5185 1475 5232 et
1497 5179 1578 5233 etiam
1601 5183 1686 5232 testes
1710 5175 1791 5232 adhi-

995 5264 1060 5332 buit,
1072 5263 1166 5318 dicens
1183 5282 1189 5316 :
1210 5266 1454 5322 l'eaerontaatem
1465 5268 1613 5322 mecamet
1624 5267 1790 5336 confratres

995 5353 1042 5407 isti
1059 5352 1131 5418 (Act.
1149 5367 1189 5414 ιιι.
1208 5358 1261 5421 ιιι.
1287 5355 1369 5424 Cujus
1391 5354 1520 5410 humilem
1544 5354 1741 5418 auctoritatem,
1765 5360 1792 5408 et
