3794 6104
426 216 548 274 OPUSC.
574 219 618 274 ΕΤ
643 220 752 277 aelst.
781 220 817 274 ΙΝ
845 216 959 274 CAUSA
982 221 1154 280 fflttcuanl
1177 226 1330 283 LtUDUN.

1669 234 1721 289 did

72 333 153 390 Nulla
181 335 293 392 sibimet
322 337 356 392 de
396 338 619 410 multiplicatione
662 340 883 415 congregationis
899 338 1000 402 Amen
1016 355 1129 417 possunt
1144 349 1265 404 minuere
1280 349 1449 419 dignitatern.
1470 373 1481 401 ι
1504 352 1558 410 Sed
1572 369 1624 413 neo
1639 373 1721 418 must

72 421 216 494 synodalia
231 424 348 481 concilia
362 425 547 495 blandiantur,
564 446 652 502 neque
669 431 798 486 trecentis
822 430 874 484 illis

69 511 164 567 decem
178 520 262 583 atquc
282 522 344 570 octo
368 515 504 586 episeopis
528 519 723 589 quantumlibet
748 519 875 589 copiosor

70 614 198 656 numeram
214 601 397 668 sacerdotum,
414 603 457 658 rel
472 620 634 675 comparare
648 623 678 662 se
699 607 806 673 audeat,
830 610 874 664 vel

69 685 197 758 praeferre
215 705 221 743 :
239 704 302 745 curn
316 697 392 745 tanto
411 691 541 747 divinitus
557 694 701 765 privilegio
717 695 826 749 Nicnna
841 695 877 753 sit

70 775 190 846 sinodus
205 787 378 843 consecrata,
394 788 422 834 ut
436 779 493 835 sive
507 797 557 850 per
571 783 725 851 pauciores,
742 783 798 836 sire
827 799 875 852 per

68 862 157 934 plures
172 864 359 921 ecelesiastica
370 867 666 934 judiciacelebrentur,
677 871 751 925 omni
767 871 874 941 penitus

69 952 227 1007 auctoritate
243 952 277 1006 sit
292 969 418 1021 vacuum,
436 956 570 1028 quidquid
591 957 625 1012 ab
655 958 765 1013 illorum
793 957 875 1012 luerit

69 1039 260 1096 constitutione
284 1041 431 1096 diuersum.
467 1064 478 1092 s
518 1045 557 1098 De
586 1046 662 1113 cujus
687 1046 830 1118 privilegio
845 1055 873 1100 et

68 1126 160 1181 beatem
175 1128 336 1184 Ambrosius
348 1130 414 1186 dicit
428 1130 486 1201 (lib.
500 1147 509 1185 r
521 1132 553 1186 de
569 1134 644 1195 tide,
656 1149 717 1203 cap.
729 1136 757 1203 9)
775 1152 781 1186 z
797 1135 873 1189 «Non

68 1215 183 1270 bumana
194 1216 337 1282 industria,
352 1234 406 1272 non
423 1220 620 1289 compositione
635 1221 735 1292 aliqua,
759 1212 873 1277 trecenti

68 1303 160 1359 decem
176 1312 204 1358 et
218 1311 281 1360 octo
296 1305 417 1376 episcopi
442 1307 478 1361 ad
501 1308 646 1363 concilium
675 1315 870 1373 convenerunt,

66 1390 114 1446 sed
128 1400 157 1446 et
171 1391 199 1445 in
213 1408 329 1448 numero
345 1409 448 1458 eorum,
468 1411 518 1465 per
533 1395 642 1468 signum
656 1413 712 1452 suae
734 1396 871 1467 passionis

66 1487 91 1535 et
103 1479 234 1544 nominis,
251 1481 383 1536 Dominus
397 1482 476 1536 lesus
491 1499 542 1538 suo
566 1484 692 1554 probaret
721 1500 751 1540 se
773 1485 870 1539 adesse

64 1566 192 1636 concilio,
209 1582 276 1623 crus
289 1568 317 1622 iu
325 1569 462 1635 trecentis,
476 1571 541 1625 lesu
556 1587 656 1626 nomen
671 1572 698 1625 in
725 1572 821 1627 decem
843 1579 870 1626 et

927 437 1014 491 sacris
1028 437 1177 491 canonibus
1192 437 1376 492 concordante
1390 439 1416 492 in
1436 440 1549 497 metrica
1572 443 1723 503 situations

926 525 1122 594 compilationis
1151 534 1202 579 tuan
1225 525 1325 581 domno
1353 526 1410 598 regi
1447 530 1622 602 porrigendae
1654 536 1725 591 scri-

925 612 1025 682 psisti:

1086 736 1265 788 ltesponsmna
1280 735 1364 781 vlncto
1375 737 1424 783 rite
1433 748 1479 784 nce
1489 741 1602 798 esteten

926 876 953 921 et
968 866 1032 919 mibi
1047 882 1096 935 per
1118 867 1318 922 comministros
1341 884 1417 924 meos
1432 872 1467 926 ad
1491 881 1517 928 te
1535 875 1654 934 directos
1676 899 1723 950 ῃ.

924 954 1071 1013 mandasti,
1099 969 1133 1008 ne
1160 970 1289 1025 cogerem
1303 964 1328 1010 te
1357 959 1532 1028 respondere,
1561 967 1678 1035 quandiu
1695 971 1723 1026 in

924 1041 1048 1097 custodia
1063 1050 1090 1094 et
1100 1041 1222 1095 absentia
1233 1042 1392 1098 clericorum
1410 1055 1518 1101 tuorum
1547 1066 1619 1107 eras.
1648 1057 1724 1114 L'nde

924 1129 972 1182 tibi
988 1138 1051 1183 tunc
1067 1129 1169 1199 scripto
1193 1131 1330 1198 respondi,
1360 1140 1385 1185 et
1413 1149 1484 1189 nunc
1501 1140 1615 1196 ostendo
1643 1150 1680 1209 tu,
1697 1154 1726 1200 ut

923 1216 988 1279 dixi,
1024 1232 1079 1270 non
1107 1224 1181 1271 recto
1209 1233 1290 1270 sensu
1314 1234 1415 1287 ponere
1444 1238 1476 1276 ex
1500 1227 1585 1281 sacris
1609 1231 1721 1302 regulis,

924 1305 996 1375 quod
1012 1305 1045 1357 de
1062 1319 1115 1358 non
1127 1304 1318 1373 respondendo
1334 1306 1417 1360 intua
1432 1313 1605 1369 excusatione
1620 1317 1721 1387 dixisti,

922 1399 1062 1446 asserente
1077 1399 1170 1446 sancto
1185 1407 1256 1460 papa
1270 1392 1360 1446 llilaro
1375 1396 1417 1461 (ia
1433 1399 1534 1453 concil.
1548 1401 1622 1457 Rom.
1634 1446 1641 1469 ,
1653 1422 1676 1460 c.
1687 1409 1703 1462 t
1716 1426 1723 1463 :

924 1481 1014 1543 «Nos,
1030 1479 1125 1550 inquit,
1142 1479 1168 1532 in
1187 1479 1259 1532 nullo
1275 1480 1399 1535 volumus
1414 1484 1584 1540 severitatem
1614 1490 1722 1550 ultionis

921 1583 1049 1622 exercere
1071 1582 1076 1620 :
1096 1567 1143 1620 scd
1169 1567 1213 1636 qui
1239 1567 1266 1619 in
1291 1568 1379 1621 causis
1408 1570 1457 1624 Dei
1482 1579 1652 1633 contumacia
1680 1582 1724 1639 vel

65 1663 127 1710 octo
143 1663 186 1708 est
202 1656 401 1711 sacerdotibus.
418 1678 483 1707 »-«
500 1658 535 1712 Et
556 1659 726 1730 mibi,inquit
737 1661 866 1725 Hilarius,
876 1694 905 1755 B
921 1662 1077 1724 contemptu
1091 1655 1245 1725 deliquerit,
1262 1663 1307 1708 aut
1321 1656 1379 1724 ipsc
1396 1658 1466 1727 quod
1491 1676 1638 1731 perperam
1661 1666 1725 1726 tecit

64 1741 123 1812 ipse
137 1742 184 1798 ille
200 1759 330 1799 numerus
346 1745 388 1801 bic
403 1753 514 1801 sauctus
529 1754 579 1814 est,
596 1747 624 1801 in
649 1763 702 1819 quo
729 1748 867 1803 Abraham

64 1829 149 1884 victor
166 1847 280 1903 reguum
295 1831 440 1902 impiorum
455 1834 490 1888 ab
505 1849 538 1889 eo
548 1834 594 1905 qui
614 1836 709 1890 aeterni
721 1836 867 1891 sacerdotii

63 1926 101 1972 est
115 1916 208 1973 torma
223 1919 401 1975 benedicitur.
421 1941 433 1970 ι
450 1923 483 1975 Ει
506 1922 571 1976 item
596 1922 690 1977 beatus
718 1924 773 1977 Leo
796 1939 867 1994 papa

62 2004 159 2075 (epist.
175 2008 211 2060 36
222 2007 365 2078 Anatolio)
383 2024 389 2062 :
409 2030 420 2057 ι
438 2009 529 2064 Sancti
539 2009 577 2063 illi
592 2019 617 2064 et
632 2011 800 2065 venerabiles
814 2027 866 2081 pa-

65 2100 129 2155 tres,
147 2094 238 2165 quiin
254 2094 321 2150 urbe
342 2096 452 2151 Nicaena
480 2098 615 2170 sacrilego
642 2099 705 2152 Ario
733 2115 792 2153 cum
818 2115 866 2153 sua

63 2181 202 2251 impietate
222 2181 361 2250 damnato,
381 2199 526 2239 mansuras
544 2185 762 2256 usqueinlinem
773 2186 864 2241 mundi

61 2268 138 2342 leges
145 2269 398 2327 ecclesiasticorum
406 2288 540 2327 canonum
550 2274 740 2341 condiderunt,
753 2282 779 2328 ct
792 2275 864 2343 apud

61 2371 110 2411 nos
123 2356 155 2411 in
170 2365 228 2413 toto
242 2358 311 2414 orbe
331 2366 466 2415 terrarum
489 2361 516 2415 in
543 2361 600 2415 suis
627 2362 865 2417 constitutionibus

60 2443 238 2513 vivunt,‘etsi
263 2447 327 2517 quid
343 2464 457 2519 usquam
473 2448 552 2504 aliter
577 2464 657 2520 quarn
681 2449 720 2502 illi
745 2459 864 2505 statuere

58 2533 243 2602 presumitur,
264 2534 323 2590 sine
352 2537 524 2591 cunctatione
550 2545 682 2591 cassatur.
716 2538 777 2591 »Et
802 2538 864 2593 binc

59 2628 169 2677 sanctus
192 2622 248 2677 Leo
275 2623 311 2678 sd
340 2624 508 2679 l’uleberiam
533 2626 682 2696 Augustam
700 2642 734 2678 :e
766 2625 864 2679 Contra

60 2715 167 2777 statuta,
206 2709 294 2781 inquit
320 2711 413 2783 (epist.
440 2714 495 2782 58),
525 2727 658 2768 canonum
679 2720 861 2781 paternorum,

60 2812 119 2866 quae
134 2805 200 2852 ante
216 2797 384 2870 longissimae
398 2799 484 2856 artatis
498 2815 585 2854 annos
609 2800 636 2853 in
661 2800 729 2854 urbe
753 2800 864 2855 Nicaena

59 2884 227 2954 spiritalibus
256 2895 319 2941 sunt
352 2887 460 2942 lundata
489 2887 615 2956 decretis,
646 2887 711 2941 nibil
737 2887 864 2958 cuiquam

60 2972 160 3027 audere
174 2974 335 3029 conceditur
352 2993 358 3028 :
374 2975 449 3030 itaut
462 2976 487 3031 si
511 2976 571 3047 quis
599 2976 735 3030 diversum
761 2976 863 3046 aliquid

59 3059 297 3129 decemerevelit,
325 3078 356 3118 se
379 3063 469 3134 potius
489 3065 600 3122 minuat.
629 3080 709 3136 quam
734 3064 779 3117 illa
794 3079 859 3119 cor-

60 3158 176 3220 rumpat.
192 3148 260 3218 Quae
274 3151 308 3206 sit
322 3160 351 3206 ut
364 3160 471 3221 oportet
486 3151 616 3207 acunctis
630 3152 801 3221 pontilicibus
816 3153 860 3206 in-

59 3253 191 3302 temerata
204 3257 357 3313 serventur,
368 3248 566 3319 peruniversas
576 3248 861 3319 ecclesiastranquilla

60 3339 106 3395 erit
137 3354 192 3410 pax
213 3346 241 3392 et
264 3337 343 3391 iirma
370 3337 525 3400 concordia,
551 3337 633 3391 nullm
670 3338 704 3391 de
732 3351 861 3390 mensura

59 3429 192 3485 bonorum
206 3425 401 3488 dissenmmes,
419 3425 498 3478 nullae
514 3425 547 3479 de
558 3424 773 3479 ordinationibus
788 3424 859 3492 lites,

59 3517 135 3573 mllae
162 3517 198 3572 de
217 3513 371 3586 privilegiis
399 3512 601 3585 ambiguitates,
626 3513 698 3566 nulla
728 3520 807 3566 crunt
827 3510 861 3566 de

59 3605 136 3662 alieni
150 3602 329 3674 usurpatione
342 3600 510 3666 certamina3
527 3601 575 3655 sed
589 3615 668 3670 aequo
683 3600 745 3667 jure
768 3600 860 3653 cbari-

61 3693 126 3759 utts,
156 3690 329 3748 rationabilis
351 3697 379 3745 et
406 3704 511 3745 morum
546 3687 752 3758 officiorumque
788 3687 858 3741 ordo

61 3781 218 3845 tenebitur,
235 3787 263 3834 et
276 3776 323 3833 ille
337 3793 402 3833 vere
416 3777 466 3832 erit
480 3791 608 3849 magnus,
624 3777 670 3847 qui
685 3775 766 3830 suerit
781 3775 860 3830 totius

62 3868 213 3926 ambitionis
226 3866 342 3922 alienus.
361 3886 373 3916 ι

339 4015 450 4073 CAPUT
462 4015 574 4072 xxvtt.

64 4127 94 4182 tt
105 4126 262 4182 comibus
278 4127 307 4179 et
319 4124 469 4179 sententiis
479 4124 644 4246 qbeoprnoc
661 4121 822 4200 intellectis
831 4122 861 4174 et

378 4210 486 4265 usurpo
503 4209 536 4247 ts.

96 4300 174 4370 Quod
188 4315 258 4373 ergo
276 4300 311 4354 de
324 4307 369 4353 tua
392 4297 530 4369 parocbia,
553 4298 631 4369 quasi
641 4313 694 4370 ego
708 4296 743 4351 ad
757 4293 861 4365 aliquid

919 1743 1030 1796 abolere
1043 1741 1169 1806 noluerit,
1185 1742 1214 1794 in
1229 1757 1259 1795 se
1275 1742 1406 1813 quidquid
1421 1745 1449 1797 in
1462 1747 1543 1801 alium
1565 1766 1620 1806 non
1642 1771 1722 1813 rese·

918 1830 984 1883 aurit
1008 1829 1136 1882 inveniet.
1166 1829 1254 1882 »Non
1278 1829 1350 1882 enim
1375 1831 1433 1886 baec
1461 1850 1522 1903 quae
1549 1839 1629 1908 egisti
1650 1842 1722 1901 inter

917 1917 999 1972 dubia
1014 1917 1056 1971 vel
1072 1916 1189 1970 obscura
1205 1916 1354 1970 secundum
1376 1918 1475 1974 Leonis
1501 1921 1611 1980 decreta
1640 1939 1721 1999 pote·

916 2013 979 2059 rant
993 2005 1036 2059 acl
1052 2012 1164 2074 possunt
1179 2004 1233 2057 ullo
1248 2004 1330 2058 modo
1358 2009 1518 2076 computari,
1543 2020 1572 2066 ut
1594 2014 1657 2072 inde
1678 2019 1720 2074 lo·

916 2107 977 2147 cum
997 2091 1160 2146 defendendi
1175 2099 1199 2145 te
1216 2091 1342 2155 haberes,
1366 2099 1392 2146 ct
1418 2094 1471 2148 tuis
1489 2097 1643 2168 redonatus,
1674 2121 1718 2163 re·

916 2180 1046 2251 gulariter
1061 2188 1172 2233 vocatus
1191 2179 1224 2232 ad
1246 2180 1378 2249 synodum
1399 2184 1565 2252 respondere
1590 2189 1716 2260 deberes,

916 2269 985 2323 sicut
1011 2275 1038 2321 et
1066 2267 1092 2320 in
1121 2266 1339 2336 precedentibus
1365 2276 1391 2322 ct
1425 2269 1452 2323 in
1490 2272 1717 2346 subsequentibus

915 2355 993 2409 istius
1017 2355 1141 2424 opusculi
1164 2370 1197 2407 ex
1222 2354 1309 2408 sacris
1324 2356 1438 2427 regulis,
1468 2367 1494 2413 et
1521 2369 1548 2415 tu
1562 2371 1588 2417 et
1605 2367 1719 2436 quilibet

915 2444 985 2498 alius
1000 2443 1044 2514 qui
1073 2442 1169 2512 legerit
1193 2450 1281 2512 potest
1305 2458 1474 2514 cognoscere
1501 2466 1507 2501 :
1538 2458 1564 2504 et
1588 2451 1650 2509 ideo
1671 2453 1718 2511 tibi

916 2516 1037 2586 scribere
1052 2530 1153 2593 studui,
1166 2538 1194 2583 ut
1223 2546 1283 2600 quae
1306 2530 1334 2583 in
1363 2533 1453 2586 causis
1479 2535 1531 2590 Dei
1549 2544 1718 2600 contumacis

915 2620 957 2675 vel
974 2627 1130 2687 contemptu
1143 2617 1289 2686 deliquisti.
1307 2627 1333 2671 et
1348 2636 1409 2689 quae
1423 2637 1537 2691 perpere
1548 2629 1717 2701 commisisti,

915 2707 1028 2761 abolere
1043 2721 1161 2770 curares,
1179 2713 1205 2757 et
1221 2702 1321 2758 lactum
1336 2713 1421 2769 tuum,
1438 2724 1491 2779 quo
1516 2712 1587 2768 male
1611 2718 1720 2773 exordi·
1762 2715 1764 2720 ’

917 2794 997 2858 uasti,
1015 2793 1083 2847 sicut
1099 2793 1169 2845 idem
1187 2790 1380 2859 llilurusjubet
1400 2794 1434 2848 de
1448 2811 1481 2850 eo
1496 2799 1623 2868 quimalc
1645 2805 1720 2861 ordi·

915 2882 997 2946 navit,
1015 2882 1072 2951 ipse
1087 2879 1271 2933 dissolveres:
1288 2889 1422 2949 quatenus
1442 2886 1615 2944 severitatem
1636 2891 1719 2947 ultio-

916 2970 957 3022 nis
977 2970 1004 3023 in
1028 2977 1053 3023 te
1077 2967 1200 3022 exerceri
1238 2966 1272 3020 ab
1308 2967 1347 3021 eis
1381 2985 1497 3040 quorum
1527 2974 1638 3032 interest
1665 2996 1719 3036 non

880 3033 1050 3129 Cerigeres,
1072 3064 1164 3127 elego
1185 3055 1213 3108 in
1231 3070 1275 3108 me
1299 3071 1353 3109 non
1378 3057 1529 3115 invenirem
1556 3067 1628 3134 quod
1650 3067 1677 3123 in
1693 3076 1721 3126 te

914 3162 968 3199 non
985 3160 1108 3199 resecare
1136 3142 1400 3213 curarerimtquia,
1431 3155 1460 3200 ut
1482 3148 1568 3204 isdem
1596 3152 1661 3208 dicit
1676 3158 1720 3225 (tn

911 3234 1006 3289 codem
1020 3250 1118 3296 cone,
1137 3246 1161 3285 c.
1181 3230 1207 3298 l)
1227 3248 1233 3282 :
1257 3231 1360 3284 «Nulli
1375 3231 1414 3285 ias
1426 3242 1466 3287 est
1486 3236 1545 3291 sine
1569 3247 1655 3295 status
1677 3244 1719 3299 sui

911 3321 1042 3391 periculo,
1060 3319 1102 3372 vel
1116 3318 1222 3372 divinas
1241 3318 1456 3388 constitutiones
1493 3323 1536 3377 vel
1559 3327 1716 3395 apostolicae

912 3408 985 3462 sedis
1009 3408 1116 3461 decreta
1145 3414 1307 3458 temerare:
1335 3406 1396 3476 quia
1425 3424 1484 3472 nos,
1508 3411 1554 3480 qui
1581 3413 1716 3482 potissimi

911 3495 1061 3550 sacerdotis
1076 3492 1296 3547 administramus
1317 3490 1413 3554 officia,
1437 3495 1532 3551 talium
1557 3507 1712 3572 transgres-

911 3584 1017 3638 sionum
1045 3582 1125 3651 culpa
1149 3579 1285 3648 respiciet,
1314 3579 1336 3632 si
1360 3580 1385 3634 in
1410 3584 1500 3638 causis
1525 3585 1574 3641 Dei
1602 3589 1713 3647 desides

911 3671 1040 3726 fuerimus
1067 3669 1191 3724 inventi:
1218 3666 1281 3735 quia
1307 3669 1488 3737 meminimus,
1518 3676 1592 3745 quod
1617 3677 1713 3736 timere

910 3760 1051 3821 debemus,
1068 3757 1182 3829 qualiter
1196 3754 1375 3810 comminetur
1389 3760 1521 3814 Dominus
1536 3764 1711 3837 negligentiae

911 3844 1082 3899 sacerdotum
1100 3860 1106 3895 :
1124 3841 1256 3913 siquidem
1271 3850 1347 3896 reatu
1371 3843 1474 3910 majore
1497 3844 1639 3919 delinquit,
1664 3851 1711 3922 qui

910 3933 1015 4002 potiore
1031 3931 1133 3985 honore
1168 3931 1322 4000 perfruitur,
1352 3939 1379 3985 et
1406 3931 1536 4003 graviora
1555 3933 1618 3992 tacit
1647 3937 1712 3996 vitis

910 4029 1086 4091 pcccatorum
1107 4019 1257 4074 sublimitas
1284 4019 1486 4091 dignitatum.»
1517 4022 1620 4094 Scripsi
1643 4041 1711 4100 ergo

909 4109 956 4162 tibi
972 4106 1120 4162 secundum
1136 4107 1243 4161 decreta
1258 4106 1366 4171 Leonis,
1382 4114 1409 4160 ut
1427 4108 1552 4164 salubres
1571 4111 1711 4183 suscipere

909 4213 1022 4252 curares
1037 4198 1168 4256 hortatus,
1181 4203 1206 4248 et
1222 4195 1288 4248 nibil
1302 4211 1351 4264 per
1369 4196 1568 4251 contentionem
1584 4209 1709 4271 agentes,

910 4285 959 4339 sed
972 4284 1006 4337 all
1021 4299 1101 4337 omne
1116 4281 1234 4335 studium
1245 4281 1397 4335 devotionis
1408 4283 1560 4349 unanimes,
1573 4284 1671 4342 divinia
1682 4295 1709 4343 et

69 4387 89 4443 in
101 4404 132 4444 ω
144 4387 332 4444 diffiniendum
346 4386 420 4440 ittam
429 4386 505 4440 adire
514 4400 567 4440 non
580 4385 693 4457 possim,
715 4401 747 4439 εχ
767 4377 892 4438 verbim
909 4370 1065 4441 apostolicis
1080 4369 1313 4435 constitutionibus
1336 4384 1505 4437 pareremus,
1534 4379 1561 4424 et
1582 4371 1610 4425 in
1633 4374 1709 4432 nullo

41 4468 44 4472 ’
71 4476 159 4531 Callini
190 4483 218 4532 et
242 4474 312 4542 aliis,
342 4475 393 4528 tuis
414 4473 649 4544 compilationibus
685 4482 775 4527 tecum
802 4486 857 4525 uon

71 4558 226 4629 iacientibus,
238 4561 374 4617 affirmare
392 4562 509 4629 conaris,
525 4577 608 4631 prave
623 4560 766 4630 intelligis.
802 4559 856 4613 Sed

73 4648 106 4704 bis
122 4660 147 4706 et
158 4651 219 4706 aliis
233 4649 393 4723 regularum
407 4649 642 4705 constitutionibus
654 4649 775 4703 invenies
804 4648 855 4701 boc

74 4735 204 4794 ohservare
217 4738 319 4794 debere
334 4752 555 4808 unumquemque
570 4735 808 4806 metropolitanum
828 4734 855 4788 in

76 4826 195 4893 pnnncta
208 4826 322 4882 alterius
336 4824 549 4896 metropolitani,
567 4825 638 4897 quod
668 4833 695 4879 tu
720 4824 766 4878 tibi
790 4839 855 4893 pcr-

77 4925 263 4986 tsssearrogas
276 4915 311 4969 de
338 4923 382 4969 tua
403 4913 533 4984 parocbia
553 4914 769 4983 metropolitanae
797 4909 855 4965 sedi

77 4996 218 5072 bemomm
234 5002 367 5072 subjecta.
383 5002 461 5059 Unde
476 5017 507 5057 ea
521 5018 582 5072 quae
598 5017 682 5071 supro
703 5002 782 5071 posui
801 5014 856 5053 uon

75 5100 127 5142 nee
139 5107 262 5160 perwnae
275 5106 385 5162 arrogo,
402 5089 452 5144 sed
473 5091 691 5158 metropolitanae
716 5088 789 5144 sedis
815 5088 856 5140 di·

77 5175 153 5243 tnitati
165 5179 271 5253 ascribo
288 5196 295 5232 :
311 5178 373 5249 quia
386 5178 456 5233 sicut
471 5178 566 5233 beatus
582 5179 636 5233 Leo
650 5178 715 5232 dicit
733 5194 739 5231 :
764 5200 774 5221 a
797 5177 858 5239 Etsi

76 5275 249 5340 nonnunquam
272 5267 380 5322 diversa
401 5275 463 5321 sunt
485 5267 581 5320 merita
609 5266 765 5336 praesulum,
794 5265 856 5333 jura

76 5355 145 5410 amen
170 5362 331 5428 permanent
354 5355 471 5421 sedium,
504 5355 601 5426 quibus
623 5361 738 5424 possunt
766 5352 856 5409 aemuli

76 5442 414 5519 mmmnenatiqrum
443 5442 566 5500 fortassis
594 5441 706 5508 inferre,
735 5457 790 5496 non
818 5449 857 5495 ta·

220 5550 344 5606 Panos.
359 5548 481 5605 cxxw.

907 4468 1065 4529 pateremur
1091 4455 1330 4526 providentissima
1359 4471 1495 4511 canonum
1519 4458 1626 4513 decreta
1651 4461 1707 4517 vio·

906 4547 965 4602 lari.
983 4547 1021 4599 Tu
1037 4552 1127 4599 autem
1147 4545 1272 4613 cogitans
1294 4544 1408 4600 consiliu
1437 4561 1497 4615 quae
1524 4561 1578 4599 non
1602 4550 1709 4617 poteris

906 4634 1035 4702 stabilire,
1073 4632 1284 4686 inobedientiam
1320 4641 1404 4698 tuam,
1439 4649 1473 4687 ne
1501 4634 1625 4706 corrigas
1646 4653 1707 4706 qum

905 4739 1021 4793 perpere
1038 4721 1179 4785 admisisti,
1195 4729 1221 4774 et
1236 4719 1437 4776 effrenationem
1453 4720 1611 4776 desideratae
1626 4722 1707 4778 liber-

906 4812 977 4877 tatis,
993 4810 1122 4875 indebite,
1143 4818 1240 4864 utnon
1262 4810 1299 4862 sis
1327 4808 1532 4878 metropolitano
1557 4810 1705 4881 subjectus,

906 4900 939 4953 de
960 4899 1153 4969 appellatione,
1176 4906 1201 4952 et
1230 4913 1283 4952 non
1307 4896 1447 4951 reddenda
1470 4898 1648 4967 compellatus
1673 4901 1706 4958 de

906 4987 1012 5056 injustis
1024 4986 1132 5054 judiciis
1148 4985 1199 5038 tuis
1215 4983 1399 5060 responsione,
1423 4985 1572 5040 secundum
1597 5004 1708 5044 sensum

906 5083 992 5138 tuum,
1018 5076 1065 5129 sed
1092 5090 1144 5127 non
1169 5080 1282 5134 rectum,
1308 5072 1484 5141 interpretata
1508 5074 1548 5127 vis
1569 5075 1704 5145 palliare:

906 5178 967 5218 curn
979 5164 1045 5216 sicut
1062 5161 1160 5215 lllricre
1173 5159 1319 5229 provinciae
1341 5175 1461 5215 canones
1486 5161 1627 5216 manifeste
1655 5163 1705 5218 de·

905 5258 1088 5305 monstrante
1104 5249 1201 5319 quibus
1217 5247 1347 5303 nonlicet
1363 5237 1515 5318 provocari,
1546 5250 1583 5303 ita
1612 5248 1706 5306 Sardi·

906 5354 1003 5394 censes
1039 5352 1159 5393 canones
1202 5343 1328 5407 patenter
1364 5336 1517 5402 ostendant,
1560 5337 1705 5409 appellatio

906 5435 1025 5506 episcopi
1040 5435 1075 5489 ad
1089 5434 1182 5491 sedern
1193 5434 1369 5504 apostolicam
1384 5434 1503 5507 quando,
1526 5435 1582 5501 ubi,
1608 5444 1634 5491 et
1655 5453 1705 5508 pro

1455 5551 1488 5602 id
