3794 6104
120 252 171 317 m
477 243 600 301 OPUSC.
626 241 672 296 ET
698 242 807 300 aelst.
836 246 873 299 ΙΝ
904 244 1018 299 CAUSA
1042 242 1215 299 discatur
1236 244 1390 302 uenus.
1727 252 1780 306 tta

123 388 208 431 musae
222 369 406 429 eorumtiniri
420 368 601 442 nequiverint,
618 368 706 425 donec
720 369 748 424 in
762 367 923 440 prouinciali
938 367 1051 430 Acabis
1073 368 1247 440 exemplum,
1264 373 1297 425 ut
1316 373 1476 443 sequemini
1500 373 1618 444 uestigia
1641 375 1710 444 eius,
1734 366 1783 446 q'ttl

123 462 246 532 synodo,
275 476 331 533 quo
355 458 581 529 metropolitanus
607 458 720 513 antistes
749 457 921 529 probaverit,
976 464 1125 530 peecatum
1141 460 1293 528 confecit,
1311 461 1514 516 necinventus
1533 461 1716 518 estdolueia
1735 477 1785 518 ore

122 550 308 612 discutiantur,
326 556 353 604 et
373 547 535 618 regulariter
559 546 722 601 sententiam
744 545 924 602 communiter
977 547 1049 615 ejus,
1061 547 1184 616 quicum
1195 547 1424 613 malediceretur,
1436 564 1493 604 nou
1504 549 1699 618 maledicebat,
1716 567 1782 606 cum

121 638 257 693 inventam
281 636 380 707 abjecti
405 635 568 705 suscipiant,
594 634 662 689 sicut
684 632 788 690 Nicaeni
802 649 923 690 canones
977 636 1125 704 pateretur
1136 649 1193 688 acu
1207 636 1443 698 comminabatur,
1457 637 1693 693 tredebcteutem
1702 638 1784 708 judi·

122 733 212 797 aperte
241 724 431 780 demonstrant
458 722 580 778 dicentes
608 725 684 791 (carr.
709 724 736 792 li)
754 741 760 776 :
778 746 789 769 ι
815 723 847 776 ili
878 722 923 793 qui
977 721 1780 792 cantieeinjuetetll'etr.11).Etl’anlus:Beaedicitc,

122 813 291 882 abjiciuntur,
320 812 355 867 ab
384 811 443 865 aliis
470 826 524 865 non
553 811 729 880 recipiantur.
761 810 925 882 Requiratur
978 813 1007 862 et
1029 809 1119 863 nolite
1143 809 1321 876 maledicere,
1351 827 1409 866 aroc
1432 812 1579 868 reddentes
1601 815 1710 869 malum
1731 830 1784 887 pro

121 909 218 962 sutem.
236 917 273 957 ne
286 899 519 971 pusillanimitate,
537 909 583 954 aut
603 899 785 963 contentione,
807 906 852 954 aut
871 897 924 953 alio
978 895 1064 962 melo,
1080 911 1132 951 uer
1147 897 1332 953 maledictum
1340 916 1392 971 pro
1403 900 1555 957 maledicto
1567 901 1656 970 (Rom.
1673 901 1736 972 xri).
1747 903 1782 958 tu

121 987 239 1060 quolibet
259 987 382 1059 episcopi
406 986 481 1053 vitio,
506 987 648 1042 videantur
672 1003 689 1041 a
710 986 924 1060 congregatione
978 983 1041 1039 hinc
1055 998 1107 1053 per
1126 985 1300 1074 semetipsam
1315 988 1421 1042 Veritas
1436 987 1500 1044 dicit
1517 1006 1523 1042 :
1539 989 1654 1061 Diligite
1678 991 1782 1046 enimt-

121 1071 229 1133 seclusi.
251 1075 450 1131 »Manifestum
473 1084 514 1130 est
535 1075 618 1140 enim,
635 1075 763 1147 quoniam
783 1075 865 1129 dubia
881 1074 924 1129 vel
978 1089 1024 1128 eos
1040 1069 1338 1147 acstrct,1denesacele
1352 1077 1395 1131 bis
1410 1079 1457 1148 qui
1473 1077 1593 1132 oderunt
1613 1094 1669 1134 uos.
1697 1078 1783 1135 Orate

121 1166 239 1220 obscura
251 1164 382 1234 jubentur
397 1163 509 1234 requiri,
526 1179 579 1218 nou
603 1172 678 1233 certa
702 1163 745 1218 vel
768 1162 923 1218 manifesta.
977 1163 1781 1238 proceraequeatibusetcalumniantibusuos(Mettus).

120 1254 151 1308 fit
166 1252 367 1308 Antiochenam
383 1251 528 1307 concilium
539 1253 615 1320 (cau.
632 1250 659 1320 6)
672 1269 678 1304 :
692 1273 703 1301 ι
717 1251 924 1317 communione,
980 1269 992 1297 ι
1011 1249 1112 1312 Virtus,
1130 1250 1214 1321 inquit
1231 1250 1383 1323 Gregorius
1398 1253 1484 1322 (dom.
1501 1255 1722 1326 diiudicare),
1738 1262 1781 1310 est

120 1340 216 1412 inquit,
232 1339 356 1411 privatus
370 1354 387 1393 a
401 1338 514 1410 proprio
536 1339 678 1410 episcopo,
700 1355 755 1393 non
776 1347 839 1393 ante
854 1338 925 1393 reci·
978 1351 1072 1392 coram
1088 1337 1242 1392 hominibus
1256 1339 1371 1394 adversa
1386 1340 1515 1404 tolerare,
1527 1341 1577 1395 sed
1591 1341 1675 1396 virtus
1689 1357 1781 1398 coram

120 1429 210 1500 piatur
225 1428 261 1483 ab
275 1427 349 1497 aliis,
360 1428 447 1483 donec
458 1427 569 1498 proprio
580 1426 769 1482 reconcilietur
782 1427 924 1498 episcopo,
978 1424 1037 1479 Deo
1050 1424 1165 1496 diligere
1182 1444 1187 1479 :
1205 1427 1269 1497 quia
1284 1428 1337 1483 hoc
1352 1429 1440 1483 solum
1462 1430 1536 1483 Deus
1551 1427 1715 1484 sacrificium
1730 1446 1779 1486 ac-

120 1524 165 1570 aut
180 1531 332 1572 occurrens
346 1515 381 1570 ad
396 1515 530 1586 synodum
546 1529 607 1586 qnae
621 1523 812 1588 congregetur,
829 1530 879 1586 pro
895 1529 925 1569 se
977 1512 1051 1583 cipit,
1068 1513 1142 1583 quod
1165 1523 1227 1569 ante
1248 1516 1307 1583 ejus
1321 1515 1416 1571 oculos
1431 1516 1458 1570 in
1473 1516 1552 1571 altari
1577 1515 1656 1572 bonae
1679 1532 1782 1588 opera·

120 1603 279 1672 satisfaciat,
296 1612 323 1658 ει
337 1603 507 1674 persuadens
521 1602 638 1658 concilio
658 1602 819 1659 sententiam
834 1603 925 1658 susci·
978 1600 1059 1655 tionis
1074 1601 1182 1655 flamma
1197 1603 1334 1658 eharitatis
1349 1604 1479 1660 incendit.
1497 1629 1507 1651 υ
1524 1606 1558 1660 Ει
1573 1604 1704 1660 Dominus
1719 1605 1781 1662 illos

121 1692 311 1764 pictationem.
331 1714 342 1740 »
359 1693 393 1746 Et
415 1690 593 1747 sardicenses
618 1706 739 1747 canones
762 1694 837 1762 (can.
856 1692 900 1762 tr)
917 1709 924 1746 :
941 1687 1043 1776 Bdicit
1068 1688 1177 1753 beatos,
1201 1691 1247 1761 qui
1271 1692 1489 1762 persecutionem
1512 1693 1649 1764 patiuntur
1670 1700 1786 1764 propter

121 1804 131 1827 ι
148 1780 207 1844 ille,
222 1780 359 1852 inquiunt,
374 1779 530 1850 episcopus,
547 1779 593 1850 qui
604 1780 677 1848 J'uste
692 1789 737 1834 aut
752 1780 849 1848 injuste
864 1797 926 1836 cum
976 1777 1109 1844 justitiam
1132 1778 1242 1848 (flllcttlr.
1271 1781 1313 1849 vl,
1337 1796 1391 1835 non
1413 1788 1525 1852 propter
1547 1782 1705 1853 nequitiam,
1728 1782 1783 1838 nisi

121 1869 229 1938 abjecit,
256 1868 391 1938 patienter
414 1867 528 1937 accipiat
548 1874 578 1920 ut
592 1868 732 1939 negotium
756 1868 925 1934 discutiatur,
978 1864 1049 1919 forle
1063 1882 1111 1936 per
1126 1865 1214 1936 ipsam
1229 1868 1448 1938 persecutionem
1464 1878 1656 1925 convertantur
1668 1870 1704 1925 sd
1719 1885 1784 1926 ccr-

120 1965 142 2011 ιι
159 1956 204 2012 rel
220 1956 354 2028 probetur
368 1955 502 2010 sententia
515 1955 576 2023 ¹ejus
591 1970 608 2009 a
621 1955 756 2025 plurimis,
773 1956 817 2012 vel
829 1972 926 2011 ernen-
978 1953 1136 2018 rectionem,
1147 1963 1173 2008 et
1184 1963 1387 2027 consequantur
1394 1957 1564 2028 purgationis
1574 1958 1782 2013 beatitudinem.

120 2046 210 2100 detur.
230 2037 362 2100 »Scilicet
376 2049 405 2098 ut
419 2043 589 2098 discussione
611 2042 683 2099 facta
705 2044 739 2098 de
761 2052 824 2098 ante
837 2044 927 2099 dubiis
978 2042 1016 2096 Tu
1031 2051 1131 2109 autem,
1153 2042 1175 2096 si
1200 2052 1292 2098 contra
1307 2044 1384 2117 leges
1398 2044 1504 2099 divinas
1519 2053 1545 2100 et
1565 2046 1696 2101 humanas
1710 2046 1737 2101 in
1752 2054 1785 2102 te

119 2141 141 2188 ct
157 2132 297 2197 obscuris,
314 2131 446 2187 sententia
470 2130 668 2186 rationabiliter
690 2132 763 2187 dicta
786 2133 924 2203 probetur,
978 2129 1106 2201 quiddam
1117 2145 1133 2184 a
1144 2145 1307 2203 quocunque
1318 2131 1418 2187 exstitit
1433 2141 1629 2204 perpetratum,
1646 2133 1711 2188 milri
1727 2136 1782 2191 hoc

120 2221 161 2277 rel
183 2220 409 2276 irrationabiliter
430 2220 535 2290 prolata
565 2219 733 2275 emendetur.
760 2221 793 2274 Et
816 2222 868 2277 boo
891 2222 926 2276 de
978 2225 1071 2272 notum
1087 2216 1185 2282 facere,
1202 2226 1229 2273 et
1243 2236 1293 2288 per
1312 2220 1420 2291 aliquod
1442 2223 1574 2291 temporis
1595 2222 1713 2293 spatium
1727 2238 1778 2293 pa-

120 2324 187 2375 uno,
205 2309 251 2364 vel
274 2308 397 2373 duobus,
421 2317 466 2362 aut
487 2307 589 2372 tribus,
611 2309 708 2363 decem
732 2324 856 2380 quoque,
882 2310 926 2365 rel
976 2306 1075 2360 tienter
1098 2306 1234 2362 debueras
1258 2316 1426 2378 exspectare,
1443 2325 1530 2380 usque
1554 2310 1619 2364 dum
1639 2310 1702 2365 inde
1716 2326 1779 2367 cnm

120 2397 225 2471 uiginti,
243 2404 289 2452 aut
303 2395 426 2469 triginta,
438 2404 464 2450 et
477 2395 512 2451 de
526 2396 615 2451 dubiis
627 2397 669 2451 vel
680 2396 806 2452 obscuris
821 2397 925 2452 servari
976 2392 1101 2448 fratribus
1112 2403 1138 2449 et
1148 2395 1318 2466 coepiscopis
1328 2396 1429 2451 nostris
1443 2406 1607 2468 satagerem,
1621 2398 1688 2454 sicut
1699 2398 1779 2454 etiarn

120 2487 257 2557 patienter
266 2484 357 2557 aliquo
367 2484 449 2540 modo
458 2492 575 2555 poterat.
585 2486 619 2539 At
633 2484 678 2539 nbi
692 2483 925 2554 manifestissime,
977 2497 1100 2554 egeram,
1113 2492 1139 2537 et
1152 2499 1205 2537 non
1223 2491 1285 2538 tuas
1297 2484 1437 2540 molestias
1451 2485 1566 2541 aliorum
1583 2487 1780 2557 perditionibus

121 2575 188 2630 sicut
203 2573 334 2629 omnibus
356 2580 461 2628 constat
475 2588 538 2627 esse
553 2572 742 2636 notissimum,
759 2573 817 2628 sine
833 2573 925 2644 aliqua
976 2571 1124 2626 uindicare.
1141 2573 1173 2625 Et
1184 2572 1206 2625 si
1215 2571 1293 2635 forte,
1311 2589 1435 2644 quaerens
1450 2573 1593 2629 resistendi
1608 2573 1734 2646 suffugia,
1752 2584 1780 2631 et

121 2663 239 2728 ratione,
256 2662 299 2716 vel
314 2661 393 2732 culpa
404 2661 582 2730 abjectorum,
598 2670 692 2715 contra
707 2677 816 2716 omnem
831 2670 924 2717 aucto·
976 2658 1064 2728 potius
1079 2659 1260 2729 perniciosum
1281 2659 1380 2715 factum
1396 2669 1469 2731 tuum
1485 2661 1602 2733 elegeris
1617 2661 1776 2735 defendere,

119 2752 236 2819 ritatem,
260 2750 387 2815 trecenti,
403 2749 446 2804 vel
461 2749 664 2821 quadringenti,
690 2750 747 2805 sive
770 2750 922 2823 quingenti,
976 2762 1057 2817 quam
1082 2762 1283 2817 recognoscere
1305 2756 1387 2820 atque
1411 2750 1561 2822 corrigere,
1579 2750 1697 2818 objicere
1712 2751 1778 2806 mihi

117 2840 176 2895 solo
192 2847 242 2894 tuo
256 2837 358 2908 furore,
374 2846 400 2892 et
414 2853 496 2893 causa
520 2837 679 2906 injuriarum
703 2846 805 2892 tuarum
826 2838 924 2907 abjecti
976 2833 1094 2890 volueris
1109 2835 1180 2906 quod
1192 2837 1364 2892 Innocentius
1374 2837 1409 2892 ad
1420 2837 1583 2893 Macedones
1593 2838 1701 2909 scripsit
1716 2839 1777 2911 epi-

118 2937 209 2991 erant,
225 2927 254 2981 in
270 2942 388 2998 qnorum
411 2926 577 2994 abjectione,
595 2935 623 2980 ut
638 2925 732 2981 beatus
757 2926 924 2999 Augustinus
976 2937 1075 2993 scopos
1089 2923 1183 2978 dicens
1197 2925 1293 2996 (epist.
1308 2929 1352 2991 ιθ,
1369 2926 1421 2979 sub
1440 2924 1534 2996 finem)
1547 2944 1553 2980 :
1568 2949 1579 2972 ι
1594 2926 1648 2982 Sed
1662 2934 1691 2981 nt
1705 2943 1778 2998 saepe

117 3016 184 3071 dicit
205 3016 304 3087 (epist.
321 3015 377 3083 50),
394 3029 448 3069 non
465 3014 544 3083 hujus
566 3022 612 3069 aut
634 3013 707 3068 illius
731 3014 849 3070 hominis
866 3023 925 3070 erat
975 3010 1083 3075 accidit,
1100 3011 1206 3082 quoties
1221 3027 1236 3066 a
1251 3013 1359 3083 populis
1373 3022 1419 3068 aut
1433 3029 1449 3068 a
1463 3014 1542 3069 turba
1563 3022 1699 3084 peccatur,
1716 3015 1780 3088 quia

114 3103 287 3175 periculum,
302 3103 352 3157 sed
368 3102 529 3173 populorum
545 3110 653 3175 strages
665 3103 776 3171 jacebat
789 3102 817 3157 in
831 3104 925 3174 perdi·
977 3098 1004 3152 in
1019 3115 1115 3154 omnes
1130 3109 1242 3170 propter
1255 3101 1453 3157 multitudinem
1466 3118 1521 3158 non
1535 3110 1625 3172 potest
1637 3103 1777 3174 vindicari,

115 3193 210 3258 tione,
233 3191 317 3247 etiarn
336 3191 424 3264 quiin
440 3187 492 3245 tuis
515 3191 621 3259 injuriis
646 3207 701 3245 non
725 3200 924 3261 peccauerunt,
976 3187 1090 3243 inultum
1105 3188 1174 3242 solet
1189 3189 1316 3254 transire,
1338 3191 1429 3260 priora
1455 3206 1522 3263 ergo
1543 3191 1702 3247 dimittenda
1717 3192 1779 3249 dico

115 3281 168 3337 sed
193 3279 285 3351 potius
307 3278 461 3345 doluerunt,
477 3294 528 3350 pro
551 3279 651 3350 quibus
665 3278 704 3334 illi
718 3279 815 3348 abjecti
839 3288 924 3344 erant,
977 3276 1026 3330 Dei
1039 3276 1151 3344 judicio,
1168 3276 1362 3349 etdereliquo
1377 3277 1492 3332 maxima
1508 3278 1777 3350 sollicitudineprae·

116 3369 164 3425 cui
196 3367 355 3423 Christiano
385 3367 490 3423 servari
511 3382 600 3437 usque
622 3367 656 3421 ad
680 3367 925 3434 examinationem,
976 3364 1146 3426 carendum
1166 3385 1176 3413 l
1196 3364 1288 3433 rejicio
1311 3365 1368 3430 tibi,
1385 3373 1414 3420 ut
1429 3366 1514 3421 velin
1528 3366 1654 3437 populos,
1679 3375 1725 3422 aut
1748 3368 1777 3422 in

116 3458 191 3515 sicut
204 3456 242 3512 de
256 3455 347 3511 dubiis
362 3462 388 3509 et
403 3454 528 3511 obscuris
542 3463 569 3509 et
583 3455 649 3509 nihil
665 3455 777 3524 periculi
798 3454 926 3511 babenti·
976 3451 1083 3506 turbam
1107 3459 1276 3522 peccantem,
1293 3460 1319 3507 et
1340 3468 1394 3507 non
1409 3453 1435 3506 in
1451 3454 1567 3524 populos
1581 3455 1647 3508 etin
1671 3455 1776 3511 turbam

117 3546 183 3609 bus,
200 3543 290 3599 videri
305 3543 450 3598 debuerit?
464 3543 579 3598 blaxime
594 3558 661 3616 erga
675 3559 728 3598 non
740 3551 887 3613 peccantes
898 3543 925 3598 in
976 3539 1125 3603 innoxiam,
1142 3541 1191 3594 has
1203 3541 1408 3597 maledictiones
1423 3549 1483 3596 tuas
1498 3558 1636 3611 exereres,
1649 3543 1695 3615 qui
1710 3543 1777 3598 nulli

115 3635 174 3690 tuis
189 3632 307 3700 iniuriis,
325 3631 373 3687 sed
387 3630 512 3687 dolentes
529 3649 535 3684 :
552 3646 614 3686 curn
634 3631 708 3686 Deus
723 3632 793 3686 hanc
809 3632 925 3686 retribu-
975 3627 1151 3692 maledicere,
1166 3629 1246 3683 etiarn
1261 3629 1289 3683 in
1304 3637 1329 3684 te
1342 3630 1476 3700 peccanti,
1492 3630 1602 3686 minime
1617 3639 1706 3687 autem
1721 3646 1777 3688 non

117 3721 227 3777 donem
240 3719 331 3774 modis
345 3718 471 3775 omnibus
481 3718 641 3784 detestetur,
653 3720 927 3775 cumrctribuuatur
976 3716 1109 3787 peccanti,
1121 3717 1287 3787 praeciperis.
1301 3718 1340 3774 De
1350 3717 1505 3790 alligatione
1519 3718 1775 3791 autemepiscopsli,

119 3810 201 3866 mala
215 3824 267 3880 pro
278 3808 356 3864 bonis
371 3809 460 3876 (Paul.
472 3808 585 3878 xxxiv).
600 3808 661 3862 Non
677 3823 744 3880 ergo
757 3816 819 3862 ante
835 3808 927 3880 cogni·
977 3804 1050 3875 quod
1064 3805 1144 3861 nobis
1154 3805 1218 3859 satis
1229 3807 1411 3873 tremendum,
1424 3815 1450 3861 et
1460 3807 1622 3873 carendum,
1633 3815 1714 3879 atque
1727 3808 1776 3863 ob·

117 3899 236 3961 tionem,
252 3895 321 3952 sicut
335 3894 515 3952 Sardicenses
530 3911 648 3951 canones
656 3896 752 3965 jubent
762 3898 856 3967 (epist.
869 3897 924 3967 50),
976 3894 1141 3948 servandum
1157 3903 1207 3958 est,
1224 3903 1334 3949 sanctus
1356 3894 1507 3967 Gregorius
1521 3895 1547 3950 in
1563 3895 1674 3951 homilia
1688 3896 1778 3952 Eran-

117 3986 169 4043 sed
184 3991 249 4057 post
265 3981 436 4039 manifestam
451 3983 646 4056 cognitionem,
661 3982 790 4054 prefatos
809 3984 926 4040 clericos
976 3981 1040 4052 getii
1055 3981 1188 4052 vigesima
1200 3990 1277 4036 sexta
1291 3981 1375 4037 dicit:
1390 4004 1400 4031 ι
1418 3983 1537 4054 Sepeia
1553 3983 1672 4057 ligandis
1681 4000 1713 4040 ac
1723 3984 1778 4040 sol·

119 4083 178 4129 ate
191 4073 355 4128 maledictos
369 4072 554 4128 communioni
578 4072 740 4143 regulariter
764 4072 875 4128 sociavi.
893 4075 926 4128 Et
975 4069 1072 4123 vendis
1096 4069 1210 4124 subditis
1234 4077 1329 4140 pastor
1352 4086 1409 4126 suae
1433 4072 1578 4127 voluntatis
1601 4079 1701 4140 motus,
1722 4089 1777 4129 non

119 4157 229 4213 siforte
240 4156 344 4228 aliquid
359 4156 472 4211 rationis
487 4156 527 4211 vel
543 4156 708 4212 auctoritatis
724 4156 838 4211 haberet
853 4157 927 4227 quod
975 4165 1066 4212 autem
1089 4173 1235 4212 causarum
1258 4158 1355 4213 merita
1380 4159 1513 4229 seqnitur.
1538 4161 1616 4217 Unde
1631 4159 1660 4214 fit
1674 4168 1704 4216 ut
1717 4161 1778 4232 ipss

120 4245 220 4309 fecisti,
236 4245 283 4300 ubi
297 4252 433 4300 tantorum
456 4245 619 4315 populorum
643 4252 748 4317 strages
763 4252 789 4298 ει
804 4245 927 4314 pericula
976 4245 1025 4300 hac
1041 4245 1141 4317 ligandi
1157 4255 1184 4299 et
1199 4245 1323 4300 solvendi
1338 4253 1471 4314 potestate
1485 4263 1515 4301 se
1530 4249 1628 4317 privet,
1646 4248 1691 4319 qui
1708 4249 1778 4304 hane

122 4333 317 4400 imminebant,
341 4332 538 4388 detrahendum
567 4325 652 4400 foret,
676 4341 705 4387 ut
730 4332 801 4388 idem
832 4333 926 4387 beatus
976 4349 1026 4403 pro
1042 4333 1098 4387 suis
1112 4332 1304 4397 voluntatibus,
1321 4340 1347 4386 et
1361 4347 1414 4387 non
1430 4348 1480 4403 pro
1495 4334 1676 4402 subjectorum
1690 4335 1777 4390 mori·

122 4422 294 4495 Augustinus
308 4421 486 4486 demonstret,
502 4420 603 4492 aliquid
619 4420 768 4489 severitati,
781 4428 810 4475 ut
822 4420 926 4490 majori·
939 4417 966 4479 D
978 4421 1029 4476 bus
1040 4428 1158 4475 exercet.
1174 4420 1252 4475 Unde
1264 4426 1337 4474 recte
1347 4435 1395 4490 per
1404 4420 1564 4490 prophetam
1578 4419 1677 4476 dicitur
1688 4437 1694 4476 :
1706 4422 1778 4478 lter·

122 4510 172 4565 bus
187 4509 269 4565 malis
285 4508 412 4564 sanandis
426 4509 585 4564 subveniret
600 4509 718 4564 charitas
734 4509 926 4580 quecooperit
978 4509 1125 4578 tificabant
1139 4509 1254 4563 animae
1269 4524 1329 4580 quae
1343 4523 1401 4564 coc
1417 4509 1635 4574 rnoriuutur,et
1649 4509 1776 4578 uiuifica-
1835 4510 1839 4518 “

122 4598 324 4654 multitudinem
350 4606 535 4668 peccatorum.
567 4599 600 4652 Et
630 4597 653 4651 si
681 4605 784 4651 tantum
810 4597 837 4651 in
866 4612 923 4666 eos,
977 4597 1044 4652 bont
1059 4597 1540 4668 animasquceuoauivunttdsecb.
1556 4595 1629 4666 xrrr).
1645 4596 1776 4652 Nonmo·

123 4687 168 4758 qui
182 4694 312 4741 suctores
325 4685 369 4741 vel
383 4692 535 4756 patratores
550 4685 709 4754 injuriarum
720 4692 828 4740 tuarum
838 4694 924 4751 erant,
977 4685 1091 4740 rientem
1106 4685 1206 4756 quippe
1216 4684 1370 4750 mortificat,
1382 4685 1426 4757 qui
1434 4685 1535 4754 justum
1545 4684 1655 4738 damnat
1666 4701 1673 4738 :
1685 4692 1711 4740 et
1721 4700 1777 4741 non

124 4773 330 4830 maledictiones
345 4781 404 4828 tuas
415 4773 563 4842 Jaculando
587 4788 723 4842 exereres,
740 4772 808 4828 forte
823 4773 926 4844 portari
977 4774 1111 4829 victurum
1123 4772 1259 4829 vivificare
1275 4773 1376 4836 nititur,
1390 4773 1435 4843 qui
1450 4786 1526 4826 reum
1542 4771 1675 4843 supplicio
1689 4773 1777 4829 absol-

125 4863 157 4918 ab
170 4862 233 4917 abis
247 4869 383 4933 poterant,
399 4861 565 4933 usquedum
581 4861 704 4933 synodali
728 4869 862 4916 conventu
878 4861 926 4916 tibi
977 4879 1041 4918 uere
1058 4870 1184 4929 conatur,
1203 4882 1213 4912 ι
1232 4877 1264 4917 ac
1280 4877 1353 4931 saepe
1367 4860 1464 4932 agium,
1492 4867 1521 4913 ut
1540 4859 1584 4914 vel
1598 4860 1707 4918 damnet
1721 4863 1777 4918 irn-

125 4950 357 5007 demonstraretur
370 4957 396 5005 te
412 4955 507 5005 contra
529 4951 663 5005 rationem
688 4949 796 5022 egisse,
812 4949 926 5006 docente
977 4947 1098 5009 meritos,
1110 4947 1153 5001 vel
1168 4946 1237 5001 alios
1250 4945 1309 5015 ipse
1325 4944 1424 5015 ligatus
1439 4942 1535 4999 solvat.
1551 4944 1613 5000 Non
1628 4945 1712 5018 igitur
1723 4961 1776 5001 no-

127 5038 204 5094 beato
213 5039 296 5094 Petro
305 5037 443 5108 apostolo:
455 5040 517 5094 tlec
528 5042 569 5093 est
579 5039 768 5109 errimgrctio,
778 5039 802 5093 si
812 5041 927 5110 propter
976 5052 1050 5097 vum,
1068 5036 1116 5089 sed
1132 5043 1253 5088 ueterum
1268 5030 1424 5101 regularum
1446 5031 1621 5087 constitutum
1636 5042 1686 5102 est,
1703 5033 1776 5105 quod

128 5127 331 5184 eomcieatiam
340 5127 389 5181 Dei
399 5126 522 5181 sustinet
531 5127 592 5198 quie
602 5127 738 5181 tristitias
750 5126 863 5198 patiens
879 5128 926 5180 iu·
977 5124 1021 5196 egi
1037 5124 1064 5177 in
1078 5122 1248 5177 absolutione
1263 5135 1280 5173 a
1294 5126 1320 5173 te
1336 5118 1559 5176 maledictorum:
1574 5120 1636 5192 quia
1650 5129 1680 5174 ut
1694 5120 1777 5176 Gela·

128 5216 208 5282 iuste
227 5215 295 5282 Qua
310 5216 387 5270 caim
400 5216 494 5286 qratia
508 5216 535 5269 si
546 5218 698 5286 peccantes
713 5218 741 5269 et
754 5214 927 5287 colcpbiuctl
977 5212 1033 5265 sius
1045 5211 1075 5265 de
1086 5225 1136 5264 suo
1146 5209 1292 5264 decessore
1302 5207 1383 5263 dicit:
1396 5229 1407 5258 ι
1420 5209 1481 5263 Non
1491 5224 1568 5264 novae
1578 5207 1777 5263 constitutionis

130 5304 270 5376 suffertis?
281 5302 334 5360 Sed
343 5304 369 5358 si
379 5303 447 5357 deae
457 5303 596 5373 facientes
608 5305 753 5375 patienter
766 5303 925 5370 sustinetis,
977 5306 1082 5363 auctor,
1100 5297 1148 5352 sed
1163 5295 1264 5351 veteris
1279 5312 1338 5351 sum
1354 5304 1503 5352 exsecutor.
1519 5294 1617 5350 »Sicut
1630 5295 1775 5371 Cartbagi-

132 5389 233 5450 lecese
244 5392 341 5464 gratia
352 5390 426 5464 apud
438 5392 537 5447 Deum.
550 5391 582 5446 lu
593 5390 643 5447 boc
653 5393 731 5447 euim
740 5392 833 5447 uocati
846 5392 925 5456 catis,
977 5401 1076 5443 nenses
1086 5399 1206 5441 canones
1216 5384 1359 5440 manifeste
1369 5384 1553 5440 demonstrant
1562 5382 1684 5440 dicentes
1697 5385 1774 5456 (cca.
1870 5420 1873 5427 -

134 5493 189 5559 quta
203 5496 232 5546 et
246 5490 377 5546 cbristm
400 5504 501 5561 passus
523 5493 566 5544 est
582 5505 633 5560 pro
648 5489 735 5555 nome,
761 5488 926 5560 relinquam
977 5484 1004 5536 bl
1022 5500 1028 5536 :
1047 5504 1058 5531 ι
1075 5481 1197 5536 Nouelln
1212 5481 1412 5554 suggestiones,
1428 5496 1490 5551 que
1503 5479 1547 5536 sel
1561 5479 1686 5538 obscuras
1700 5487 1773 5546 sunt,
