3794 6104
129 207 180 262 ³2³
575 196 747 295 ntttcnttnt
776 200 978 258 RHEhlENSIS
1004 199 1281 258 attcfflnrlscort.
1732 206 1787 265 stt

126 341 317 399 sepenumero
331 324 360 381 in
375 324 432 382 suis
456 324 639 381 decretalibus
655 325 777 396 epistolis
792 326 929 397 praestitu-
944 326 1051 398 Aquas
1066 325 1095 379 in
1116 326 1155 381 eis
1178 325 1374 382 constituendis
1398 327 1523 383 homines
1547 326 1634 387 secuti
1658 327 1724 394 sint,
1741 327 1788 384 ubi

126 425 167 471 tas
181 415 359 472 conciliorum
374 414 484 487 regulas
499 413 650 479 observari,
668 422 694 469 et
708 415 742 467 ab
759 414 798 468 eis
813 413 841 468 in
855 414 930 469 nullo
980 412 1094 470 facultas
1118 414 1254 481 tribuitur,
1283 414 1342 470 sine
1370 415 1425 470 ulla
1452 415 1620 471 dubitatione
1635 416 1790 472 resecanda

30 570 36 575 „
127 499 258 561 deeHnari
273 504 402 560 decernit.
419 503 454 558 Et
476 503 573 558 beatus
596 502 743 558 llormisda
765 511 859 559 sancto
874 504 930 559 Re·
983 502 1150 558 existimo.»
1189 503 1222 558 Et
1247 504 1381 558 Damasus
1409 520 1487 575 papa,
1511 520 1545 559 ex
1564 504 1642 573 eujus
1671 504 1788 575 epistola

126 594 221 667 migio,
247 592 320 649 vices
343 592 501 663 apostolicas
524 591 597 646 sedis
622 591 647 647 ei
663 591 843 658 committens,
860 592 931 647 inter
980 591 1105 662 quaedam
1127 591 1181 646 tuis
1203 591 1364 648 commentis
1386 591 1534 658 inseruisti,
1558 606 1613 648 non
1627 592 1787 665 intelligens

126 682 179 737 alia
193 682 230 736 ita
244 681 353 751 scripsit
369 697 376 734 ε
396 701 407 730 r
425 681 557 736 Paternas
579 678 682 735 seilicet
697 680 818 753 regulas,
837 686 863 734 et
878 681 929 735 de·
980 678 1024 734 vel
1038 678 1191 751 intelligere
1213 680 1309 735 nolens
1333 697 1394 752 quae
1417 680 1475 752 ipse
1490 680 1567 750 dixit,
1583 688 1610 735 et
1625 698 1689 752 quae
1704 688 1732 736 tu
1746 679 1786 736 lc·

126 778 200 826 creta
223 769 402 825 sanctissimis
440 767 551 823 diffinita
578 768 713 835 conciliis,
743 770 776 822 ab
803 768 930 824 omnihus
981 767 1083 838 queris,
1101 767 1144 823 vel
1159 768 1193 823 de
1207 768 1305 840 quibus
1320 767 1446 834 affirmas,
1459 768 1595 835 scribens,
1607 777 1637 823 ut
1651 769 1787 839 praemisi·

126 858 263 914 servanda
278 858 451 912 mandamus.
468 857 498 910 ln
508 857 550 911 his
566 856 734 928 vigilantiam
750 865 833 926 tuam,
850 856 931 911 inhis
980 871 1051 921 mus,
1067 872 1116 926 per
1130 855 1247 911 l'italem
1261 856 1296 911 ad
1307 856 1447 911 Paulinum
1462 857 1666 912 Antiochenam
1681 857 1786 928 episco-

125 962 217 1003 curam
233 955 260 1002 et
274 945 402 1001 fraternae
416 945 519 1000 monita
538 945 735 1000 exhortationis
749 945 927 1001 ostendimus.
979 960 1054 1014 pum,
1071 943 1106 998 ita
1120 944 1154 999 de
1168 944 1361 1001 observatione
1376 961 1521 1012 canonum,
1537 945 1608 1001 sicut
1622 953 1651 1000 et
1667 945 1703 1000 de
1715 946 1785 1001 inte·

124 1036 173 1091 llis
195 1051 229 1091 ea
250 1043 351 1107 quanta
383 1033 497 1108 dignum
519 1040 560 1089 est
594 1033 749 1089 reverentia
776 1034 928 1102 custoditis,
980 1031 1076 1103 gnitate
1089 1030 1163 1099 fidei,
1177 1033 1255 1102 jubet
1270 1033 1463 1105 resipiscentes
1477 1041 1504 1088 et
1525 1033 1561 1088 ad
1574 1033 1732 1090 Ecclesiam
1743 1050 1786 1090 ca·

124 1124 228 1179 nullum
244 1123 371 1195 relinquit
393 1123 480 1192 culpae
504 1121 593 1177 locum
618 1129 718 1178 sanetae
733 1122 929 1178 observationis
980 1120 1106 1177 thelicam
1129 1130 1297 1177 revertentes
1319 1120 1452 1193 profiteri,
1489 1131 1569 1194 atque
1591 1122 1704 1194 propria
1719 1123 1783 1178 sub-

124 1212 302 1268 obstaculum
320 1211 362 1266 lbi
385 1210 436 1275 fas,
459 1209 591 1282 nefasque
617 1210 796 1282 perscriptum
820 1219 876 1279 est3
892 1210 929 1264 ihi
980 1209 1127 1280 scriptione
1137 1209 1254 1275 firmare,
1266 1218 1327 1281 post
1340 1209 1392 1264 alia
1403 1212 1496 1282 (epist.
1512 1213 1540 1280 l)
1557 1227 1563 1266 :
1578 1232 1589 1260 ι
1609 1210 1785 1284 Quicunque,

124 1301 292 1372 prohibitum
312 1299 348 1354 ad
375 1297 448 1370 quod
482 1297 572 1352 nuhus
601 1298 698 1354 audeat
725 1298 862 1370 aspirare,
891 1298 930 1352 ibi
980 1296 1076 1369 inquit,
1092 1297 1155 1353 huie
1170 1298 1292 1370 epistelae
1306 1298 1481 1354 subscribere
1496 1298 1623 1367 voluerit,
1640 1298 1681 1355 ita
1694 1309 1786 1357 tamen

124 1405 286 1445 eoncessum
302 1386 376 1459 quod
391 1387 490 1442 debeat
503 1402 581 1442 mans
600 1387 659 1443 Deo
673 1386 806 1458 placitura
820 1403 927 1458 praesu·
979 1393 1008 1440 ut
1022 1386 1049 1440 in
1065 1386 1259 1442 ecelesiasticis
1274 1387 1434 1454 canonibus,
1458 1403 1527 1458 quos
1541 1387 1645 1459 optime
1659 1387 1744 1455 nosti,
1760 1396 1786 1444 et

124 1493 242 1532 mere.»
978 1473 1007 1528 in
1034 1474 1146 1530 Nieaena
1174 1473 1228 1530 fide
1251 1482 1314 1529 ante
1337 1475 1543 1546 subscripserit,
1568 1476 1642 1531 hunc
1672 1476 1785 1533 debebis

160 1565 219 1633 llis,
241 1563 335 1632 frater,
362 1579 469 1635 appone
494 1579 605 1619 sensum
629 1570 715 1634 tuum,
740 1563 783 1619 his
805 1579 928 1635 suppone
979 1563 1083 1634 absque
1099 1563 1191 1634 aliqua
1206 1563 1383 1636 ambiguitate
1406 1564 1568 1634 suscipere:
1586 1565 1785 1636 nonquohaeo

123 1660 242 1708 mentem
264 1659 347 1718 tuam,
371 1652 414 1707 his
438 1652 614 1708 accommoda
637 1652 757 1707 animum
779 1661 867 1718 tuum,
883 1651 926 1707 his
940 1651 1039 1743 Bipsa
1053 1667 1113 1723 quaa
1136 1666 1186 1706 nos
1211 1651 1380 1722 scripsimus,
1404 1667 1460 1706 non
1482 1652 1604 1723 potueris
1619 1661 1785 1709 converten-

124 1741 211 1797 snbde
225 1740 433 1812 intelligentiam
455 1749 546 1808 tuam,
571 1750 597 1795 et
620 1757 675 1796 non
697 1741 821 1807 errabis,
837 1756 926 1813 neque
977 1739 1044 1794 tium
1059 1740 1224 1810 susceptioni
1247 1756 1413 1812 proponere,
1429 1740 1478 1795 sed
1494 1756 1547 1812 quo
1560 1740 1616 1811 ,tibi
1631 1757 1784 1799 consensus

123 1829 229 1885 difflues
258 1845 309 1901 per
336 1845 421 1886 vanas
445 1830 641 1885 autumationes
668 1837 737 1898 tuas,
769 1829 867 1901 quibus
896 1845 927 1884 es
976 1836 1068 1884 noster
1082 1828 1199 1883 liberum
1213 1828 1240 1882 in
1265 1827 1440 1900 suscipiendo
1461 1828 1564 1883 tribuat
1582 1829 1782 1901 exemplum.»

125 1918 202 1990 quasi
226 1925 307 1973 vento
327 1926 437 1989 pastus,
460 1918 604 1989 potiusque
618 1917 756 1973 inflatione
772 1917 924 1985 distentus,
976 1917 1011 1972 Et
1025 1925 1134 1972 sanctus
1149 1917 1204 1972 Leo
1219 1917 1254 1972 ad
1278 1917 1453 1972 Ravennium
1466 1917 1661 1973 arelatensem
1674 1918 1783 1990 episco-

123 2006 188 2061 dum
203 2005 255 2061 tuis
271 1993 518 2077 compilationibus,
530 2005 597 2060 nihil
611 2005 660 2061 tibi
675 2005 709 2062 ad
721 2022 752 2061 ea
767 2022 827 2078 quae
841 2006 928 2060 inten·
975 2020 1040 2077 pum
1055 2006 1148 2077 (epist.
1171 2006 1217 2076 94)
1233 2021 1239 2060 :
1259 2026 1270 2054 ι
1287 2005 1552 2072 Ecclesiasticarum,
1573 2006 1674 2078 inquit,
1691 2006 1784 2080 legum

121 2095 164 2150 dis
177 2093 337 2166 profuturis,
353 2095 475 2167 quinimo
495 2095 641 2165 plurimum
656 2094 800 2160 obfuturis,
818 2095 926 2150 incarn·
976 2108 1031 2149 non
1045 2092 1143 2164 ignara
1158 2102 1199 2149 est
1222 2093 1332 2150 dilectio
1355 2101 1411 2161 tua,
1427 2102 1455 2149 ut
1469 2095 1541 2149 intra
1555 2110 1653 2150 earum
1672 2095 1779 2169 regulas

122 2184 174 2239 bis.
182 2182 263 2253 Quid,
279 2185 366 2255 inquit
381 2184 478 2239 heatus
488 2184 553 2251 Leo,
567 2183 687 2255 iniquius
697 2200 780 2255 quarn
791 2183 872 2255 impia
883 2200 926 2237 sa·
976 2191 1057 2253 atque
1072 2198 1214 2237 mensuras
1227 2181 1318 2237 omnia
1328 2183 1469 2253 potestatis
1484 2190 1538 2238 tuae
1549 2183 1615 2252 jura
1629 2184 1778 2241 contineas.

121 2287 197 2344 pere,
213 2280 241 2327 et
255 2271 465 2343 sapientioribus
480 2271 702 2343 doctioribusque
717 2288 773 2326 non
787 2271 926 2326 erederet
976 2271 1052 2326 lusto
1069 2271 1169 2342 quippe
1182 2270 1245 2326 ideo
1261 2270 1359 2326 dicitur
1373 2270 1417 2326 lex
1432 2286 1487 2326 non
1500 2272 1700 2344 esseposita(f
1713 2275 1777 2329 fim.

122 2361 176 2416 Sed
200 2359 227 2414 in
250 2360 322 2416 hanc
345 2359 527 2430 insipientiam
550 2360 661 2427 eadunt,
685 2361 731 2431 qni
752 2375 813 2415 cum
828 2360 862 2415 ad
877 2375 925 2415 eo·
977 2373 996 2425 1,
1027 2358 1065 2429 9),
1086 2359 1150 2431 quia
1176 2374 1298 2415 normam
1326 2359 1518 2431 praeceptionis
1556 2360 1654 2431 implet
1679 2361 1777 2430 judicio

121 2449 308 2523 gnoscendam
328 2448 473 2504 veritatem
488 2448 579 2520 aliquo
594 2448 779 2520 impediuntur
796 2448 924 2515 obscuro,
977 2445 1135 2513 voluntatis,
1151 2462 1214 2503 cum
1237 2463 1319 2503 verus
1341 2447 1408 2503 recti
1432 2463 1510 2503 amor
1523 2448 1551 2502 in
1567 2449 1720 2520 semetipso
1735 2451 1778 2506 ha·

121 2554 175 2594 non
188 2538 223 2593 ad
236 2537 412 2610 propheticas
433 2553 526 2603 voces,
552 2552 608 2592 non
621 2537 656 2592 ad
671 2536 835 2608 apostolicas
851 2537 925 2593 litte·
977 2535 1033 2601 bet,
1049 2544 1076 2590 et
1099 2535 1264 2606 apostolicas
1288 2537 1473 2602 auctoritates,
1495 2544 1523 2592 et
1546 2538 1697 2594 canonicas
1716 2553 1778 2594 san-

121 2643 175 2693 ras,
193 2642 244 2682 nec
257 2627 290 2681 ad
306 2626 479 2699 evangelicas
501 2626 685 2694 auctoritates,
702 2627 752 2681 sed
773 2627 808 2681 ad
823 2634 925 2682 semet·
976 2623 1080 2679 ctiones
1097 2642 1104 2678 ε
1122 2640 1237 2695 quarum
1260 2625 1374 2680 devotus
1397 2633 1516 2681 sectator
1529 2632 1555 2680 et
1567 2625 1690 2698 dihgens
1705 2642 1779 2682 exse-

119 2716 195 2787 ipsos
215 2724 369 2783 recurrunt,
396 2724 422 2770 et
446 2715 509 2771 ideo
533 2715 657 2788 magistri
680 2715 780 2771 erroris
796 2716 923 2783 existunt,
976 2720 1054 2768 autor
1069 2712 1097 2767 in
1112 2729 1207 2769 eorum
1230 2713 1326 2785 procul
1342 2713 1425 2769 dubio
1447 2714 1586 2776 consortio
1607 2715 1780 2786 gloriaberis

119 2806 183 2877 quia
210 2804 331 2860 veritatis
360 2804 486 2874 discipuli
514 2820 568 2859 non
601 2803 718 2860 fuerant.
748 2804 833 2860 Audis
862 2804 926 2876 quia
977 2802 1022 2873 qui
1044 2802 1211 2858 creditorum
1234 2802 1286 2856 sibi
1310 2802 1475 2873 profectibus
1500 2802 1667 2859 talentorum
1687 2805 1780 2860 audire

118 2894 288 2950 venerabiles
304 2894 399 2946 Patres
415 2893 492 2963 leges
504 2908 590 2963 usque
605 2892 633 2947 in
648 2891 731 2947 finem
746 2893 839 2948 saeculi
854 2909 926 2947 man·
975 2899 1133 2947 mernerunt
1149 2908 1155 2944 :
1171 2893 1255 2963 Enyo,
1271 2891 1426 2947 servolo-ne
1437 2896 1464 2947 et
1478 2892 1581 2960 fidelis,
1601 2892 1779 2965 etreliqua.»

118 2996 199 3037 suras
213 2980 413 3036 condiderunt?
439 2979 525 3033 Audis
547 2979 609 3051 quin
634 2980 764 3052 quidquid
780 2981 815 3035 ab
831 2996 924 3036 corum
976 2979 1009 3033 Et
1025 2978 1053 3033 S.
1077 2979 1230 3051 Gregorius
1246 2977 1375 3048 Quiriaco
1399 2987 1425 3035 et
1450 2981 1556 3036 caeteris
1579 2981 1722 3054 episcopis
1738 2996 1781 3038 ca-

119 3068 220 3141 ragulis
235 3067 316 3122 fuerit
331 3067 479 3137 diversum,
496 3066 547 3121 erit
571 3067 679 3138 penitus
695 3067 823 3124 irritum?
836 3068 922 3123 Audis
939 3037 1084 3123 Ctholieis
1100 3067 1128 3123 in
1143 3068 1270 3124 Hibernia
1282 3070 1319 3124 ita
1330 3069 1438 3140 scripsit
1453 3069 1781 3143 dicens(lib.1x,ind.l‚

120 3173 214 3212 sacros
228 3171 347 3212 canones
363 3155 464 3226 Spiritu
480 3155 530 3210 Dei
544 3155 677 3234 conditos,
695 3164 720 3211 et
734 3156 816 3211 totius
831 3156 924 3212 mundi
975 3157 1056 3229 epist.
1074 3157 1119 3227 61)
1135 3174 1140 3210 ;
1155 3178 1166 3208 ι
1183 3155 1344 3230 Quicunque
1359 3174 1374 3213 a
1397 3174 1527 3230 perverso
1549 3174 1643 3214 errore
1658 3159 1781 3215 Nestorii

119 3245 272 3303 reverentia
296 3251 483 3311 consecratos,
506 3244 639 3316 aquibus
664 3243 739 3300 nulla
755 3245 924 3318 negligentia
974 3251 1155 3314 revertuntur,
1174 3260 1267 3301 coram
1283 3254 1378 3302 saneta
1401 3245 1577 3302 fraternitatis
1599 3256 1703 3305 vestrae
1717 3263 1784 3304 con·

118 3342 165 3390 aut
187 3334 399 3405 praesumptione
426 3350 441 3388 a
464 3332 586 3405 quohbet
610 3333 713 3389 deviari
740 3334 924 3390 conceditur?
973 3332 1136 3407 gregaticne
1151 3334 1440 3391 eumdemh'estorlum
1455 3351 1516 3391 eum
1527 3335 1654 3391 omnibus
1669 3338 1781 3394 suisse-

118 3422 203 3479 dudis
219 3422 283 3494 qnia
298 3430 394 3478 contra
418 3422 529 3477 eosdem
554 3438 673 3478 canones
695 3438 746 3479 nec
761 3423 842 3478 etiam
857 3439 923 3494 apo·
974 3422 1116 3494 quaeibus,
1133 3439 1165 3478 ao
1180 3423 1296 3494 reliquas
1310 3424 1431 3480 haereses
1440 3424 1716 3493 anathematizantes,
1734 3442 1780 3482 re·

119 3511 215 3568 stolica
241 3511 321 3566 sedes
351 3511 403 3566 sibi
430 3511 514 3566 licere
542 3510 643 3584 aliquid
672 3520 773 3567 temere
810 3512 923 3583 cupiat?
972 3511 1109 3566 nerandas
1123 3527 1230 3583 quoque
1246 3513 1375 3583 synodos,
1393 3529 1461 3584 quas
1475 3513 1638 3570 universalis
1653 3514 1780 3571 Ecclesia

119 3600 205 3657 Audis
220 3608 250 3655 ut
264 3599 354 3655 omnia
370 3615 430 3671 quae
445 3601 547 3656 sanetis
561 3600 710 3656 canonibus
731 3601 923 3656 suntadversa
972 3599 1079 3671 recipit,
1111 3600 1234 3671 recipere
1253 3609 1279 3655 et
1294 3601 1420 3657 venerari
1448 3602 1620 3673 promittant,
1632 3610 1660 3658 et
1674 3603 1778 3676 absque

119 3689 243 3746 districte
265 3688 316 3744 sub
332 3688 513 3744 anathematis
528 3689 734 3759 interpositione
745 3690 923 3744 damnentur?
972 3688 1025 3743 ulla
1054 3687 1221 3745 dubitatione
1248 3690 1375 3745 sanctitas
1402 3706 1451 3746 eos
1480 3699 1581 3757 vestra,
1606 3691 1725 3748 servatis
1739 3691 1779 3746 eis

119 3778 205 3836 Audis
220 3776 348 3849 quoniam
362 3776 400 3831 ihi
414 3776 455 3832 fas
469 3776 602 3848 nefasque
620 3778 803 3848 perscriptum
817 3786 868 3847 est,
884 3777 922 3832 ibi
971 3776 1089 3848 propriis
1103 3777 1256 3845 ordinibus,
1282 3777 1310 3833 in
1334 3794 1384 3833 suo
1399 3787 1472 3835 coetu
1487 3779 1610 3851 recipiat.
1630 3801 1642 3830 »
1659 3781 1696 3836 Et
1716 3780 1778 3835 hinc

117 3867 284 3938 prohibitum
312 3866 348 3921 ad
375 3865 449 3938 quod
477 3865 567 3920 nullus
595 3865 692 3920 audeat
721 3867 860 3936 aspirare,
884 3866 922 3921 ibi
972 3874 1082 3921 sanetus
1097 3865 1223 3921 Gelasius
1246 3866 1404 3938 inepistola
1427 3868 1462 3923 ad
1478 3868 1623 3939 episcopos
1643 3884 1696 3941 per
1710 3870 1778 3924 Dar-

118 3970 280 4012 ccncessum
294 3954 359 4026 qnid
384 3954 484 4010 debeat
512 3969 590 4008 ruens
613 3954 671 4009 Deo
694 3953 827 4026 placitura
847 3971 921 4026 prae·
971 3954 1079 4009 daniam
1095 3955 1254 4011 constitutos
1269 3956 1363 4028 (epist.
1382 3960 1425 4024 ll,
1439 3955 1636 4028 subinitium):
1657 3979 1669 4008 ι
1689 3955 1778 4014 Conti-

119 4060 239 4110 sumere,
254 4051 280 4098 et
295 4042 393 4100 studes
405 4042 647 4114 tergiversationes
657 4043 801 4114 exquirere
815 4051 844 4098 ut
854 4044 920 4098 nulli
971 4043 1070 4110 dimus,
1086 4043 1182 4115 inquit,
1199 4044 1272 4115 quod
1288 4044 1378 4100 nullus
1389 4046 1447 4115 jam
1458 4045 1593 4101 veraciter
1608 4046 1777 4102 Christianus

116 4133 208 4205 possis
235 4132 368 4199 subesse,
390 4131 436 4204 qui
461 4145 515 4186 non
544 4140 623 4203 petes
647 4133 751 4188 cunctis
779 4133 922 4203 praeesse?
971 4131 1085 4203 ignoret,
1111 4132 1325 4204 uniuscuiusque
1350 4133 1447 4205 synodi
1475 4134 1674 4205 constitutum,
1704 4135 1776 4208 quod

117 4220 189 4279 dudi
202 4220 286 4276 etiam
302 4219 366 4292 quid
390 4221 424 4276 de
445 4220 487 4275 his
510 4235 652 4276 sacrorum
676 4220 853 4278 conciliorum
873 4237 921 4277 cn-
971 4220 1132 4276 unlversalis
1146 4221 1279 4277 Ecclesiae
1294 4221 1419 4293 probavit
1432 4238 1573 4290 assensus,
1594 4224 1702 4280 nullom
1716 4240 1776 4279 ma-

116 4310 234 4367 nonibus
248 4326 312 4365 oum
336 4309 397 4364 aliis
419 4309 578 4365 orthodoxis
593 4310 676 4365 etiarn
690 4311 720 4366 B.
741 4310 919 4383 Augustinus,
972 4309 1014 4382 gis
1030 4311 1143 4380 exsequi
1159 4310 1253 4366 sedern
1276 4327 1334 4382 prae
1350 4311 1457 4367 caeteris
1472 4319 1601 4383 oportere
1622 4328 1708 4384 quam
1722 4312 1780 4385 pri-

116 4400 159 4456 vir
172 4400 201 4455 in
216 4398 291 4455 omni
306 4398 440 4455 catholica
461 4398 573 4454 scientia
597 4407 623 4455 et
645 4398 770 4455 doctrina
788 4399 914 4470 opinatis
931 4397 1054 4467 Dmam,
1071 4415 1131 4470 quae
1147 4415 1367 4471 unamquamque
1382 4400 1530 4470 synodum,
1547 4408 1574 4455 et
1588 4416 1638 4456 sua
1654 4402 1776 4458 auctori·

116 4490 212 4559 simus,
229 4491 264 4547 ad
278 4488 436 4545 ianuarium
459 4488 582 4544 scribens
598 4488 696 4543 sentiat
717 4489 811 4560 (epist.
830 4489 892 4559 Ι118)
909 4505 916 4542 :
971 4494 1024 4542 tate
1035 4487 1187 4553 confirmat,
1205 4495 1230 4542 et
1241 4488 1370 4544 continua
1384 4488 1572 4544 moderatione
1587 4489 1718 4557 custodit,
1728 4505 1774 4561 pro

119 4600 130 4631 r
147 4580 205 4647 llla,
222 4579 359 4652 inquiens,
376 4593 437 4649 quae
452 4593 507 4632 non
523 4576 632 4648 scripta,
650 4577 699 4632 sed
712 4576 810 4632 tradita
825 4584 920 4633 custo·
971 4590 1020 4631 suo
1037 4575 1141 4632 scilieet
1155 4576 1317 4648 principatu,
1330 4594 1412 4648 quem
1422 4578 1624 4633 beatusPetrus
1634 4579 1776 4650 apostolus

117 4669 217 4737 dimus,
233 4685 296 4740 quae
309 4667 419 4740 quidem
429 4666 459 4721 in
468 4674 668 4723 tototerrarum
684 4666 751 4721 orbe
766 4674 918 4733 servantur,
971 4665 1079 4720 Domini
1093 4680 1159 4721 voce
1172 4674 1341 4736 perceptum,
1353 4666 1476 4723 Ecclesia
1487 4665 1666 4724 nihilominus
1682 4668 1776 4724 subse·

117 4757 195 4812 datur
213 4756 327 4828 intelligi
350 4756 393 4814 vel
418 4756 452 4810 ab
474 4755 541 4826 ipsis
560 4755 700 4826 apostolis,
724 4754 768 4810 vel
789 4755 920 4825 plenariis
971 4762 1079 4825 quente,
1096 4761 1123 4810 et
1137 4754 1222 4810 tenuit
1236 4771 1345 4827 semper
1359 4764 1385 4812 et
1405 4755 1513 4812 retinet.
1533 4777 1544 4806 a

118 4836 251 4914 conciliis,¹
267 4862 382 4917 quorum
397 4854 439 4900 est
451 4845 480 4899 in
494 4844 618 4900 Ecclesia
634 4843 811 4898 saluberrima
824 4851 919 4900 aucto·
1279 4881 1392 4937 CAPUT
1412 4881 1460 4936 XL

118 4934 194 5033 Ῥω
224 4935 414 5031 mmmm
438 4942 518 5007 atque
547 4939 646 4990 Statum
673 4932 791 5031 mines}
823 4932 920 4988 om
972 4978 1147 5046 Qoodlntias
1164 4980 1302 5036 decurris
1322 4979 1467 5036 ordinibus
1483 4982 1773 5039 eteononumdisct'·

117 5031 207 5095 “aque
230 5021 301 5088 ‘⁸1¹³'
327 5040 387 5094 ‘³⁰ae
416 5040 505 5096 ⁰⁰q¹¹⁰
533 5029 688 5079 sanctarum
718 5022 920 5092 &musarum
1004 5051 1093 5122 ptine
1117 5067 1154 5106 eat
1176 5053 1396 5110 orthodoxorum
1415 5053 1504 5108 vorbis
1528 5056 1556 5107 et
1582 5054 1714 5109 sensibus
1736 5053 1773 5108 sit

118 5111 326 5169 auctoritatibus
348 5112 531 5180 continentur,
554 5130 604 5169 neo
627 5111 749 5168 conciliis
778 5111 920 5182 episcopo·
1003 5123 1164 5178 dicendum,

118 5218 178 5258 rum
193 5208 294 5258 statuta
309 5200 494 5267 inveniuntur,
510 5217 561 5257 nec
576 5199 774 5258 consuetudine
784 5200 920 5256 universae
1005 5219 1069 5274 yyaec
1080 5219 1191 5289 quidem
1200 5218 1324 5275 sufficere
1335 5235 1417 5290 posse
1426 5218 1507 5275 credo
1515 5234 1571 5274 110„
1581 5219 1638 5274 aya
1647 5219 1772 5292 sapienti,

118 5291 249 5347 Ecclesiae
270 5292 397 5348 roborata
420 5297 491 5355 sunt,
517 5291 565 5345 sed
598 5291 771 5347 diversorum
798 5289 920 5346 focorum
970 5308 1018 5362 sed
1047 5308 1195 5363 humilibus
1218 5308 1406 5364 consentienti,
1431 5308 1531 5364 pesum
1560 5308 1625 5380 quia
1650 5310 1702 5365 ista
1727 5308 1775 5364 ghi

117 5378 232 5434 diversis
256 5381 378 5436 moribus
401 5379 637 5435 innumerabiliter
660 5381 819 5448 variantur,
840 5380 877 5434 ita
891 5384 920 5433 ut
970 5412 1025 5452 „011
1046 5398 1130 5453 crepo
1158 5397 1259 5453 debere
1282 5396 1414 5463 sufficere,
1434 5413 1489 5453 110„
1508 5397 1601 5454 dicam
1628 5398 1775 5471 perfectius

118 5465 163 5522 vix
176 5475 221 5523 aut
242 5469 353 5527 omnino
376 5485 516 5544 nunquam
539 5469 655 5526 inveniri
679 5470 785 5542 possint
807 5484 918 5538 causae,
970 5486 1028 5543 sive
1049 5487 1167 5559 plenius,
1190 5486 1263 5559 quja,
1287 5494 1315 5543 ῃ)
1331 5488 1390 5556 jam
1408 5486 1491 5558 longe
1510 5494 1574 5544 ame
1592 5503 1646 5544 nos
1674 5487 1776 5560 ,fimum
