3794 6104
180 179 245 239 tuti

724 167 895 228 etaetatis
917 165 1110 226 nonachus
1138 168 1368 228 subsanuari.

1776 175 1842 231 libi

178 308 209 359 ut
223 300 392 371 conjicimus,
408 299 539 357 Baidulus
553 297 733 370 propinquus,
754 296 783 351 S.
808 294 900 351 Savini
915 290 1020 353 bisi-A
1034 301 1129 352 ctenus
1144 294 1224 362 hujus
1251 293 1368 351 coenobii
1397 292 1532 350 indicibus
1555 293 1709 362 exsulavit,
1742 295 1840 369 quique

181 370 262 429 licam
277 381 465 430 construxerat
478 387 510 427 ac
526 371 676 425 dotaverat.

1034 373 1095 436 post
1110 365 1253 421 liudonem
1274 365 1411 421 Benedicti
1438 365 1604 421 anianensis
1628 364 1802 436 discipulum
1814 376 1837 425 et

217 444 304 500 Porro
318 445 377 501 haec
391 446 457 499 Acta
468 441 575 499 conseri
596 440 630 494 sit
651 438 792 494 Aimoinus
815 439 850 493 ad
864 436 975 508 petitio·
1032 451 1222 493 successorem
1235 436 1413 494 collumndus
1428 436 1544 498 videtur.

182 529 246 571 nem
260 514 389 572 llucberti
405 513 511 569 abbatis
526 513 554 568 S.
571 458 673 577 gavini,
690 510 737 582 qui
763 525 779 565 a
799 508 916 580 vulgatis
932 509 981 562 ba-

1242 660 1786 680 ffl—'U
1799 666 1817 681 .

747 804 923 875 llllliOlNl
965 802 1217 874 PRAElih'l'lO.

219 1049 323 1104 l.Vere
333 1045 501 1105 crediderim
512 1045 565 1101 boc
576 1052 631 1100 tam
644 1059 757 1116 parvum
765 1057 848 1115 quarn
856 1057 987 1116 magnum

180 1138 261 1208 hujus
286 1135 425 1209 sequentis
454 1134 545 1205 operis
575 1140 775 1188 sacramentum
805 1130 871 1186 mibi
896 1131 988 1186 divina

182 1225 325 1298 sanctique
339 1223 432 1280 Savini
451 1221 580 1295 praecipui
603 1221 680 1277 testis
696 1219 794 1276 Christi
807 1219 986 1276 miseratione

182 1315 312 1372 donatum
328 1332 335 1368 z
350 1328 465 1384 parvum
489 1310 551 1367 dico
572 1309 721 1382 quantitate
746 1307 902 1377 voluminis,
926 1324 983 1362 ma-

111 1469 116 1475 ,
182 1419 268 1476 gnum
281 1417 345 1458 vero
368 1399 522 1457 reverentia
535 1397 672 1470 martyris.
689 1398 759 1452 Nam
773 1404 799 1452 et
815 1397 879 1452 talia
894 1412 929 1451 ne
943 1395 986 1452 le·

183 1492 305 1566 gentium
336 1489 544 1560 auditorumque
584 1486 709 1542 sensibus
731 1484 893 1540 fastidienda
923 1485 984 1552 sint,

183 1579 279 1651 paucis
300 1585 409 1649 oportet
429 1576 573 1631 innotesci.
594 1576 628 1629 Et
651 1574 762 1639 utinam,
789 1573 851 1629 licet
866 1573 987 1628 immeri-

182 1674 227 1727 tus
241 1652 394 1740 presbytei,
411 1666 434 1720 is
454 1665 515 1721 talis
535 1664 668 1728 inveniar,
685 1664 731 1739 qui
755 1671 781 1721 et
796 1669 891 1719 sancto
906 1662 985 1719 dele·

1037 1061 1105 1114 ram,
1122 1045 1262 1118 ipsiusque
1283 1046 1471 1117 amplexanda
1491 1049 1718 1123 congregationi,
1740 1065 1836 1105 memo

1037 1134 1123 1190 rande
1138 1135 1263 1190 videlicet
1277 1135 1335 1203 ejus
1349 1136 1467 1192 coenobii
1481 1137 1622 1194 Hucberto
1637 1138 1744 1204 abbati,
1760 1147 1787 1194 et
1796 1139 1836 1194 sub

1037 1237 1070 1279 eo
1085 1222 1129 1294 pie
1144 1222 1267 1279 colendis
1288 1224 1420 1291 barabas,
1443 1224 1546 1297 aliquid
1568 1242 1634 1281 eum
1650 1227 1756 1282 honore
1772 1225 1836 1282 iutu-

1036 1326 1096 1365 mm
1124 1311 1285 1382 relinquam,
1313 1320 1396 1383 utque
1420 1312 1454 1367 ad
1478 1313 1566 1369 sancti
1585 1314 1720 1385 martyris
1741 1315 1837 1370 lauden

1037 1407 1211 1463 vestramque
1229 1400 1425 1468 jucunditatem
1447 1399 1506 1457 heri
1520 1401 1619 1472 possit,
1635 1401 1722 1471 illius,
1738 1402 1836 1458 domni-

1037 1504 1090 1559 que
1105 1488 1159 1542 mei
1174 1488 1303 1543 Germani
1328 1489 1480 1553 sanctitate,
1507 1497 1719 1562 vestrarumque
1741 1493 1836 1547 oratio-

1036 1591 1101 1629 num
1117 1576 1259 1642 solamine,
1276 1577 1325 1631 Dei
1345 1577 1485 1648 sanctique
1507 1577 1601 1634 Savini
1616 1578 1701 1634 amici
1719 1595 1762 1634 me
1776 1596 1832 1658 sup

1035 1663 1097 1735 plex
1112 1663 1228 1735 imploro
1235 1665 1334 1734 juvari.

877 1819 1128 1837 m

752 1932 922 2003 lNClPlT
962 1932 1263 2008 sebastiam.

216 2130 243 2185 2.
255 2126 297 2181 Ea
312 2139 376 2182 sene
392 2130 553 2196 tempestate
562 2137 615 2196 qua
624 2121 823 2178 Wandalorum
833 2120 983 2192 populatio,
996 2125 1023 2185 Β
1039 2123 1083 2195 qui
1099 2133 1241 2192 noverant,
1267 2126 1452 2197 ignorabatur.
1467 2129 1529 2183 Non
1544 2135 1638 2183 tamen
1661 2128 1788 2192 deerant,
1803 2126 1840 2196 qui

181 2223 212 2273 ut
226 2232 313 2288 usque
327 2230 399 2270 nunc
413 2230 447 2269 ex
462 2213 619 2284 antiquitate
636 2210 758 2279 refertur,
775 2210 802 2265 in
818 2209 922 2266 vicinas
936 2227 987 2265 er-

182 2312 311 2376 terasque
333 2304 415 2376 longe
442 2302 550 2372 lateque
565 2300 694 2356 saeviebat
718 2298 852 2362 nationes,
870 2299 989 2354 ecclesia

183 2410 245 2467 quae
259 2393 378 2463 desuper
394 2407 494 2463 corpus
505 2397 562 2445 erat
586 2388 735 2444 beatissimi
750 2387 876 2458 martyris
891 2387 990 2443 Christi

184 2481 287 2548 Savini,
303 2481 400 2545 diruta,
416 2479 529 2551 ipseque
544 2478 621 2533 locus
643 2477 681 2531 ite
704 2475 867 2531 desolationi
883 2476 990 2530 habita·

183 2577 273 2626 torum
289 2568 412 2625 absentia
428 2567 540 2622 traditus
564 2575 614 2632 est,
636 2573 664 2620 ut
684 2564 768 2620 eremi
792 2565 915 2620 vastitate
939 2564 991 2618 ob-

183 2659 261 2730 situs,
277 2675 326 2730 per
339 2657 454 2713 multum
469 2654 652 2710 inhabitabilis
665 2654 838 2709 desereretur
855 2668 989 2708 annorum

184 2762 304 2804 cursum.
327 2745 406 2816 Quod
427 2752 453 2800 et
463 2745 485 2799 si
503 2743 683 2816 aliqui,pauci
693 2743 831 2809 duntaxat,
840 2741 992 2798 restiterant

184 2836 266 2893 vieini
278 2835 384 2900 incola,
401 2843 428 2888 et
454 2849 567 2906 quorum
584 2848 679 2886 manus
690 2831 723 2885 ad
740 2832 791 2886 hoc
805 2830 989 2901 reparandum

186 2924 298 2980 minime
313 2922 476 2978 sufficerent.
488 2922 606 2991 Tempus
617 2936 735 2990 namque
750 2918 891 2989 profusum
906 2925 992 2973 trans-

1046 2213 1231 2269 avidentibus
1255 2215 1375 2286 priorem
1398 2218 1521 2286 ejusdem
1542 2216 1668 2272 basilicae
1691 2223 1802 2278 statum,
1815 2229 1844 2269 et

1046 2319 1106 2374 quae
1121 2312 1185 2359 tunc
1209 2304 1285 2374 quasi
1307 2321 1377 2360 nova
1397 2306 1569 2374 dicebantur,
1586 2321 1617 2361 se
1631 2312 1716 2362 antea
1729 2303 1843 2362 crebrius

1045 2391 1152 2446 audisse
1163 2391 1314 2447 certissime
1330 2392 1487 2449 faterentur.

1081 2483 1106 2534 5.
1131 2481 1238 2535 interea
1262 2480 1373 2553 qnidam
1395 2482 1548 2554 presbyter,
1570 2482 1686 2538 nomine
1701 2497 1736 2538 ac
1756 2481 1844 2536 merito

1045 2567 1165 2633 Bonitus,
1182 2569 1224 2623 his
1240 2570 1379 2643 diligentia
1395 2571 1514 2639 attentis,
1530 2571 1628 2626 institit
1642 2570 1740 2627 divino
1756 2569 1846 2626 saucti-

1045 2672 1099 2727 que
1113 2657 1238 2729 martyris
1262 2674 1356 2729 amore
1377 2660 1535 2725 conductus,
1562 2659 1713 2715 ecclesiam
1735 2656 1846 2730 martyrii

1045 2753 1245 2812 reconstruere,
1277 2747 1421 2820 locumque
1437 2757 1465 2802 ut
1480 2757 1521 2803 est
1534 2748 1618 2803 bodie
1632 2747 1794 2803 habitationi
1806 2762 1845 2801 re·

1045 2840 1159 2888 struere.
1177 2833 1256 2903 Quod
1270 2843 1359 2890 autern
1375 2836 1444 2891 inter
1457 2844 1559 2892 catera
1572 2853 1659 2891 unum
1681 2835 1785 2892 ibidem
1798 2835 1846 2889 mi-

1044 2921 1195 2976 raculuma
1220 2923 1342 2978 Bonirnio
1364 2924 1506 2979 sacerdote
1527 2924 1615 2995 ipsius
1636 2923 1729 2979 Boniti
1752 2931 1845 2994 nepote

183 3011 225 3074 iit.
249 3012 298 3067 sed
320 3026 374 3066 non
397 3008 529 3063 memoria
551 3007 636 3062 oblita
657 3016 697 3062 est
714 3006 766 3063 loci
782 3025 789 3060 :
806 3007 850 3076 qni
866 3006 928 3060 licet
942 3006 986 3059 in·
1046 3010 1234 3080 comperimus,
1252 3010 1389 3067 sufficiens
1404 3012 1438 3067 ad
1450 3013 1475 3067 id
1483 3013 1557 3085 quod
1571 3013 1663 3086 agitur
1672 3013 1845 3084 interponere

184 3101 284 3167 cultus,
301 3099 452 3170 priscorum
462 3106 552 3152 tamen
567 3096 726 3151 volvebatur
736 3110 846 3165 perora
857 3102 991 3164 sacratus,
1041 3098 1233 3167 iudicavimus.
1250 3100 1345 3154 Aiebat
1369 3101 1440 3156 enirn
1462 3101 1531 3155 inter
1551 3102 1610 3157 haec
1625 3118 1688 3173 quae
1703 3102 1740 3156 ab
1755 3101 1843 3156 eodem

186 3188 312 3261 beatique
327 3187 420 3243 Savini
434 3185 543 3257 corpori
552 3184 733 3239 scientissime
742 3184 891 3239 dedicatus.
909 3182 990 3236 Cum·
1045 3202 1094 3241 suo
1118 3188 1251 3243 avunculo
1272 3189 1367 3244 referri
1391 3189 1425 3243 de
1449 3196 1544 3246 sancto
1568 3190 1671 3260 saepius
1696 3190 1842 3249 asserebat,

184 3294 238 3351 que
248 3276 382 3349 longioris
396 3274 447 3330 mvi
462 3274 572 3329 delluxo
584 3273 641 3342 jam
656 3272 754 3342 spatio,
772 3271 951 3341 Omnipotens
965 3281 992 3329 et
1044 3275 1120 3347 quasi
1135 3276 1217 3331 modo
1230 3276 1302 3332 idern
1324 3277 1434 3332 Bonitus
1450 3293 1549 3349 equum
1565 3277 1618 3331 sibi
1635 3279 1778 3350 quondam
1792 3276 1845 3331 iur-

185 3366 274 3422 locnm
295 3363 452 3427 restaurari,
468 3370 493 3417 et
510 3370 631 3416 sanctum
647 3359 817 3414 manifestius
833 3359 917 3415 recoli
932 3359 992 3413 dis·
1044 3363 1091 3417 tim
1113 3365 1279 3420 subtractum
1301 3365 1516 3436 interpellatione
1542 3366 1637 3421 domni
1662 3366 1758 3422 Savini
1772 3382 1845 3421 recu·

183 3454 329 3527 posuisset,
346 3451 483 3524 quomodo
499 3449 628 3506 acciderit
644 3456 751 3520 gratum
766 3448 794 3502 in
804 3447 879 3504 brevi
898 3447 1026 3544 dicerec
1043 3468 1140 3523 perere
1155 3454 1295 3508 meruerit.
1310 3455 1390 3525 Eique
1405 3454 1540 3526 siquidem
1556 3455 1674 3524 perdito,
1693 3455 1759 3527 quid
1775 3454 1845 3509 iace-

183 3541 243 3599 luit.
1040 3550 1090 3607 ret,
1107 3541 1215 3597 irenam
1234 3558 1343 3598 necnon
1366 3550 1393 3597 et
1416 3543 1512 3598 sellam
1539 3542 1655 3613 accepit,
1685 3551 1768 3615 atque
1790 3550 1846 3597 ante

220 3636 245 3687 3.
262 3631 328 3687 Cum
342 3630 424 3702 igitur
439 3629 576 3701 quoddam
593 3643 677 3697 pecus
686 3625 829 3695 cujusdam
839 3625 930 3681 coloni
940 3625 988 3680 ho·
1038 3631 1125 3687 sancti
1141 3630 1273 3685 tumulum
1285 3630 1325 3686 sic
1335 3629 1512 3701 increpitans,
1523 3631 1842 3703 moerensqueprojecit:

184 3720 265 3776 minis
289 3719 435 3792 aliquando
462 3719 600 3773 eberusset
616 3732 631 3770 a
647 3731 743 3788 grege,
758 3714 813 3780 ille,
839 3713 948 3768 animali
964 3713 990 3766 in
1039 3713 1086 3783 Tr,
1111 3719 1207 3790 inquit,
1229 3727 1322 3773 sarcre
1343 3728 1457 3790 martyr,
1490 3719 1573 3775 cubui
1603 3735 1652 3774 seu
1678 3719 1844 3785 venerationi

184 3808 359 3881 pascualibus
374 3822 428 3862 non
443 3807 563 3870 invente,
586 3804 730 3859 remotiora
746 3803 884 3867 silvarum,
901 3802 991 3873 depe·
1040 3807 1157 3864 ecelesia
1172 3807 1220 3861 ribi
1234 3807 1345 3872 reiecta,
1361 3824 1412 3878 pro
1436 3823 1520 3878 parvo
1536 3806 1641 3878 possim
1656 3816 1684 3862 et
1702 3807 1844 3863 laborando

185 3913 250 3954 core
269 3898 441 3968 desperatus,
457 3911 589 3967 agressus
604 3901 644 3947 est
659 3893 730 3960 loca,
757 3900 920 3962 repertoque
939 3906 990 3944 ex·
1040 3896 1192 3963 restituere,
1218 3903 1254 3963 tu,
1277 3896 1446 3967 prohnefas,
1463 3895 1842 3967 equummihituismeritis,

182 3994 223 4041 tra
246 3985 355 4056 pecoris
379 3983 504 4054 vestigio,
532 3982 613 4052 coepit
640 3980 718 4052 sequi
741 3981 828 4035 donec
850 3979 990 4049 spinarum
1040 3993 1205 4055 utpoteras‚
1221 4000 1276 4039 non
1300 3984 1453 4040 custodisti.
1478 3984 1614 4055 Equidem
1644 3984 1740 4040 servio
1763 3983 1844 4040 eccle·

186 4074 371 4143 ruborumque
399 4070 544 4141 asperitate
576 4069 684 4141 longius
715 4075 857 4123 arceretur
887 4067 921 4121 ab
946 4067 985 4120 in·
1041 4073 1121 4138 giam,
1145 4089 1209 4127 num
1233 4072 1341 4143 patior?
1365 4070 1444 4140 Quod
1464 4073 1487 4126 si
1507 4080 1610 4127 rectum
1635 4071 1757 4139 videtur,
1779 4073 1844 4127 Deus

184 4170 283 4232 coepto.
300 4160 354 4216 Sed
370 4159 442 4231 quod
458 4167 499 4213 est
513 4174 564 4229 pro
576 4156 691 4229 perditis
707 4155 871 4210 rusticorum
885 4171 990 4226 paupe·
1040 4162 1189 4227 discernat,
1207 4170 1288 4233 tuque
1303 4162 1452 4233 perpende,
1468 4160 1589 4232 mihique
1605 4177 1709 4233 equum
1724 4162 1840 4217 restitue.

184 4267 254 4318 rum,
279 4249 400 4304 laborem
416 4246 545 4323 quamvis
560 4262 672 4319 gravem
688 4243 813 4301 evincere
829 4245 988 4315 persistens,
1040 4250 1104 4305 Haec
1127 4256 1153 4304 et
1177 4249 1258 4321 plura
1283 4257 1428 4321 postquam
1449 4249 1490 4305 sic
1512 4248 1595 4304 veluti
1615 4249 1691 4319 juste
1707 4249 1844 4321 querelans

184 4339 257 4397 ierro
285 4338 408 4410 veprium
431 4337 606 4408 omniumque
622 4334 748 4405 stirpium
762 4333 815 4388 sibi
830 4332 987 4388 nocentium
1040 4338 1138 4406 intulit,
1160 4353 1287 4393 reversus
1301 4339 1334 4393 ad
1350 4338 1470 4405 domum,
1486 4346 1566 4394 nocte
1577 4338 1843 4409 superirrumherre,

184 4416 295 4486 dextera
317 4427 438 4498 laevaque
458 4424 650 4497 impedimenta
678 4423 832 4491 succidens,
849 4422 883 4477 ad
899 4422 990 4476 locum
1040 4426 1147 4498 placido
1171 4443 1201 4481 se
1225 4426 1317 4497 sopori
1340 4425 1461 4491 donavit,
1477 4425 1577 4481 deinde
1598 4426 1666 4497 galli
1679 4442 1748 4482 voce
1762 4424 1842 4481 somni

182 4519 293 4574 tandem
314 4517 354 4573 sic
375 4516 512 4571 desudans
529 4514 661 4585 prorupit,
686 4513 713 4567 in
736 4527 791 4583 quo
815 4509 991 4582 qttadrupada
1041 4526 1182 4586 torporem
1205 4513 1328 4586 linquere
1350 4514 1485 4569 monentis
1500 4513 1645 4586 evigilans,
1663 4513 1782 4570 officinm
1796 4528 1842 4568 ne·

183 4607 257 4680 quod
272 4603 520 4679 quoerebatjacenti
536 4600 993 4673 conspecto,accessiteumeom·
1041 4604 1162 4660 eturnale
1185 4610 1266 4674 atque
1290 4602 1447 4658 matutinale
1480 4610 1543 4657 ante
1574 4603 1664 4657 sancti
1695 4602 1841 4674 sepulcmm

184 4712 308 4758 movens,
325 4695 374 4750 sed
387 4710 473 4766 pecus
487 4692 543 4747 ullo
564 4692 646 4747 mode
670 4706 700 4745 se
718 4689 809 4744 levare
825 4704 879 4744 non
894 4687 989 4758 potuit.
1041 4701 1198 4750 reverenter
1222 4691 1301 4746 solito
1325 4692 1483 4762 complevit.
1512 4690 1572 4760 Quo
1597 4700 1719 4762 peraeto,
1740 4691 1841 4745 dumse

183 4779 317 4837 Obruerat
333 4779 404 4834 enirn
428 4778 534 4833 intrans
548 4777 671 4845 ejusdem
685 4775 750 4829 olim
766 4773 886 4828 basilicae
902 4781 988 4842 septa,
1041 4782 1075 4836 rb
1089 4781 1206 4837 ecclesia
1228 4780 1322 4835 domni
1346 4780 1484 4843 redderet,
1510 4795 1598 4851 equus
1621 4797 1711 4851 nuper
1734 4779 1839 4841 iuratus,

184 4868 273 4924 taliter
293 4867 383 4924 debile
403 4867 509 4935 iacens,
537 4872 671 4940 quatenus
685 4863 812 4918 omnibus
824 4869 989 4917 contractum
1004 4842 1116 4926 Dmrllo
1131 4886 1161 4925 se
1175 4876 1298 4942 regente,
1316 4885 1379 4924 mox
1395 4868 1421 4922 in
1437 4867 1506 4924 laeie
1521 4876 1623 4939 presto
1643 4867 1703 4936 luit,
1731 4867 1840 4924 domini·

130 4962 140 4971 ”
183 4956 324 5024 membris,
342 4972 393 5012 nec
407 4971 564 5028 assurgere,
581 4969 632 5009 uec
647 4953 777 5008 incedere
791 4951 901 5022 penitus
916 4949 991 5005 vale·
1039 4977 1093 5033 qur
1117 4959 1292 5032 praesepium,
1314 4966 1407 5028 utpote
1431 4964 1524 5012 notum
1549 4965 1688 5028 repetens,
1714 4957 1840 5012 stabulum

183 5056 234 5103 ret.
250 5045 371 5103 Brachiis
386 5053 476 5100 tamen
492 5044 557 5098 illud
573 5043 728 5113 impositum
744 5040 861 5112 portavit
885 5039 919 5094 ad
937 5038 989 5093 do·
1039 5063 1121 5104 rursu
1135 5047 1290 5120 ingreditur
1306 5065 1313 5101 2
1330 5046 1401 5116 quod
1418 5045 1564 5117 presbyter
1578 5061 1709 5114 cernens,
1735 5046 1839 5102 Domino

185 5152 268 5204 mum,
286 5134 381 5191 vicinis
397 5142 473 5207 gesta
489 5132 623 5203 replicans
639 5131 774 5185 universa.

219 5228 245 5281 l.
269 5223 416 5280 Crescebat
438 5222 528 5294 itaque
550 5219 705 5290 hujusmodi
727 5217 848 5273 narratio
870 5215 988 5288 perdies

185 5321 266 5386 atque
290 5314 452 5368 dilatabatur
468 5310 581 5382 prolixe.
609 5308 732 5363 llanebat
755 5307 865 5378 quidem
880 5306 915 5361 de
931 5321 995 5360 san·

186 5407 241 5469 cto,
266 5409 293 5457 et
314 5402 371 5471 ejus
395 5400 512 5457 eeclesia
526 5399 620 5456 vivens
635 5398 734 5462 adhuc,
751 5405 781 5451 ut
795 5394 993 5467 praemisimus·

1040 5144 1189 5208 sanctoque
1213 5136 1271 5204 ejus
1296 5135 1406 5206 martyri
1434 5133 1533 5189 Savino
1560 5141 1654 5206 grates
1679 5135 1837 5206 rependens,

1044 5226 1236 5281 studiosiorem
1251 5241 1281 5280 se
1296 5224 1426 5296 deinceps
1440 5223 1514 5280 circa
1526 5223 1577 5278 Del
1598 5225 1726 5297 martyris
1750 5223 1837 5280 cultum

1046 5309 1176 5366 exhibuit.

1082 5403 1107 5454 a.
1123 5399 1190 5454 Erat
1204 5397 1322 5469 denique
1345 5395 1388 5452 vir
1401 5394 1531 5467 prosapia
1546 5395 1649 5461 clarus,
1666 5396 1749 5452 rebus
1763 5392 1835 5463 incly-

188 5487 263 5551 tana
279 5508 286 5551 z
301 5491 352 5551 sed
365 5498 480 5549 catenus
504 5505 558 5567 quo
579 5487 661 5544 luerit
684 5486 712 5541 in
727 5485 798 5559 loco,
814 5483 929 5542 monum
940 5483 996 5555 jam
1046 5496 1100 5544 tus.
1117 5486 1236 5544 Baianus
1262 5486 1378 5543 clericus
1397 5484 1531 5562 panlinus
1545 5484 1621 5542 abba
1632 5485 1743 5556 liniens
1755 5495 1838 5541 mona·
