3794 6104
186 207 237 260 935

807 199 954 259 JOANNIS
980 194 1079 254 PAPAE
1105 201 1175 258 vm.

1787 210 1835 262 936

183 325 281 382 iuturae
296 326 396 399 quintae
410 326 523 382 dealmae
543 325 707 390 indictionis,
733 325 835 381 crimus
857 325 980 380 celebra·
994 321 1074 382 Ahis
1089 327 1257 396 apostolatus
1273 328 1357 382 nostri
1377 328 1472 384 litteris
1494 329 1573 384 vobis
1595 329 1737 399 jubemus,
1763 338 1834 385 etex

89 474 91 479 ‚
184 415 247 480 turi,
263 416 338 471 omni
352 415 496 470 occasione
511 414 553 468 vel
578 430 652 469 mara
673 415 832 484 postposita,
851 428 985 468 unacum

185 503 311 558 omnibus
326 502 507 575 suffraganeis
522 502 574 556 tuis
590 502 726 572 episcopis
741 503 832 556 venire
847 502 983 570 jubemus,

185 598 319 662 quatenus
334 591 369 644 ibi
385 606 477 645 coram
494 588 611 644 iraterno
625 597 651 643 et
670 589 820 644 venerabili
839 589 984 658 episcopo-

185 695 246 732 rum
261 687 341 743 eoetu,
358 694 407 747 pro
422 677 547 731 omnibus
562 677 609 731 tibi
623 677 737 746 objectis
759 678 809 731 rite
826 676 985 731 examinatis

184 781 232 820 ore
246 767 357 835 propria
367 765 459 820 valeas
473 766 641 835 respondere
654 774 680 821 et
689 773 714 820 te
724 765 861 819 innoxium
872 765 986 819 demon·

185 860 288 917 strare;
303 868 368 907 nam
383 852 405 906 si
430 852 520 923 aliqua
543 853 695 907 temeritate
720 852 850 916 tumidus,
875 853 918 907 vel
941 853 985 905 in-

183 940 345 996 obedientiis
358 941 475 994 stimulis
485 947 583 1008 motus,
595 943 665 995 haue
677 950 795 996 nostram
808 941 985 1010 apostolicam

183 1035 209 1082 et
223 1029 382 1084 canonicam
401 1029 582 1096 vocationem,
610 1045 690 1098 quam
717 1028 764 1081 tibi
788 1029 914 1098 prImitns
934 1043 985 1097 per

183 1114 335 1181 Deltonam,
352 1132 400 1170 seu
411 1124 437 1170 et
446 1116 526 1171 modo
538 1132 587 1186 per
595 1117 727 1171 Ioannem
737 1116 893 1170 Callensem
903 1131 986 1170 vene-

184 1203 284 1259 rabiles
300 1204 443 1275 episcopos
458 1204 618 1268 direximus,
630 1203 862 1273 parvipendendo,
875 1203 908 1257 ad
918 1219 985 1273 prae·

184 1286 268 1342 latam
282 1288 417 1358 synodum
432 1287 523 1342 venire
537 1288 744 1357 contempseris,
761 1288 833 1342 scias
849 1302 899 1357 pro
910 1294 984 1342 certo

186 1376 313 1446 quoniam
337 1375 410 1430 omni
434 1383 460 1429 te
485 1375 675 1431 communione
699 1375 882 1431 ecclesiastica
896 1375 985 1445 priva-

185 1462 283 1529 bimus,
312 1472 339 1518 et
360 1462 489 1534 fugiendo
519 1471 570 1518 tuae
603 1462 783 1517 damnationis
812 1462 982 1529 senteutiam,

184 1551 276 1621 utique
291 1551 404 1605 honoris
418 1549 531 1637 potieris
543 1550 687 1617 iacturam.
705 1551 772 1605 Data
799 1566 827 1604 v1
846 1550 984 1605 Kalendas

185 1639 312 1710 Augusti,
329 1638 474 1694 Indictione
490 1653 548 1691 xxv.

489 1759 680 1815 cccxxvttt.

377 1863 413 1903 ab
432 1862 560 1903 annotatt
579 1861 787 1903 IUPEIIHOIOEII.

485 1936 576 2006 (tneo
606 1937 681 2006 est.)

185 2027 301 2080 Petrum
316 2027 344 2079 et
353 2023 520 2080 Zachariam
530 2024 633 2095 legator
644 2025 680 2078 ad
691 2040 757 2079 enm
776 2023 868 2079 mittit
879 2039 982 2090 ,wacta

220 2095 378 2238 {mmm
392 2095 479 2158 maia,
491 2111 552 2167 qaae
566 2111 604 2157 se,
616 2110 646 2151 eo
661 2098 808 2165 reponare,
820 2110 982 2166 perpessam

221 2253 332 2306 Canobo
348 2250 513 2323 imperatori.

221 2338 291 2408 Quia
306 2341 479 2394 nunceadam
495 2338 621 2393 omnibus
633 2339 721 2404 vobis,
730 2339 786 2408 jam
795 2340 853 2393 Deo
864 2337 981 2403 lavante,

184 2442 235 2498 per
249 2427 409 2482 humilitatis
423 2433 523 2482 nostra
541 2424 657 2481 officium
679 2426 866 2498 regnantibus,
883 2426 984 2497 ubique

184 2514 301 2586 patimur
328 2523 354 2570 et
373 2515 537 2569 sustinemus
565 2513 689 2580 adversa,
719 2530 779 2585 qnae
801 2522 862 2567 ante
886 2522 984 2568 vestrae

184 2602 333 2674 imperialis
346 2603 441 2674 glariae
450 2600 653 2672 provectionem
661 2617 711 2656 uos
726 2602 886 2656 sustinuisse
896 2601 984 2671 quoti·

185 2690 231 2746 dia
246 2691 430 2758 recordamur,
447 2691 490 2744 bis
504 2688 672 2759 apostolatus
696 2689 780 2744 nostri
803 2689 926 2758 apicibus
940 2688 984 2743 di-

186 2777 278 2845 rectis,
294 2779 407 2850 dignum
422 2777 546 2832 duximus
562 2777 703 2845 Augustali
727 2775 865 2831 serenitati
886 2783 984 2831 vestrae

184 2881 235 2936 pro
249 2865 362 2920 utilitate
376 2881 409 2921 ac
430 2866 571 2935 multiplici
595 2864 757 2918 necessitate
780 2863 910 2918 Ecclesiae
926 2863 984 2917 uni-

186 2952 312 3017 versalis,
328 2952 372 3007 eui
392 2967 443 3013 per
464 2952 514 3006 Dei
535 2954 654 3023 gratiam
675 2952 863 3022 praesidemus,
880 2966 984 3022 sugge-

185 3055 257 3104 rere,
278 3048 358 3111 atque
382 3038 520 3111 cognitum
543 3040 705 3095 omnimodis
728 3039 832 3105 lacere,
856 3039 983 3109 quoniam

186 3128 336 3185 secundum
351 3142 494 3187 commune
509 3127 637 3198 placitum
647 3127 873 3198 atquedecretum
884 3125 985 3181 direxi-

184 3232 246 3270 mus
261 3216 380 3283 Petrum,
396 3215 531 3285 insignem
545 3216 636 3287 palatii
653 3215 748 3280 nostri,
765 3213 911 3284 superista
931 3213 983 3267 de·

184 3302 309 3360 liciosum
324 3302 505 3358 consiliarium
520 3313 649 3372 nostmm,
673 3317 898 3371 communemque
913 3301 983 3356 Iide-

185 3389 249 3460 lem,
266 3407 329 3446 cum
344 3391 472 3446 Zacharia
487 3391 637 3446 venerabili
652 3391 782 3460 episcopa
797 3397 823 3444 et
838 3388 984 3442 bibliothe-

184 3479 261 3534 cario
290 3478 362 3533 sedis
390 3485 501 3545 nostrae,
532 3494 582 3548 pro
610 3476 774 3548 recipiendis
794 3478 828 3531 de
847 3475 981 3544 omnibns,

186 3582 247 3639 quae
260 3566 392 3622 hactenus
420 3581 564 3636 perperam
593 3573 652 3620 acta
681 3565 796 3628 lucrant,
819 3562 929 3632 justitiis
957 3568 983 3616 et

186 3653 429 3722 emendationibus,
446 3668 478 3708 ae
491 3668 542 3723 pro
556 3654 637 3708 totius
653 3661 732 3708 terrae
753 3652 781 3706 S.
798 3650 872 3705 Petri
886 3649 982 3717 salute,

185 3742 350 3813 pristinaque
365 3741 551 3809 restitutione3
566 3750 697 3813 quatenus
713 3740 741 3794 in
754 3739 899 3810 praesentia
917 3737 983 3792 mis·

186 3845 279 3885 sorum
294 3837 446 3884 vestrorum
470 3845 501 3883 aa
523 3846 584 3900 quae
602 3826 940 3884 necessarioemendanda
957 3833 984 3880 et

186 3917 350 3990 corrigenda
374 3925 459 3981 erant,
482 3917 544 3985 jure
565 3917 686 3988 legitimo
714 3915 928 3987 corrigerentur,
955 3920 983 3967 ut

187 4011 243 4058 tam
257 4004 415 4080 diuturnum
430 4003 529 4058 malum
544 4003 626 4057 linem
641 4003 786 4073 acciperet.

459 4202 463 4211 ἡ
497 4125 666 4181 cccxxix.

458 4227 494 4268 ab
514 4228 707 4268 ravennam.

496 4302 587 4373 (anno
601 4303 676 4372 set.)

189 4391 365 4464 Praecipitat
379 4406 430 4446 rea
440 4391 611 4446 Ravennatis
625 4388 825 4459 archiepiscopi
834 4389 866 4442 in
882 4384 982 4457 synodo

225 4461 465 4519 excommunicati
476 4464 672 4517 communione
686 4461 833 4530 reparent:
846 4470 984 4529 qnoasqae

224 4550 290 4589 eum
303 4533 462 4590 absolutam
477 4533 664 4603 cognoverint.

225 4630 359 4686 Omnibus
373 4628 574 4684 venerabilibus
589 4625 776 4681 sacerdotibus
786 4632 812 4679 et
823 4623 984 4694 eleroatque

189 4718 325 4774 universis
335 4716 472 4786 judicibus
486 4716 640 4786 populoque
659 4712 818 4770 Ravennati.

224 4807 313 4861 Nosse
333 4805 457 4860 volumus
476 4802 632 4858 fidelitatem
661 4810 687 4856 et
708 4799 910 4855 unanimitatem
934 4813 983 4853 ve-

111 4957 118 4967 ,
190 4903 274 4950 stram
290 4893 352 4964 quia
367 4895 519 4949 Romanum
540 4890 772 4961 archiepiscopum
797 4895 917 4942 vestrum
936 4901 985 4956 pro

1036 416 1196 470 auctoritate
1213 416 1261 471 Dei
1277 425 1302 470 et
1319 418 1390 471 beati
1407 417 1478 471 Petri
1493 418 1683 488 apostolorum
1707 418 1834 488 principis

1036 508 1063 554 et
1077 510 1169 556 nostra
1186 503 1367 572 praecipimus,
1384 511 1413 557 ut
1426 519 1521 559 omnes
1544 520 1594 560 vos
1619 505 1656 559 ab
1677 505 1752 558 illius
1775 521 1831 560 eon·

1036 589 1119 644 sortia
1135 598 1159 644 et
1170 592 1357 646 communione
1367 592 1454 646 modis
1464 592 1745 662 omnibusseparetis,
1755 592 1834 648 donee

1034 693 1085 746 par
1099 686 1199 734 nostrae
1213 679 1369 748 apostolicae
1380 679 1564 735 miserationis
1572 680 1704 745 officium,
1716 680 1752 734 ab
1761 681 1833 750 hujus

1035 767 1322 822 excommunicationis
1344 768 1453 823 vinculo
1475 784 1537 824 cum
1554 769 1745 841 cognoveritis
1760 769 1834 824 absa·

1035 852 1119 907 lutum
1134 854 1260 909 existere.
1277 855 1439 927 Quicunque
1453 864 1543 911 autem
1558 857 1583 912 ei
1598 866 1663 911 ante
1671 857 1833 912 audientiam

1035 947 1062 994 et
1076 941 1273 997 absolutionem
1296 952 1417 998 nostram
1440 944 1609 1015 aliquatenus
1633 945 1833 1000 eommunimre

1035 1030 1248 1099 praesumpserit,
1278 1031 1373 1086 eodem
1404 1031 1695 1087 extrommumcationis
1725 1032 1833 1103 laqueo,

1035 1117 1183 1171 seeundum
1199 1125 1354 1173 sanctorum
1370 1119 1480 1173 Patrum
1502 1119 1713 1185 institutionem,
1731 1129 1834 1175 maneat

1034 1203 1161 1271 ieretitus,
1179 1207 1344 1276 usquedum
1364 1222 1379 1260 a
1403 1207 1482 1261 nobis
1505 1207 1588 1262 luerit
1612 1206 1832 1274 misericorditer,

1034 1292 1184 1348 absolutus.
1201 1294 1269 1347 Data
1294 1293 1397 1348 mensis
1412 1293 1539 1349 Octobris
1559 1294 1604 1350 die
1623 1303 1733 1366 quarta,
1754 1295 1834 1350 indie·

1033 1378 1106 1436 tione
1121 1381 1280 1437 duodecima
1294 1381 1412 1453 [decima
1424 1381 1537 1455 quintal

1353 1487 1509 1542 cccxxx.

1224 1589 1260 1629 ab
1280 1589 1408 1630 ctttotuat
1426 1590 1636 1631 IMPERATORE!-

1343 1663 1433 1732 (anno
1448 1667 1493 1717 set
1502 1664 1522 1734 .)

1035 1748 1241 1805 Gratulatarda
1248 1753 1309 1821 ejas
1318 1752 1493 1806 obseruantia
1503 1767 1568 1822 erpa
1579 1753 1739 1808 Romanam
1746 1753 1832 1807 Eccle-

1067 1821 1142 1874 siam
1153 1839 1162 1874 :
1175 1822 1393 1904 loetotart'pram
1409 1823 1572 1875 Ravennam
1591 1823 1690 1877 venire
1705 1823 1785 1887 aelle,
1802 1826 1832 1876 at

1068 1889 1102 1944 de
1115 1892 1248 1945 acetaria
1262 1895 1291 1946 et
1303 1892 1417 1973 imperii
1432 1894 1510 1946 stain
1524 1895 1590 2016 zani
1606 1910 1616 1946 .·
1631 1895 1716 1963 rapat
1727 1896 1760 1946 at
1769 1896 1832 1947 anta

1068 1960 1142 2014 diem
1157 1977 1239 2032 qaam
1252 1964 1445 2031 praestituerat
1461 1976 1525 2016 acce
1545 1965 1587 2015 at.

1068 2048 1110 2102 td
1124 2048 1324 2118 imperatorem.

1068 2135 1194 2206 Receptis
1209 2136 1360 2191 serenitatis
1375 2144 1473 2192 vestrae
1487 2135 1587 2190 litteris
1601 2145 1686 2208 atque
1695 2136 1830 2206 perlectis,

1031 2223 1148 2280 ac-sieut
1162 2223 1241 2278 nobis
1256 2240 1306 2293 per
1325 2225 1458 2278 Ioannem
1483 2223 1707 2279 venticinensem
1727 2224 1829 2294 episoc-

1032 2328 1096 2383 pum
1125 2311 1289 2365 verbotenus
1312 2312 1469 2376 mandastis,
1496 2310 1557 2381 quia
1581 2311 1767 2382 cognovimus
1786 2327 1830 2366 vos

1033 2400 1162 2454 honorem
1179 2405 1278 2454 sanetae
1292 2399 1421 2453 Romanae
1435 2397 1566 2453 Ecclesia
1581 2398 1681 2452 matris
1697 2406 1795 2454 vestre
1806 2408 1830 2453 ct

1034 2486 1148 2544 salutent
1159 2492 1239 2540 terrra
1253 2486 1338 2555 ipsius
1348 2494 1404 2540 toto
1423 2486 1567 2540 conamine
1591 2485 1664 2541 velle
1688 2484 1828 2555 periinere,

1034 2574 1199 2629 exsultantes
1214 2588 1306 2627 sumus
1321 2572 1410 2628 annno
1434 2572 1531 2645 gavisi.
1555 2573 1641 2628 Porro
1661 2573 1734 2627 sicut
1757 2587 1828 2627 man·

1033 2661 1120 2717 dastis
1129 2669 1157 2715 ut
1171 2660 1215 2715 die
1230 2659 1420 2730 purificationis
1435 2660 1521 2716 beatae
1542 2659 1633 2714 llariae
1657 2675 1769 2730 semper
1782 2660 1829 2716 vir·

1033 2749 1106 2822 gieis
1120 2750 1257 2803 Ravenna
1270 2748 1409 2802 venientes
1432 2747 1511 2801 simul
1533 2747 1674 2816 conjuncti
1688 2747 1828 2802 fulssemus

1034 2853 1082 2908 pro
1105 2836 1139 2890 ad
1161 2836 1399 2903 considerandum,
1422 2851 1483 2891 aum
1508 2835 1558 2890 Dei
1583 2834 1696 2900 auxilio,
1719 2843 1747 2891 et
1772 2851 1827 2905 per·

1034 2924 1170 2997 agendum
1184 2923 1336 2994 proiectum
1349 2931 1448 2978 sanctae
1471 2922 1520 2978 liei
1534 2922 1678 2991 Ecclesiae,
1695 2931 1723 2978 et
1737 2931 1825 2977 statum

998 3010 1137 3082 Cimperii
1153 3011 1256 3078 vestri;
1271 3026 1322 3067 nos
1337 3019 1427 3066 autem
1442 3012 1528 3066 athoe
1544 3010 1640 3065 libenti
1655 3010 1749 3066 anima
1763 3010 1826 3066 reci·

1032 3100 1147 3171 pientes,
1164 3099 1289 3154 volumus
1304 3107 1398 3170 quarto
1413 3098 1457 3153 die
1472 3106 1534 3153 ante
1546 3098 1605 3166 iam
1619 3097 1825 3153 dictamfestiri-

1033 3195 1115 3242 tatem
1130 3202 1179 3243 vos
1193 3187 1230 3240 ibi
1244 3186 1350 3250 adesse,
1366 3186 1429 3257 quia
1444 3194 1470 3241 et
1485 3201 1535 3240 nos
1549 3185 1586 3240 ita
1600 3185 1825 3240 desideratissime

1032 3274 1156 3345 cupImus
1171 3273 1310 3330 vobiscum
1326 3273 1406 3327 simul
1421 3272 1559 3343 conjungi,
1576 3279 1603 3327 et
1626 3281 1749 3328 vestram
1762 3273 1824 3343 peti·

1033 3362 1134 3418 tionem
1160 3362 1276 3416 libenter
1303 3361 1462 3431 adimplere,
1478 3360 1511 3425 si,
1537 3359 1656 3415 Domino
1684 3367 1822 3424 annuente,

1032 3450 1133 3504 sanitas
1148 3449 1271 3521 carparis
1287 3448 1414 3503 dlvinitus
1435 3462 1567 3504 concessa
1586 3446 1679 3502 iuarit.
1707 3447 1743 3501 Et
1766 3463 1824 3519 quo·

1032 3538 1114 3603 niam,
1134 3538 1202 3592 slcut
1216 3536 1378 3606 audivimus,
1394 3551 1443 3591 vos
1458 3535 1578 3590 laborem
1597 3543 1681 3607 atque
1695 3542 1824 3590 certamen

1032 3642 1083 3697 pro
1095 3625 1279 3681 Ecclesiarum
1295 3625 1344 3679 Dei
1359 3631 1429 3678 statu
1444 3631 1471 3678 et
1490 3622 1596 3694 imperii
1621 3623 1708 3678 vestri
1726 3621 1823 3678 ineolu-

1033 3713 1133 3777 mitate,
1158 3721 1238 3785 atque
1262 3710 1399 3768 communi
1423 3710 1639 3765 Christianorum
1668 3709 1764 3776 salute,
1785 3710 1823 3779 pio

1033 3799 1236 3870 affectucupitis
1260 3798 1402 3869 perlicere,
1427 3798 1469 3852 his
1491 3797 1664 3868 apostolatus
1686 3797 1821 3853 nostrilit·

1033 3888 1097 3944 teris
1111 3888 1288 3943 admonemus
1303 3894 1328 3942 et
1343 3887 1517 3941 exhortamur
1534 3892 1563 3940 ut
1585 3885 1676 3957 magis
1699 3900 1734 3940 aa
1746 3884 1822 3956 magis

1032 3977 1061 4032 in
1080 3977 1132 4031 lroa
1154 3983 1243 4031 vestra
1267 3973 1413 4045 imperialis
1435 3972 1587 4029 sollicitudo
1616 3970 1743 4042 proficiat
1758 3989 1765 4026 ε
1780 3972 1821 4026 bac

1034 4064 1148 4138 gloriam
1165 4071 1283 4118 vestram
1306 4061 1478 4117 obsecramus
1502 4069 1527 4116 et
1548 4059 1767 4132 magnitudinem
1787 4075 1821 4114 re

1034 4159 1116 4206 stram
1132 4159 1160 4205 ut
1174 4167 1237 4205 eum
1250 4150 1276 4203 in
1292 4150 1340 4204 bas
1354 4157 1445 4220 partes
1458 4147 1711 4217 venirecoeperitis,
1728 4147 1821 4217 Suppo-

1033 4255 1096 4295 nem
1110 4239 1260 4311 gloriosum
1280 4238 1406 4292 comitem
1421 4244 1447 4292 et
1468 4250 1641 4292 communem
1657 4233 1766 4290 fidelem
1779 4250 1820 4290 vo·

997 4328 1140 4410 Dbiseum
1156 4327 1248 4382 venire
1259 4324 1387 4395 jubeatIs.

1343 4437 1511 4493 cccxxxt.

1064 4543 1101 4583 xo
1114 4542 1291 4582 wrttaaarmv
1306 4539 1544 4581 aneatmxscormt
1559 4538 1793 4582 xomvrxrsmvsav.

1342 4615 1432 4682 (Anno
1446 4612 1520 4680 88l.)

1037 4703 1219 4761 Cotnmendat
1229 4704 1289 4772 ejus
1298 4702 1487 4772 vigilantiam,
1499 4701 1729 4772 etpresbyteram
1739 4715 1821 4773 quern·

1069 4775 1135 4829 dam
1149 4773 1437 4837 excommunicatam,
1455 4787 1532 4826 nane
1557 4773 1651 4843 ipsius
1671 4769 1820 4827 testimonia

1073 4845 1156 4914 lanpa
1182 4842 1352 4915 paenitentia
1363 4844 1524 4912 purgatam,
1534 4843 1596 4912 ejus
1613 4842 1744 4912 precibus
1757 4855 1821 4894 con·

1069 4918 1162 4968 maias
1176 4913 1301 4975 absolvit,
1325 4916 1354 4966 et
1376 4910 1544 4966 sacerdotali
1560 4912 1726 4967 ministerio
1747 4909 1821 4966 resti·

188 4981 301 5055 periurii
316 4988 392 5036 reatu
406 4978 549 5034 manifeste
569 4978 710 5048 pollutum,
727 4976 840 5046 aliisque
860 4972 985 5028 nefandis
1072 4987 1129 5039 pun
1144 4999 1279 5038 :gamm
1295 4982 1427 5037 aecimis
1443 4980 1569 5036 agnum·
1579 4982 1606 5037 εἰ
1621 4983 1783 5042 emmim-3·
1794 4980 1821 5032 gg

190 5068 349 5126 criminibus
371 5068 531 5138 impetitum,
554 5074 580 5120 et
607 5066 710 5121 ideirco
725 5063 761 5120 ad
779 5063 913 5135 synodum
934 5075 985 5131 pro
1070 5056 1244 5109 senientiam
1259 5053 1394 5108 canonice
1407 5053 1492 5121 serat.

189 5158 231 5212 sui
249 5156 410 5230 purgatione
429 5159 564 5218 vocatum,
589 5168 733 5209 occurrere
757 5157 983 5214 contemnentem,
1071 5140 1307 5197 Reverendissimo
1336 5147 1362 5194 θῑ
1390 5137 1561 5193 111111115Μο
1585 5137 1769 5193 Wlhfflsslw
1784 5150 1820 5189 11·

190 5244 264 5298 amni
277 5241 464 5300 ecclesiastiea
480 5241 670 5297 communione
684 5256 736 5294 una
750 5255 811 5295 cum
826 5246 926 5293 sancta
940 5253 985 5306 sy·
1035 5229 1207 5300 chiepiscopo
1220 5226 1422 5298 agrippinensi.

191 5330 256 5383 nodi
269 5330 379 5386 decreto
394 5330 570 5401 privavimus,
587 5344 730 5400 quousque
749 5343 825 5382 suam
840 5324 985 5395 specialem
1070 5316 1205 5373 Almitatis
1232 5323 1285 5370 tuae
1308 5313 1477 5385 pmdentiam
1506 5313 1668 5369 sacerdotali
1695 5309 1820 5384 vigilamit

192 5415 324 5472 studuerit
346 5419 423 5474 nobis
446 5417 573 5474 exhibere
596 5416 777 5489 presentiam.
802 5413 986 5483 Quamobrem
1035 5421 1086 5479 pro
1101 5404 1194 5478 gregis
1209 5403 1343 5459 Dominici
1357 5401 1410 5459 sibi
1424 5401 1563 5459 00mmi³⁸i
1587 5401 1684 5468 11111111.
1704 5409 1780 5475 tique
1793 5397 1822 5452 di
