3794 6104
1779 220 1808 252 a}
1817 236 1830 249 ι.

199 310 253 364 stt
368 251 377 345 ,ι
604 284 1271 383 111111111111111111111111111111011
1604 321 1607 325 .
1819 281 1873 331 396

176 428 179 433 ’
208 428 307 500 quibus
321 425 382 481 fieri
397 432 424 478 et
438 423 556 494 qualiter
566 419 678 488 exsequi
694 418 802 479 debeat,
819 416 867 469 sed
883 423 909 467 et
930 413 1049 472 lano-A
1064 425 1126 464 eum
1140 417 1305 479 postponere
1319 407 1346 459 in
1362 406 1453 475 aliquo
1477 402 1660 474 presumatis,
1691 409 1812 470 excepto
1840 400 1874 463 si,

207 517 323 579 centius,
339 529 371 570 ao
386 509 553 574 Bonifaeius,
580 515 660 578 atque
687 505 741 559 Leo
765 495 884 573 idipsum
912 503 1011 556 decer·
1064 497 1137 568 quod
1151 512 1206 549 non
1221 503 1356 565 optamus,
1372 501 1467 548 contra
1481 491 1608 546 eumdem
1627 487 1874 559 metropolitanum

206 611 274 659 nant
290 621 297 656 :
313 603 360 674 qui
375 600 455 654 etiam
468 607 496 652 et
509 611 559 667 pro
576 595 672 666 quibus
693 593 832 663 appellans
861 591 1013 659 constringi
1064 593 1185 640 vestrum
1199 599 1249 637 vos
1264 583 1366 637 habere
1380 581 1483 651 aliquid
1494 595 1583 635 causae
1605 578 1760 649 confingat,
1785 585 1817 631 ut
1839 576 1874 630 ob

205 683 697 756 1111111111,11111111111111111
722 680 824 751 regulis
839 679 1010 748 eloquuntur.
1064 674 1115 727 boc
1138 672 1210 725 sedis
1236 670 1393 740 apostolicae
1411 668 1542 737 judicium
1564 665 1721 737 requiratis.
1745 664 1819 720 Nam
1841 664 1873 718 iis

204 777 320 833 Attende
335 775 418 847 igitur
432 772 626 829 convenienter
642 770 714 839 quod
729 769 792 821 item
820 767 893 820 idem
917 766 1013 818 beatus
1064 761 1109 831 qui
1125 769 1218 830 petere
1234 759 1361 812 l'cstiuant
1376 758 1525 821 licentiam,
1541 756 1616 826 quod
1640 754 1729 818 scitis,
1753 769 1803 822 per
1823 768 1870 808 ca·

201 865 261 921 Leo
286 862 413 919 Anatolio
434 857 735 928 Constantinopolitano
766 856 894 924 episeopo
924 853 1012 907 extol·
1063 864 1149 902 nones
1175 848 1255 902 etiam
1280 848 1453 916 antiquorum
1475 844 1586 899 Patrum
1613 842 1786 897 institutione
1806 856 1870 912 per·

204 952 272 1008 lenti
304 967 335 1006 se
372 964 457 1021 supra
497 961 653 1003 mensuram
677 960 753 999 suam
783 943 890 1011 scripsit
918 941 1012 994 dicens
1063 937 1187 990 missum.
1208 934 1406 988 »Manifestum
1422 942 1463 987 111
1477 933 1560 999 cuim,
1583 931 1631 1001 qui
1651 945 1775 985 canones
1801 931 1869 984 banc

206 1040 304 1112 (epist.
320 1039 368 1108 bb)
384 1054 390 1091 :
409 1060 420 1084 a
438 1036 534 1090 Virum
549 1032 723 1095 catholicum,
748 1039 774 1085 et
799 1031 936 1100 praecipue
958 1029 1012 1082 Do·
1064 1024 1202 1078 licentiam
1232 1038 1249 1076 a
1274 1021 1488 1092 metropolitanis
1508 1019 1654 1090 petendam
1678 1017 1716 1072 ab
1737 1017 1870 1087 episcopis

208 1127 275 1182 mini
299 1126 479 1189 sacerdotem,
504 1123 573 1176 sicut
593 1120 668 1174 nullo
691 1134 786 1174 errore
810 1117 953 1187 implicari,
976 1117 1013 1171 ita
1065 1112 1253 1166 deerevemnt.
1272 1110 1343 1177 Quin
1359 1109 1559 1163 Antiochenam
1570 1104 1870 1176 concilium,asyaodo

206 1214 282 1272 nulla
302 1219 409 1284 oportet
430 1209 578 1280 cupiditate
607 1207 752 1276 cormmpi.
778 1206 892 1260 Dicente
913 1204 1013 1274 quippe
1065 1198 1281 1253 Chalcedonensi
1311 1197 1497 1251 favorabiliter
1524 1194 1748 1263 comprobatum.
1772 1193 1869 1249 Sedet

211 1310 309 1358 sancta
331 1299 473 1370 Scriptura
499 1315 505 1348 :
528 1298 595 1351 Post
607 1295 852 1366 concepissenit'os
873 1299 936 1348 teos
956 1309 1013 1348 aon
1065 1286 1242 1341 Sardicenses
1265 1280 1867 1352 1111111111111(111.9);«11111111·

210 1407 267 1456 eas,
281 1393 309 1444 et
322 1404 341 1443 c
355 1387 502 1442 voluntate
518 1388 568 1439 tuo
581 1387 677 1438 vetere
692 1382 789 1451 (tecti.
805 1382 899 1450 avrti),
923 1379 1014 1434 multis
1065 1375 1111 1428 bet
1125 1374 1265 1444 provincia
1281 1373 1402 1442 episcopi
1417 1372 1452 1426 ad
1468 1387 1529 1427 eum
1544 1370 1656 1425 fratrem
1676 1376 1705 1424 et
1729 1369 1867 1440 coepisco

210 1476 305 1532 mundi
319 1473 399 1543 hujus
413 1471 559 1539 illecebris,
584 1469 676 1525 multis
694 1470 857 1525 vanitatibus
879 1467 1013 1522 resisten·
1065 1479 1130 1532 pum
1156 1472 1280 1516 nostrum
1310 1476 1407 1531 preces
1435 1460 1552 1524 mittant,
1586 1459 1634 1529 qui
1662 1459 1692 1513 iu
1726 1456 1873 1528 metropoli

176 1566 179 1574 '
198 1567 277 1621 dum
291 1571 343 1629 est,
360 1569 390 1616 ut
403 1575 476 1616 verae
490 1559 663 1616 continentie
677 1557 833 1612 obtineatur
860 1556 1012 1629 integritas,
1066 1551 1201 1615 consistit,
1218 1558 1246 1603 11
1261 1549 1306 1602 ille
1321 1558 1346 1603 et
1374 1548 1519 1604 diaconum
1548 1549 1616 1616 ejus,
1644 1554 1673 1601 et
1694 1545 1884 1617 1111111111,

177 1650 190 1669 “’
210 1654 288 1722 cujus
302 1649 390 1722 prima
404 1655 447 1704 est
460 1647 538 1703 labes
552 1646 692 1718 superbia,
722 1646 828 1700 initium
856 1653 1014 1719 transgres·
1066 1654 1116 1692 nes
1140 1638 1266 1709 destinet,
1291 1637 1412 1691 tribuens
1431 1635 1668 1691 commendatitias
1688 1633 1826 1705 epistolas,
1839 1649 1874 1695 et

175 1746 182 1755 ·
212 1738 298 1797 sionis
313 1747 340 1794 et
368 1737 447 1808 origo
472 1734 586 1805 peccati.
617 1731 752 1800 Quoniam
779 1749 858 1786 mens
886 1732 1049 1816 potentiaeB
1066 1726 1179 1796 reliqua.
1206 1727 1273 1779 »De
1290 1725 1388 1791 judicio
1402 1723 1483 1778 etiam
1506 1723 1661 1794 apostolieae
1686 1723 1762 1778 sedis
1790 1737 1872 1792 expe.

212 1828 300 1897 avida,
316 1841 369 1882 nec
387 1824 504 1880 abstinet
525 1821 625 1888 vetitis,
655 1837 706 1876 uec
733 1820 835 1893 gaudet
863 1821 1010 1885 concessis,
1065 1814 1147 1868 tendo
1176 1814 1307 1867 adversus
1336 1812 1583 1882 metropolitanum,
1616 1812 1640 1865 si
1666 1811 1799 1882 episeopo
1820 1827 1864 1869 ne·

213 1907 1014 1982 duminordinatopravoqueprogressueuoreseuntculpe,
1065 1925 1143 1965 cesse
1156 1909 1247 1974 fuerit,
1265 1910 1344 1964 iidem
1360 1909 1537 1965 sardicenses
1545 1923 1667 1964 canones
1676 1909 1857 1979 decreverunt,

214 2019 276 2076 quae
290 2002 412 2058 toleratae
426 2006 489 2054 suut
503 1997 592 2054 studio
606 1997 768 2068 reparandae
782 1994 845 2051 fidei
868 2004 895 2051 et
923 2011 1014 2050 amore
1066 1999 1136 2053 sicut
1155 2005 1182 2052 et
1206 1997 1378 2053 innocentius
1397 1997 1433 2051 11
1459 1996 1601 2051 Vitricium
1621 1996 1853 2068 Rothomagensen

214 2090 378 2149 concordias.
398 2111 409 2136 a
426 2086 597 2158 Quapropter
609 2099 710 2141 revoca
724 2084 817 2141 oculos
837 2085 936 2138 mentis
964 2091 1016 2138 tuae
1066 2087 1223 2156 episcopum
1239 2093 1360 2154 patenter
1382 2085 1511 2150 ostendit,
1535 2092 1561 2138 et
1582 2084 1694 2139 Hilarus
1716 2100 1785 2155 papa
1804 2085 1850 2142 dicit

183 2183 187 2190 '
213 2196 231 2235 a
258 2178 352 2251 pravis
384 2174 635 2248 progressionibus,
667 2181 695 2228 et
717 2160 808 2228 rectos
832 2187 944 2243 gressus
973 2171 1015 2227 fac
1066 2175 1245 2245 (eptateuci
1265 2174 1407 2241 lfetropot.
1435 2171 1688 2242 611111);«11111
1711 2172 1790 2228 etiam
1809 2189 1845 2227 non
1892 2214 1897 2252 ·.

169 2278 175 2285 “
215 2267 331 2339 pedibus
345 2263 502 2319 intentionis
515 2271 569 2316 tuae
584 2269 611 2315 et
625 2261 761 2316 actionum
776 2269 894 2322 tuarum,
919 2267 948 2313 ut
970 2265 1016 2328 qui
1066 2262 1204 2332 potuimus
1235 2261 1374 2330 praeterire
1398 2259 1471 2331 quod
1492 2259 1677 2316 sollieitudine
1699 2259 1845 2333 diligentiore

212 2369 286 2411 nunc
299 2352 334 2409 de
348 2360 376 2406 te
389 2350 535 2423 gemimus,
552 2349 587 2404 de
606 2357 632 2401 te
652 2349 680 2402 in
699 2348 815 2403 Domino
838 2348 1014 2419 gaudeamus.
1066 2351 1215 2404 curandum
1230 2358 1280 2413 est,
1297 2365 1331 2404 ne
1347 2357 1446 2417 preter
1460 2347 1734 2418 metropolitanorum
1757 2363 1842 2403 111111

212 2442 247 2499 111
260 2440 370 2497 1111111
385 2438 457 2511 quod
471 2437 566 2494 beatus
581 2435 733 2506 Gregorius
754 2433 790 2490 ad
814 2435 932 2490 Felicem
956 2436 1015 2507 epi·
1066 2438 1171 2492 litteras
1197 2437 1278 2506 aliqui
1316 2437 1437 2507 episcopi
1465 2437 1500 2490 ad
1528 2436 1680 2506 quamlibet
1701 2436 1841 2507 provinciam

173 2521 181 2539 ²
214 2544 327 2601 scopum
357 2528 386 2581 in
409 2525 523 2582 Serdica
551 2523 661 2595 scripsit
683 2524 742 2593 (lib.
767 2539 804 2585 rr,
830 2524 911 2592 epist.
939 2524 982 2589 lo)
1007 2542 1013 2576 :
1066 2523 1341 2594 audeantprolieisei,
1360 2523 1839 2596 quodetiaminomnigauareodeii

215 2615 378 2686 «Qualiter,
400 2613 539 2685 inquiens,
563 2610 716 2666 obedientia
740 2610 784 2665 vcl
807 2610 842 2664 sit
864 2610 1016 2665 reverentia
1066 2611 1200 2668 clericalis
1216 2628 1264 2682 per
1287 2612 1412 2685 singulas
1433 2612 1518 2668 debet
1538 2611 1674 2669 ecclesias
1696 2611 1838 2668 esseda.»
1896 2634 1897 2639 ¹

212 2704 366 2777 prepositis
380 2700 544 2766 exhidenda,
559 2715 593 2755 ex
606 2699 660 2755 tuis
675 2714 783 2771 quoque
806 2698 935 2766 subjectis
956 2699 1015 2769 ipse
1065 2700 1100 2756 Et
1114 2708 1222 2755 sanctus
1242 2701 1295 2754 Leo
1320 2699 1355 2754 11
1376 2700 1550 2755 Theodorum
1571 2699 1783 2770 Forojulienaem
1798 2698 1839 2770 epi·
1896 2697 1897 2740 t

213 2808 269 2848 non
281 2791 408 2863 ambigis.
426 2791 456 2844 ln
470 2804 524 2860 qua
538 2803 569 2843 re
583 2787 663 2843 valde
678 2794 721 2842 est
734 2786 810 2850 utile,
832 2786 856 2840 si
883 2786 911 2841 id
942 2784 1016 2855 quod
1066 2803 1180 2858 scopum
1209 2788 1276 2842 dicit
1299 2791 1392 2856 (epist.
1418 2789 1491 2853 bill:
1517 2807 1530 2840 a
1555 2787 1751 2844 sollicitudinis
1767 2796 1809 2844 m
1824 2786 1839 2837 is
1894 2799 1897 2828 a

213 2879 366 2950 discipline
387 2877 468 2946 vigor
490 2876 613 2943 imponit,
644 2874 719 2928 nulle
741 2881 857 2944 cogente
880 2874 1015 2928 humilitas
1065 2878 1133 2932 ordo
1149 2891 1210 2930 esse
1226 2877 1368 2941 debuerat,
1386 2885 1415 2929 ut
1429 2892 1491 2931 cum
1505 2875 1716 2948 metropolitano
1729 2876 1840 2933 medeae
1894 2891 1897 2894 ⁴

212 2965 350 3021 laudanda
369 2963 531 3018 servaverit.
553 2962 680 3017 Pervenit
701 2961 737 3015 ad
757 2976 807 3015 uos
828 2961 921 3031 itaque
942 2961 1014 3031 quod
1066 2965 1139 3034 quod
1154 2965 1331 3035 quaerendum
1346 2964 1487 3019 videbatur
1501 2979 1564 3020 esse
1580 2964 1734 3035 conferres,
1748 2964 1805 3020 acsi
1820 2960 1839 3014 id
1879 2976 1882 2983 ·

212 3051 370 3108 fraternitas
391 3057 437 3104 tua
465 3048 563 3103 Joanni
584 3047 663 3103 fratri
686 3056 787 3111 nostro,
809 3049 905 3116 primae
929 3048 1014 3101 lusti·
1065 3051 1139 3122 quod
1165 3053 1310 3122 ignorabat
1344 3051 1454 3108 dilectio
1482 3061 1527 3109 tua
1555 3053 1638 3108 etiam
1667 3054 1727 3126 ipse
1750 3051 1838 3110 1111111

211 3141 301 3197 uianae
331 3138 474 3210 episeopo,
507 3136 657 3191 secundum
695 3151 801 3190 morem
839 3136 1011 3192 constitutum
1062 3140 1158 3195 instrui
1178 3156 1227 3196 vos
1242 3141 1344 3211 pariter
1358 3142 1509 3210 posceretis
1525 3159 1532 3194 ε
1548 3141 1613 3213 quia
1626 3140 1656 3196 in
1675 3141 1837 3210 causisque

210 3224 791 3300 111111111111111,111111111111111,
817 3239 868 3279 nec
888 3222 1014 3289 relationi
1063 3228 1098 3281 ad
1143 3228 1299 3300 generalem
1336 3229 1537 3285 observantiam
1574 3229 1716 3300 pertinent
1745 3227 1837 3285 omnum

175 3316 177 3321 ’
207 3317 289 3386 iuxta
302 3312 528 3373 consuetudinem
542 3311 673 3367 voluisset
690 3312 872 3368 subscribere.
895 3311 975 3381 Quod
990 3311 1013 3366 si
1063 3316 1171 3370 Domini
1194 3317 1376 3380 sacerdotum,
1399 3317 1465 3372 nibil
1489 3319 1548 3372 sine
1568 3317 1731 3388 primatibus
1759 3319 1837 3387 opctltl

211 3405 252 3460 ita
273 3410 325 3470 est,
349 3401 551 3463 contristamur,
577 3400 641 3472 quia
663 3400 796 3469 superbiae
820 3400 854 3454 11
877 3409 901 3454 11
924 3399 1012 3453 mani·
1062 3404 1161 3473 inquiri
1179 3425 1190 3453 »
1207 3405 1240 3458 Ea
1257 3406 1436 3473 symmachus
1450 3406 1484 3460 qd
1500 3405 1651 3462 cmm-jum
1666 3405 1836 3462 301,qu

170 3494 179 3502 “
210 3491 287 3548 festae
301 3490 409 3563 praebes
424 3489 563 3553 indicium,
579 3488 653 3559 quod
672 3489 802 3559 quamsit
823 3489 960 3558 praeoipue
986 3488 1015 3541 in
1063 3493 1222 3562 episcopum
1238 3494 1370 3563 lepisti)
1388 3510 1394 3546 :
1412 3515 1424 3542 v
1442 3493 1470 3549 Si
1486 3492 1610 3564 quilibet,
1636 3493 1733 3566 inquit,
1755 3492 1836 3564 aptate

215 3578 359 3637 sacerdote
373 3576 516 3647 culpabile,
533 3577 632 3631 divinae
656 3576 798 3635 clementia
821 3577 1013 3631 admonitionis
1063 3597 1114 3651 pus
1130 3581 1337 3650 metropolitano
1352 3579 1480 3651 pontifici,
1503 3582 1580 3649 juxta
1607 3596 1744 3639 amenum
1762 3576 1837 3637 diffiti-

211 3667 357 3739 eloquitur.
387 3667 535 3735 Propterea
557 3665 707 3731 hortamur,
734 3673 762 3717 ut
787 3664 885 3718 mentis
905 3673 1012 3718 tumore
1064 3669 1163 3723 tionem
1201 3678 1326 3738 vocatus,
1364 3670 1556 3740 obtemperare
1593 3670 1726 3737 noluerit,
1760 3664 1838 3727 muttit

211 3755 348 3828 deposito,
363 3752 498 3807 antedicto
514 3750 589 3806 fratri
608 3759 635 3806 et
658 3752 821 3821 coepiscopo
845 3761 937 3807 nostro
960 3752 1013 3805 hu·
1065 3757 1258 3812 succidendum
1279 3773 1318 3825 se,
1347 3757 1419 3827 quod
1443 3754 1839 3830 1111111111,1111111111·Ι

210 3843 302 3898 milam
318 3849 345 3897 te
359 3840 489 3897 exhibere
504 3846 530 3893 et
545 3853 644 3909 parere
660 3853 714 3892 non
735 3839 855 3902 desinas,
879 3848 1014 3909 quatenus
1065 3843 1225 3914 discipliuae.
1245 3867 1255 3892 r
1283 3847 1315 3898 Et
1338 3845 1439 3902 Africa
1460 3847 1610 3915 provincia
1630 3861 1749 3903 canones
1769 3843 1838 3905 dieunt

187 3926 190 3931 ’
208 3938 235 3987 11
257 3931 331 3999 Deus
359 3927 476 4000 gaudeat
496 3928 525 3980 in
548 3926 724 3981 fraternitatis
747 3935 844 3982 vestrae
859 3927 1013 3996 eoncordia,
1077 3949 1140 3986 can.
1158 3935 1257 3993 titt«
1285 3933 1317 3989 Ut
1341 3934 1485 4003 episcopus
1509 3934 1663 4005 optimate
1686 3951 1736 3991 suo
1753 3939 1838 3990 1111111

208 4025 236 4074 11
262 4015 308 4072 alii
331 4018 365 4072 de
387 4025 413 4070 te
429 4021 536 4069 sumant
550 4014 678 4068 bonitatis
693 4014 857 4085 exemplum.
886 4015 956 4069 Nam
980 4016 1014 4083 si,
1065 4020 1100 4073 11
1136 4021 1271 4089 synodum
1304 4029 1489 4090 competenter
1511 4031 1648 4078 occurrat.
1669 4022 1748 4093 Quod
1768 4022 1840 4076 sinon

176 4110 179 4119 '
211 4105 287 4178 quod
301 4119 358 4160 non
375 4102 524 4171 credimus,
546 4109 573 4156 11
587 4102 616 4156 11
630 4103 758 4172 superbia
773 4118 934 4173 permanere
949 4119 1015 4158 con·
1066 4107 1182 4177 potuerit
1219 4123 1373 4172 occurrere,
1388 4109 1441 4164 nisi
1455 4110 1590 4167 rationem
1604 4109 1787 4183 impedimenti
1808 4106 1839 4159 sui

178 4188 188 4203 “’
209 4192 312 4267 tigerit,
333 4192 485 4248 districtam
509 4191 723 4260 canonicamque
748 4191 899 4261 disciplina
920 4208 1014 4247 corre·
1067 4195 1139 4265 apud
1155 4212 1233 4248 svium
1244 4197 1385 4266 primatem
1401 4197 1561 4268 reddiderit,
1573 4199 1839 4256 ecclesiasticen·

211 4281 328 4338 ctionem
343 4279 520 4336 contumaciae
535 4286 588 4334 tuae
603 4278 671 4334 scito
694 4294 787 4334 sacros
803 4293 921 4334 canones
945 4280 1015 4334 ulci-
1067 4283 1195 4338 munione
1210 4284 1311 4340 debere
1326 4301 1388 4339 esse
1405 4293 1573 4341 contentum.
1600 4307 1611 4336 i
1639 4287 1675 4343 Et
1695 4288 1767 4358 (can.
1786 4278 1838 4347 ill:

177 4375 181 4385 '
211 4377 319 4425 scenter
342 4369 494 4439 imponere.
507 4368 579 4422 Bene
593 4382 661 4439 ergo
676 4366 754 4431 facis,
770 4367 850 4421 talem
873 4377 898 4421 te
923 4377 1017 4437 sponte
1069 4392 1080 4419 1
1119 4370 1170 4438 Qui
1198 4387 1251 4426 uon
1281 4371 1360 4428 luent
1388 4388 1505 4429 concors
1534 4373 1608 4430 circa
1632 4373 1837 4446 menopolitaaan

170 4452 184 4465 ’
212 4456 314 4512 salubri
328 4454 548 4512 consideratione
563 4455 696 4524 praebere,
714 4454 800 4525 qualis
816 4471 877 4509 esse
889 4450 1052 4510 canonicali
1067 4460 1220 4524 ecclesiam,
1260 4468 1286 4515 11
1308 4461 1381 4516 circa
1410 4462 1580 4518 sacerdotale
1609 4462 1780 4527 consortium,
1799 4451 1836 4510 sed

172 4538 178 4547 '
211 4543 376 4602 coercitione
392 4543 517 4612 exigente
531 4542 710 4612 compelleris.
727 4544 857 4598 Namnec
868 4544 914 4597 tibi
923 4544 1013 4599 denuo
1063 4536 1182 4614 inflatus,
1200 4557 1226 4601 et
1241 4549 1276 4602 ab
1291 4549 1342 4603 boo
1365 4549 1502 4605 consortio
1525 4560 1681 4621 separatus,
1702 4556 1772 4622 putat
1785 4556 1834 4616 pte
1881 4526 1887 4537 ¹

211 4640 274 4704 post
301 4631 373 4686 bano
404 4637 525 4684 nostram
548 4629 758 4684 admonitionem
787 4632 877 4685 licebit
904 4631 938 4685 11
961 4640 1013 4687 tum
1062 4636 1128 4705 prim
1142 4636 1214 4705 plebi
1229 4637 1421 4701 incubandum,
1445 4645 1471 4692 et
1500 4650 1696 4710 nonnunquam
1713 4639 1835 4696 1111111115

211 4717 356 4775 voluntatis
371 4717 514 4772 arbitrium
539 4725 633 4772 contra
655 4734 758 4772 morem
786 4720 931 4787 majoribus
961 4721 1013 4773 tuis
1064 4723 1098 4776 ad
1130 4723 1273 4779 concilium
1310 4726 1404 4781 venire
1431 4725 1575 4791 detrectat,
1609 4728 1684 4783 cirea
1709 4727 1776 4783 hunc
1794 4730 1833 4775 111

214 4804 417 4860 inobedientem
432 4805 559 4869 existere,
575 4821 626 4860 nee
649 4821 698 4859 nos
718 4815 799 4860 tantae
825 4807 1013 4877 indisciplina·
1064 4818 1167 4864 tantum
1182 4812 1322 4867 diaecesim
1338 4828 1392 4867 non
1406 4829 1468 4868 esse
1491 4814 1666 4877 servandam,
1687 4803 1833 4872 1111111111
1896 4841 1897 4846 κ

214 4891 281 4948 tioni
297 4893 513 4948 ecclesiasticam
529 4909 681 4965 cognoscas
695 4893 868 4948 dissimulare
892 4896 935 4949 vel
960 4895 1014 4951 dif-
1065 4900 1175 4968 propria
1189 4901 1316 4967 ecelesia,
1342 4918 1402 4972 que
1423 4902 1460 4955 illi
1482 4904 1552 4958 male
1573 4903 1683 4969 faverit,
1707 4891 1832 4960 omnimtdf

215 4978 287 5036 ferre
302 4979 458 5035 vindictam.
486 5003 496 5029 v
522 4982 555 5035 Et
577 4981 640 5035 item
664 4981 736 5035 idem
758 4982 785 5037 S.
811 4981 960 5053 Gregorius
982 4986 1015 5039 ad
1066 4987 1240 5042 adnitendum
1257 4998 1285 5043 ut
1300 4990 1381 5044 etiam
1401 4992 1560 5048 auctoritate
1582 4992 1692 5063 publica
1715 4988 1832 5060 rejiciatur,

213 5068 396 5135 vincentium,
413 5076 440 5122 11
454 5077 568 5124 caeteros
582 5069 726 5139 episcopos
740 5070 798 5138 (fib.
822 5085 869 5133 vrr,
887 5072 946 5125 1111.
972 5077 1017 5150 ll,
1066 5083 1147 5145 atque
1161 5076 1194 5129 ab
1209 5076 1268 5146 ipsa
1282 5078 1424 5148 principali
1443 5080 1574 5135 cathedra
1597 5088 1774 5137 removeatur,
1791 5065 1835 5124 ‚lt

180 5236 183 5241 Ι
214 5159 296 5232 epist.
328 5157 356 5228 8)
384 5157 706 5227 :«l10rtamur,inquit,
745 5158 939 5213 fratemitatem
966 5177 1015 5214 ve·
1066 5165 1141 5232 (eoa.
1171 5168 1222 5218 teo
1249 5166 1390 5237 Cortboq.)
1413 5185 1446 5220 :a
1471 5168 1498 5222 Si
1513 5175 1655 5224 accusatus
1684 5169 1720 5224 ad
1732 5164 1836 5225 11ῐὶ11111ω

214 5255 311 5312 stram,
328 5254 358 5302 ut
371 5244 395 5299 si
409 5259 573 5316 quemquam
588 5252 709 5299 vestrum
724 5261 773 5315 pro
788 5247 877 5300 causis
898 5248 1016 5317 propriis
1066 5251 1233 5306 reddendam
1262 5253 1356 5309 venire
1383 5254 1522 5325 refugerit,
1555 5263 1582 5310 11
1617 5252 1837 5313 eitcommuuictlls

214 5334 369 5408 1111111111
384 5333 492 5405 longius
512 5334 672 5404 compulerit
694 5334 833 5389 ambulare
857 5335 1014 5402 necessitas
1067 5354 1083 5395 a
1120 5341 1235 5409 primm
1273 5356 1325 5398 suo
1365 5344 1515 5409 exspirem,
1547 5351 1673 5415 gemm
1713 5360 1765 5418 qu,
1800 5344 1838 5394 „aa

178 5412 188 5437 Γ
216 5437 235 5476 a
248 5422 452 5494 metropolitano
465 5429 565 5490 vestm,
582 5423 731 5478 secundum
745 5424 873 5480 indictam
888 5426 1016 5481 asanetls
1067 5431 1262 5495 communicat.
1294 5450 1345 5488 nec
1383 5434 1410 5489 iu
1438 5449 1487 5490 sua
1514 5433 1640 5493 Ecclesia
1667 5436 1711 5492 val
1736 5421 1838 5506 11111111
1896 5471 1897 5476 ,

216 5508 341 5567 Patribus
370 5512 504 5583 regulam,
528 5519 623 5583 petere
644 5512 781 5568 licentiam
804 5514 936 5580 debeatis,
966 5532 1016 5570 nec
1068 5520 1461 5581 eommunicet.»1‹:tsanctus
1490 5523 1697 5595 1111111111
1720 5525 1755 5580 ad
1775 5521 1841 5577 beel·
1896 5575 1897 5578 ,
