3794 6104
113 99 166 166 atr
488 103 609 167 onum.
638 103 685 165 ter
706 96 816 164 urum
846 93 886 163 i'u
912 104 1027 163 causa
1049 104 1222 163 ameum
1252 105 1409 163 mooun.
1736 104 1790 163 trs

114 248 130 289 a
148 239 256 291 anam·
274 224 403 289 muas
421 231 612 306 samagam
631 231 777 296 sammua
792 229 1085 302 inhorrescerem
1101 227 1275 284 traditionum
1289 211 1460 300 asuathmr
1481 223 1646 297 maiora,
1666 231 1749 302 marn
1763 229 1791 284 aa

120 320 288 389 consultum,
299 319 343 376 vel
353 319 579 392 coepiscoporum
589 319 740 391 provinciae
748 327 851 375 uosuae
862 334 929 375 con·
978 317 1108 386 injurium
1128 315 1213 387 ipsius
1240 315 1349 372 Domini
1372 315 1523 386 prosilitur.
1551 316 1619 371 »lu
1639 314 1789 372 Gelenius:

121 408 213 464 silium
227 409 271 464 vel
287 424 463 473 consensum,
479 424 533 463 non
548 407 637 463 debeo
653 415 824 478 exspectare,
846 421 928 462 neca
982 424 992 453 ι
1016 404 1088 459 Satis
1105 404 1246 476 indignum
1262 412 1304 459 est
1319 419 1484 475 quemquam
1499 402 1544 459 vel
1559 402 1729 474 pontificum,
1746 400 1789 461 vel

120 496 224 570 regulis
238 495 399 567 praestitutis
413 494 470 550 ulla
484 505 530 550 aut
553 495 720 568 negligentia
734 502 781 549 aut
795 511 928 566 praesum-
979 492 1107 547 ordinum
1132 492 1367 563 subsequentium,
1390 493 1460 548 hanc
1483 492 1687 547 observantiam
1712 492 1790 548 ralu-

119 584 214 656 ptionc
228 584 381 648 discedere,
399 599 449 639 uec
464 584 544 639 etiam
560 584 654 639 sedem
670 582 849 654 apostolicam
865 582 929 638 inde
981 587 1055 645 tare,
1080 594 1162 650 quum
1186 580 1257 634 beati
1282 579 1355 634 Petri
1379 579 1474 635 sedem
1496 588 1523 634 ct
1545 579 1625 651 sequi
1650 580 1742 636 videat
1764 588 1790 636 et

120 672 289 744 requirendo
318 671 480 742 inquietare,
512 672 586 727 dicat
615 678 726 727 sanctus
755 670 929 726 Innocentius
981 667 1101 732 docere,
1122 667 1243 738 satisque
1273 667 1440 723 conveniens
1460 668 1508 733 sit,
1533 676 1562 721 ut
1581 675 1666 723 toturn
1692 683 1791 740 corpus

120 759 930 830 scribenssdMacedonesarchiepiscoposatqueepiscopos
982 754 1115 811 Ecclesiae
1143 755 1171 809 in
1200 757 1251 811 hac
1281 755 1389 811 sibimet
1418 756 1610 812 observatione
1630 757 1789 825 concordet,

119 847 183 904 iude
198 847 265 919 quid
275 847 373 902 sentiat
384 848 477 919 (epist.
488 848 536 915 at)
549 864 555 901 :
570 848 660 902 «Cum
668 846 823 901 tradidisset
833 845 930 916 episto
983 858 1065 914 quum
1081 842 1134 898 illic
1150 843 1244 915 vigera
1259 843 1419 914 conspiciat,
1435 844 1480 897 ubi
1497 845 1630 900 Dominus
1657 845 1791 901 Ecclesiae

120 935 172 1004 las,
186 936 253 1007 quin
263 935 360 989 Vitalis
370 935 590 1000 archidiaconus,
602 943 757 990 vestrarum
768 934 883 1005 portitor
892 933 931 986 lit·
983 931 1066 986 totius
1089 931 1180 1002 posuit
1201 931 1391 1002 principatum.
1411 953 1422 981 ι
1439 932 1473 986 Et
1497 932 1562 987 item
1586 933 1621 987 ad
1645 933 1789 989 universos
1837 987 1842 995 ,

121 1032 246 1078 terarum
256 1036 304 1077 eas
314 1021 434 1093 praecepi
449 1020 523 1078 ilhco
534 1022 672 1083 recenseri
683 1022 835 1093 :inquibus
846 1020 931 1075 multa
983 1019 1129 1090 episcopos
1141 1034 1189 1089 per
1199 1020 1365 1073 Dardaniam
1373 1019 1533 1077 constitutos
1543 1040 1552 1076 :
1564 1041 1574 1070 ι
1587 1021 1692 1087 Patres,
1702 1021 1790 1092 iuquit

121 1111 212 1182 posita
228 1126 291 1166 esse
304 1109 419 1181 pervidi,
438 1126 500 1181 qum
515 1118 654 1181 stuporem
669 1111 806 1165 mentibus
829 1108 932 1164 nostris
984 1106 1079 1177 (epist.
1098 1109 1140 1170 ll,
1156 1106 1183 1160 in
1198 1106 1338 1178 princip),
1350 1107 1446 1173 nostri,
1465 1109 1589 1164 catholici
1605 1109 1730 1165 videlicet
1740 1110 1789 1166 do·
1824 1113 1827 1117 ’

122 1199 295 1260 inducerent,
314 1197 492 1269 lacerentque
505 1213 555 1253 nus
575 1214 629 1253 nou
645 1197 782 1254 modicum
795 1197 930 1260 dubitare,
984 1195 1075 1266 ctique
1090 1193 1243 1264 pontilices,
1259 1196 1287 1249 iu
1301 1211 1464 1267 unaquaque
1475 1197 1574 1252 haerosi
1589 1197 1709 1269 quolibet
1724 1206 1789 1253 tem·

124 1295 218 1344 utrum
243 1286 322 1341 aliter
350 1294 525 1355 putaremus,
549 1301 583 1339 an
607 1286 643 1340 ita
666 1285 714 1341 illa
732 1293 824 1340 essent
844 1284 934 1355 posita
985 1297 1053 1352 pore
1069 1282 1210 1351 suscitata,
1226 1282 1358 1355 quidquid
1380 1299 1431 1354 pro
1455 1283 1519 1350 lide,
1535 1299 1587 1355 pro
1602 1284 1722 1350 veritate,
1738 1301 1789 1356 pro

122 1374 357 1446 quemadmodum
378 1373 575 1444 personabunt.
603 1372 672 1442 Quae
691 1390 753 1428 cum
769 1373 871 1444 saepius
886 1388 933 1426 re·
985 1370 1178 1425 commuuione
1198 1371 1332 1426 catholica
1350 1380 1430 1442 utque
1450 1373 1618 1442 apostolica,
1639 1373 1790 1429 secundum

123 1464 178 1534 peti
206 1461 355 1526 iecissem,
382 1461 488 1516 adverti
515 1461 572 1515 sedi
598 1461 775 1532 apostolicae,
797 1461 934 1533 adquam
986 1457 1184 1528 scripturarum
1215 1460 1367 1528 tramitem,
1392 1460 1670 1533 praedicationemque
1702 1462 1790 1531 majo·

127 1550 225 1606 relatio
247 1549 326 1622 quasi
339 1550 373 1605 ad
388 1556 470 1620 caput
488 1549 665 1604 ecclesiarum
687 1550 773 1604 missa
794 1549 970 1631 currebat,B
986 1562 1059 1610 num,
1076 1545 1147 1601 lacta
1161 1546 1246 1601 semel
1270 1547 1485 1620 congregatione
1510 1557 1669 1613 sanxerunt,
1693 1549 1791 1605 incon·

127 1637 187 1694 lieri
203 1637 342 1706 injurium,
358 1638 436 1706 cuijus
455 1637 545 1692 adbuc
564 1637 592 1691 in
617 1637 776 1710 ambiguum
799 1635 932 1692 sententia
987 1633 1094 1688 vulsum
1109 1634 1252 1690 voluerunt
1268 1634 1399 1706 deinceps
1412 1635 1573 1708 firmumque
1588 1645 1722 1706 constare,
1739 1655 1791 1695 nec

126 1726 285 1782 duceretur.
302 1724 379 1782 Unde
394 1725 429 1780 de
444 1724 606 1796 quibusjum
617 1724 718 1780 dudum
730 1725 873 1795 scripsisse
888 1740 933 1779 me
985 1721 1013 1775 in
1029 1722 1125 1776 eadem
1140 1737 1224 1777 causa
1248 1722 1338 1777 denuo
1363 1740 1423 1793 quae
1445 1722 1556 1794 praefixa
1580 1723 1686 1781 lucrant
1701 1735 1790 1782 retra-

127 1812 251 1878 memini,
266 1827 339 1868 nunc
353 1812 453 1868 iterare
468 1811 583 1868 sormam
599 1812 768 1886 argumentis
783 1812 933 1867 evidentio-
985 1809 1052 1865 ctari
1071 1809 1191 1880 qualibet
1215 1811 1317 1866 recenti
1341 1812 1555 1882 presumptione
1573 1814 1757 1884 permiserunt
1781 1831 1788 1868 ε

128 1901 206 1957 ribos
216 1900 355 1956 relationis
365 1908 462 1956 vestras
471 1901 658 1971 percunctatio
667 1901 804 1974 geminata
814 1900 934 1971 compel-
986 1897 1187 1967 sapientissime
1210 1899 1402 1969 pervidentes,
1426 1900 1555 1970 quonium
1571 1901 1593 1960 si
1608 1901 1720 1957 decreta
1744 1919 1791 1957 sa·

127 1989 166 2044 lit.
177 2011 190 2039 ι
202 1990 237 2046 Et
247 1990 282 2044 ad
293 1988 412 2045 Felicem
422 1989 580 2060 episcopum
590 1989 775 2045 Nucerianum
783 1990 876 2061 (epist.
888 1989 931 2058 3);
987 1984 1102 2040 lubniter
1116 1986 1241 2058 cuiquam
1255 1987 1351 2042 liceret
1375 1987 1484 2055 iterare,
1501 1987 1604 2043 nullum
1620 1997 1715 2046 contra
1730 1990 1790 2044 sin·

130 2077 320 2149 «stupuimus
343 2077 505 2148 prudentem
520 2077 610 2133 virum
625 2078 660 2132 de
674 2078 717 2132 his
732 2077 851 2132 voluisse
864 2092 934 2132 con·
987 2072 1067 2144 gulos
1091 2089 1214 2144 quosque
1237 2091 1352 2144 prorsus
1376 2091 1481 2131 errores
1508 2076 1606 2132 stabile
1630 2077 1791 2148 persisteret

130 2166 232 2231 tulere,
249 2181 310 2238 quae
324 2165 452 2221 omuibus
466 2173 529 2219 sunt
544 2173 619 2220 certa
632 2164 737 2220 ratione
756 2172 905 2235 compertu.
922 2188 932 2210 o
987 2160 1120 2216 Ecclesiae
1141 2162 1325 2229 coustitutum,
1341 2180 1372 2218 ac
1393 2179 1503 2234 semper
1528 2164 1634 2220 eisdem
1652 2165 1790 2221 furoribus

130 2255 164 2311 Et
178 2261 294 2310 sauctus
309 2253 433 2308 Zosimus
448 2255 542 2325 (epist.
558 2253 704 2325 lleayoloio)
721 2270 727 2308 :
747 2274 757 2303 ι
776 2253 848 2309 Sciet
863 2252 935 2324 quis·
989 2249 1117 2304 redivivis
1135 2250 1224 2305 omnis
1245 2251 1351 2324 integra
1378 2250 1500 2308 diffinitio
1529 2253 1693 2308 turbaretur.
1720 2255 1790 2309 Nam

133 2343 195 2415 quis
209 2341 262 2398 hoc
275 2340 425 2413 postposita
447 2341 558 2395 Patrurn
571 2348 598 2395 et
612 2340 768 2411 apostolicae
787 2341 860 2395 sedis
883 2357 935 2395 au·
989 2336 1012 2391 si
1028 2336 1159 2393 limitibus
1173 2339 1252 2393 etiam
1267 2337 1385 2410 praefixis
1404 2340 1556 2411 positarum
1570 2341 1655 2397 semel
1670 2341 1790 2412 synoda-

134 2429 260 2487 ctoritats
272 2429 434 2500 neglexerit,
446 2443 462 2485 a
472 2429 553 2484 uobis
566 2428 716 2485 districtius
730 2429 933 2494 vindicandum,
990 2424 1055 2478 lium
1071 2425 1239 2496 regularum,
1255 2442 1309 2481 non
1325 2435 1434 2482 cessant
1448 2428 1523 2483 elisae
1537 2436 1629 2498 pestes
1644 2430 1791 2500 resumptis

135 2518 231 2574 utloci
246 2518 288 2573 sui
303 2517 414 2572 minime
429 2517 534 2572 dubitet
548 2517 600 2572 sibi
622 2533 676 2573 non
701 2525 826 2573 constare
848 2516 934 2572 ratio·
990 2512 1184 2568 certaminibus
1216 2522 1310 2570 contra
1343 2513 1548 2570 fundamentum
1580 2531 1641 2570 sesa
1669 2516 1791 2572 veritatis

135 2622 213 2676 nem,
239 2605 264 2660 si
286 2606 339 2661 boc
362 2612 439 2676 putat
462 2613 524 2676 post
546 2612 584 2661 tot
607 2605 803 2676 prohibitiones
826 2605 937 2674 impune
989 2600 1121 2666 attollere,
1138 2600 1310 2671 etsimplicia
1324 2618 1440 2673 quaeque
1458 2603 1541 2658 corda
1555 2610 1708 2674 percutere,
1725 2603 1791 2676 quid

135 2709 218 2765 posse
237 2693 346 2748 tentari.
363 2693 540 2748 Contumelia
562 2692 634 2747 enim
657 2693 746 2748 studio
761 2690 790 2747 snt
805 2691 936 2764 quidquid
990 2686 1068 2742 lieret
1081 2687 1105 2742 si
1119 2688 1235 2743 subinde
1250 2687 1290 2743 las
1310 2700 1382 2745 esset
1406 2688 1518 2761 perfidis
1541 2691 1608 2746 inire
1632 2691 1790 2762 concilium,

135 2780 310 2837 interdictum
329 2780 410 2836 toties
425 2788 581 2851 usurpatur.
602 2803 613 2830 a
629 2781 663 2835 lit
677 2788 789 2835 sanctus
809 2779 936 2835 Caelesti·
991 2791 1052 2831 cum
1075 2776 1225 2847 quamlibet
1239 2776 1285 2831 illa
1300 2775 1445 2833 manifesta
1459 2777 1493 2832 sit
1508 2778 1619 2847 veritas,
1642 2796 1790 2852 numquam

134 2885 185 2925 uus
199 2869 274 2941 quod
284 2877 311 2923 et
320 2878 349 2923 tu
359 2869 386 2922 in
398 2868 450 2922 tuis
468 2868 682 2936 collectionibus,
697 2876 725 2922 ut
741 2869 931 2938 premisimus,
990 2862 1060 2917 desit
1074 2864 1147 2935 quod
1161 2865 1314 2934 perniciosa
1329 2866 1470 2936 depromat
1485 2866 1597 2934 salsitas,
1609 2877 1636 2923 et
1650 2869 1673 2923 si
1687 2868 1792 2924 ratione

135 2956 251 3029 posuisti
260 2959 355 3028 (epist.
366 2959 409 3022 ll,
419 2958 555 3030 episcopis
567 2957 650 3028 Apul.
662 2960 690 3011 et
703 2957 826 3023 Colchi:
841 2956 938 3011 «Nulli
951 2913 980 2989 G
991 2951 1032 3007 vel
1046 2952 1207 3008 auctoritate
1221 2944 1362 3018 deiciens,
1375 2954 1435 3009 sola
1448 2962 1539 3010 tamen
1554 2956 1726 3012 contentione
1737 2972 1792 3011 non

136 3045 308 3101 sacerdotum
322 3060 387 3099 suos
400 3044 481 3100 liceat
504 3059 624 3100 canones
638 3044 775 3115 ignorare,
791 3060 841 3099 nec
856 3044 938 3116 quid·
989 3039 1111 3094 cedens?
1127 3038 1193 3108 Qua
1208 3041 1325 3109 maiores
1339 3042 1425 3096 nostri
1439 3042 1530 3097 diuina
1545 3044 1721 3115 inspiratione
1736 3060 1792 3100 cer·
1890 3053 1893 3057 ’

137 3149 219 3205 quam
244 3131 336 3188 lacere
356 3133 431 3204 quod
455 3133 564 3187 Petrum
587 3132 674 3203 possit
693 3133 797 3205 regulis
815 3133 935 3188 obviare.
990 3136 1095 3193 nentes,
1106 3128 1261 3183 necessarie
1269 3137 1467 3199 praecaverunt,
1476 3138 1504 3184 ut
1513 3139 1608 3186 contra
1616 3147 1793 3203 unamquam-

138 3221 206 3290 Quae
219 3220 295 3276 euim
309 3236 324 3275 a
339 3221 418 3276 nobis
433 3237 477 3276 res
490 3221 573 3293 digna
595 3220 757 3285 servabitur,
775 3221 798 3275 si
813 3222 938 3276 decreta·
990 3230 1043 3286 que
1056 3216 1183 3270 haeresim
1199 3218 1271 3286 quod
1285 3224 1344 3272 acta
1359 3217 1442 3272 semel
1455 3219 1575 3289 synodus
1583 3234 1631 3289 pro
1645 3218 1708 3285 lide,
1719 3236 1793 3275 com·

136 3309 203 3364 lium
226 3324 325 3364 norma
352 3309 575 3373 constitutorum,
595 3324 645 3379 pro
664 3308 818 3379 aliquorum
846 3308 938 3373 libitu,
990 3303 1127 3368 munione,
1145 3312 1171 3358 et
1186 3304 1301 3358 veritate
1317 3304 1451 3360 catholica
1464 3313 1545 3376 atque
1559 3306 1708 3376 apostolica
1722 3324 1791 3379 pro·

136 3397 250 3454 hecuba
268 3395 377 3468 populis
395 3397 527 3468 permissa
547 3395 711 3468 frangatur?
730 3420 740 3443 r
758 3397 791 3451 Et
805 3404 867 3465 post
886 3395 939 3450 ali·
990 3391 1150 3464 mulgusset,
1166 3408 1221 3447 uon
1236 3391 1356 3447 sinerent
1370 3393 1448 3447 novis
1462 3400 1524 3463 post
1545 3394 1604 3449 baec
1619 3396 1791 3452 retractatio·

138 3493 265 3557 quanta:
284 3506 295 3534 ι
312 3484 379 3554 Qum
398 3484 470 3538 enim
491 3484 548 3539 sula
569 3483 762 3539 admonitionis
784 3483 940 3538 auctoritate
991 3478 1071 3533 nibus
1095 3479 1221 3544 mutilari,
1242 3496 1276 3535 ne
1297 3480 1387 3551 pravis
1410 3481 1518 3537 occasio
1542 3482 1708 3551 praeberetur
1731 3500 1792 3554 quae

138 3588 193 3644 pon
220 3572 395 3646 corrigimus,
425 3588 539 3628 necesse
553 3580 593 3627 est
614 3588 665 3643 per
686 3571 856 3628 severitatem
871 3586 940 3626 oon·
990 3566 1188 3623 medicinaliter
1202 3567 1302 3623 luerint
1325 3576 1426 3624 statuta
1441 3568 1568 3641 pulsandi
1584 3587 1591 3624 :
1608 3569 1656 3626 sed
1679 3578 1792 3627 auctore

139 3668 288 3735 gruentem
305 3661 408 3734 regulis
427 3660 607 3717 vindicemus.
630 3681 642 3710 a
663 3662 697 3715 Et
716 3661 770 3716 Leo
788 3661 882 3731 (epist.
910 3663 940 3724 l,
991 3654 1136 3723 cujuslibet
1150 3655 1263 3711 insanire
1277 3673 1308 3712 ac
1323 3656 1426 3727 pariter
1444 3672 1539 3712 errore
1562 3658 1700 3728 damnato,
1716 3657 1792 3713 suffi-

139 3747 300 3818 episeopis),
318 3745 390 3816 quod
407 3745 506 3800 iterare
521 3761 576 3800 non
590 3745 664 3817 piget
681 3761 687 3797 :
706 3765 717 3795 a
734 3743 831 3800 Omnia
845 3744 942 3799 decre·
991 3758 1054 3798 cere
1065 3744 1228 3811 iudicarunt,
1245 3752 1273 3800 ut
1288 3744 1404 3816 quisque
1419 3745 1567 3818 aliquando
1586 3747 1667 3816 hujus
1690 3747 1792 3804 erroris

140 3833 207 3889 talia
220 3833 374 3900 commitata,
390 3840 447 3887 tum
461 3832 548 3888 beatae
563 3832 758 3888 recordationis
781 3831 940 3897 innocentii,
991 3832 1206 3888 communicator
1219 3833 1355 3899 existeret,
1372 3834 1514 3905 principali
1529 3836 1662 3891 sententia
1677 3836 1793 3891 damna-

141 3936 223 3992 quam
241 3921 363 3976 omnium
387 3921 564 3976 decessurum
589 3928 753 3985 nostrorum,
770 3937 830 3992 quae
844 3920 879 3974 de
893 3935 941 3975 cc·
992 3919 1074 3974 tionis
1089 3921 1148 3989 ejus
1161 3928 1235 3976 esset
1250 3921 1407 3988 obstrictus,
1422 3924 1549 3995 quoniam
1574 3923 1716 3980 manifeste
1731 3925 1794 3996 qui·

142 4008 304 4065 clesiasticis
326 4008 468 4064 ordinibus
483 4015 509 4062 ct
528 4022 662 4063 canonum
685 4008 858 4079 promulgata
881 4016 944 4063 sunt
993 4007 1076 4074 libet,
1106 4009 1149 4064 vcl
1178 4008 1348 4079 professione
1385 4027 1446 4074 sua,
1481 4013 1675 4069 communione
1703 4021 1796 4084 posset

144 4095 305 4168 disciplinis,
328 4097 364 4151 ita
379 4112 394 4150 a
409 4103 500 4151 vestra
522 4094 668 4151 dilectione
690 4095 820 4151 custodiri
844 4095 944 4151 debere
992 4097 1116 4167 agnosci.
1135 4121 1146 4145 n
1164 4097 1197 4151 Et
1213 4097 1235 4150 si
1259 4098 1376 4152 volueris
1399 4100 1451 4155 hoc
1474 4108 1578 4154 tanturn
1601 4102 1636 4156 dc
1659 4101 1796 4156 suscitatis

145 4185 316 4252 mandamus,
332 4193 360 4239 ut
383 4184 407 4239 si
429 4184 490 4255 quis
514 4183 541 4238 in
565 4183 611 4238 illa
634 4183 815 4248 commiserit,
837 4184 943 4239 venium
992 4184 1143 4238 haeresibus
1159 4183 1321 4256 intelligere,
1338 4185 1441 4254 pariter
1456 4202 1564 4258 quoque
1579 4189 1653 4258 quod
1672 4188 1738 4244 dicit
1751 4188 1796 4242 in·

146 4272 194 4327 sibi
210 4272 342 4344 deinceps
356 4272 463 4329 noverit
485 4272 627 4343 denegari.
647 4294 657 4320 v
675 4273 708 4326 Et
724 4271 788 4326 item
802 4271 874 4327 idem
889 4259 982 4327 Leon
996 4271 1088 4344 tellige
1104 4289 1110 4325 :
1128 4295 1140 4318 ι
1156 4274 1289 4335 Auctore,
1305 4271 1450 4342 inquiens,
1465 4273 1609 4342 cujuslibet
1629 4273 1742 4329 insaniae
1763 4291 1796 4332 ac

147 4359 311 4416 adbeonem
325 4364 479 4434 Augustum
495 4378 502 4413 :
520 4380 531 4412 a
549 4359 616 4429 Qum
630 4359 766 4430 patefacta
784 4368 846 4414 sunt
867 4375 944 4431 quae-
994 4359 1097 4429 pariter
1117 4373 1211 4413 errore
1241 4358 1386 4420 damnato.
1417 4360 1539 4417 sufficere
1562 4361 1736 4430 judicarunt,
1767 4370 1797 4417 ut

149 4463 217 4515 rere,
234 4457 335 4520 atquae
359 4447 481 4519 perlecta
504 4457 566 4502 sunt
589 4456 744 4512 retractare,
761 4458 787 4503 et
802 4464 863 4519 quae
884 4457 946 4502 sunt
995 4446 1109 4518 quisque
1124 4446 1271 4518 aliquando
1284 4446 1364 4518 hujus
1386 4450 1489 4505 erroris
1512 4449 1726 4505 communicator
1740 4449 1797 4505 exi·

148 4535 257 4591 diffinita
270 4535 436 4604 convellere,
453 4536 518 4608 quid
534 4537 606 4591 aliud
628 4545 679 4605 est,
696 4552 777 4608 quam
791 4537 825 4590 de
840 4536 945 4606 adeptis
995 4542 1094 4600 steret,
1117 4535 1260 4606 principali
1283 4537 1415 4592 sententia
1438 4537 1617 4593 damnationis
1640 4538 1699 4607 ejus
1723 4545 1798 4594 esset

150 4624 261 4695 gratiam
280 4640 335 4681 non
354 4623 468 4690 referre,
492 4633 519 4680 et
542 4623 577 4680 ad
603 4624 752 4680 interdictae
775 4623 880 4679 arboris
903 4624 944 4679 oi·
995 4623 1152 4679 obstrictus.
1176 4648 1187 4672 o
1208 4624 1276 4694 Quae
1298 4627 1370 4681 enim
1383 4627 1470 4695 major
1483 4634 1572 4697 potest
1587 4641 1649 4681 esse
1664 4627 1793 4693 sesannia,

150 4710 211 4766 bom
233 4712 375 4783 improbos
397 4713 534 4784 appetitus
555 4711 701 4768 mortifere
724 4712 875 4783 cupiditatis
895 4728 946 4766 ex·
995 4711 1039 4767 vel
1049 4711 1109 4784 quis
1119 4713 1239 4768 deterior
1249 4729 1333 4780 error,
1346 4721 1392 4768 out
1401 4715 1514 4786 grauius
1524 4716 1796 4779 coutracathulicam

150 4799 307 4855 tenderet»
325 4801 359 4857 Et
373 4800 436 4856 item
459 4800 531 4856 idem
556 4810 664 4858 sanctus
686 4800 740 4856 Leo
762 4802 795 4854 ud
820 4800 945 4855 cumdem
995 4800 1148 4856 Ecclesiam
1163 4801 1293 4868 schisma,
1308 4817 1391 4872 quam
1406 4810 1562 4858 sanctorum
1579 4805 1755 4861 conciliorum
1770 4813 1796 4860 et

151 4886 267 4944 leonem
281 4892 432 4962 Augustum
447 4889 513 4944 dicit
522 4890 615 4961 (epist.
633 4889 678 4958 8l)
688 4905 695 4943 :
707 4910 718 4938 ι
729 4887 799 4957 Quia
814 4889 848 4944 de
863 4889 946 4944 rebus
996 4888 1239 4960 apostolicaesedis
1258 4890 1367 4944 decreta
1391 4899 1576 4960 contemnere,
1594 4902 1620 4948 et
1634 4892 1712 4966 leges
1727 4907 1797 4964 quas

152 4982 176 5031 ct
193 4977 266 5048 apud
290 4977 424 5045 Nicaeam,
446 4985 472 5032 et
490 4977 563 5048 apud
582 4976 781 5033 chalcedonem
801 4977 870 5033 sicut
889 4979 947 5033 Deo
996 4975 1092 5044 probat
1103 4973 1228 5029 Ecclesia
1242 4973 1413 5040 conculcare,
1431 4983 1457 5030 et
1472 4976 1652 5032 Christianam
1666 4977 1794 5046 pietatem

151 5063 249 5134 placuit
270 5064 401 5131 diffinitis,
421 5066 525 5120 nullum
547 5051 679 5121 audemus
701 5065 770 5120 inire
792 5073 945 5134 tractatum,
996 5062 1135 5126 abdicare,
1152 5070 1177 5116 et
1192 5061 1317 5117 innoxios
1332 5071 1428 5118 contra
1442 5081 1537 5121 omnes
1557 5065 1633 5136 leges
1647 5064 1755 5120 divinas
1769 5071 1796 5120 et

150 5159 274 5226 unquam
289 5153 373 5210 dubia
387 5152 430 5210 vel
445 5152 553 5208 infirma
567 5154 630 5217 sint,
647 5170 708 5226 quae
723 5162 798 5209 tanta
817 5171 867 5224 per
881 5171 946 5210 san·
996 5150 1127 5204 humanas
1151 5149 1239 5221 gradu
1254 5165 1286 5206 ac
1299 5153 1490 5208 communione
1513 5153 1632 5223 privare,
1657 5159 1738 5225 atquc
1763 5170 1796 5210 ex

152 5245 222 5297 otum
241 5237 371 5309 Spiritum
398 5235 455 5293 fixit
482 5238 638 5294 auctoritas.
665 5259 676 5288 ι
697 5238 732 5295 Et
750 5238 858 5294 Hilarus
876 5253 947 5312 papa
997 5236 1109 5310 proprio
1123 5236 1237 5294 crimina
1251 5238 1412 5297 innocentes
1428 5240 1455 5295 in
1470 5239 1564 5296 mortis
1585 5241 1708 5314 urgentis
1721 5243 1795 5316 peri·

151 5332 213 5390 dicit
227 5332 323 5406 (epist.
341 5337 383 5400 ll,
403 5333 537 5402 Verruci:
556 5332 650 5403 «Quia
664 5350 719 5391 uon
734 5335 823 5390 miuus
837 5335 865 5391 iu
879 5351 946 5391 sau·
997 5332 1058 5390 culo
1072 5350 1122 5406 per
1136 5333 1264 5405 baptismi
1277 5335 1390 5408 gratiam
1405 5350 1459 5391 aon
1470 5334 1616 5407 subreniri,
1632 5338 1796 5396 obeuntibus
