3794 6104
746 229 893 284 turcanis
923 230 1019 284 PAPAE
1050 231 1116 286 i'lll.

951 354 1084 413 Aunirnae
1107 365 1202 410 restrae
1227 358 1424 427 prospicimus,
1452 375 1631 415 commonere
1657 376 1791 416 curamus.

460 353 602 407 CLXXli'.

360 455 395 491 ,tn
416 453 575 496 uuuovtcutt
600 455 704 493 neuun.

441 526 531 596 (Anno
551 529 626 597 878.)

136 634 253 687 llirctur
267 631 338 702 quod
353 630 465 697 filiabus
482 634 606 697 Bosonis,
622 648 673 703 pro
690 633 788 704 quibus
802 634 875 687 olins
891 648 935 687 ro·

168 705 292 773 quaerat,
319 700 516 756 haereditatem
534 704 601 773 iure
624 702 744 757 debitum
768 719 825 758 non
847 704 933 757 resti-

170 773 272 836 tuerit;
287 772 446 842 iterumque
468 777 564 827 monet
579 776 611 827 ut
625 772 717 843 ipsam
740 771 935 827 hereditatem

168 842 308 912 integrum
324 842 364 895 eis
380 843 525 896 restituat.

166 946 308 1000 Lunovrco
333 947 393 1018 regi
417 946 538 1018 glorioso
563 947 675 1019 gloriosi
700 947 827 1018 quoniam
861 947 935 1019 regis

134 1034 262 1089 Ludorici
278 1032 343 1088 hlio.

166 1122 314 1176 tamenim
335 1122 549 1195 magnitudinem
565 1134 695 1188 uestram,
712 1122 749 1176 lili
764 1123 932 1187 charissime,

131 1208 288 1279 apostolicis
305 1210 460 1263 monuimus
486 1210 592 1275 litteris,
609 1211 748 1265 hortantes
763 1226 813 1280 pro
828 1209 934 1264 filiabus

131 1297 245 1352 Bosonis
259 1296 361 1351 dudum
376 1296 482 1352 comitis
497 1307 523 1351 et
538 1297 701 1369 ingeltrudis
720 1298 854 1368 conjugis,
871 1297 933 1368 qui-

132 1386 182 1439 hus
194 1386 256 1454 jure
271 1384 416 1439 hareditas
440 1383 542 1439 deierri
566 1386 684 1439 omnium
700 1385 792 1457 legum
815 1385 934 1439 auctori-

82 1457 88 1463 *
132 1482 185 1527 tate
198 1472 365 1536 conceditur,
380 1472 560 1542 proprietates
575 1473 689 1527 reddere
701 1472 855 1527 studeretis.
869 1472 933 1539 Sed,

104 1564 108 1572 '
133 1569 161 1614 ut
176 1560 323 1624 cernimus,
342 1558 455 1613 inauditi
480 1560 677 1624 remansimus,
695 1561 768 1631 quod
790 1561 932 1626 miramur,

134 1656 159 1701 et
176 1647 307 1701 mirantes
331 1646 465 1713 dolemus,
482 1664 542 1702 cum
558 1656 649 1702 restra
665 1647 755 1717 proles
777 1647 934 1718 apostolicis

134 1735 256 1790 censuris
271 1750 379 1804 semper
391 1734 510 1799 obediat,
523 1743 548 1789 et
562 1751 617 1806 prae
633 1735 758 1789 omnibus
773 1734 882 1807 regibus
894 1734 934 1803 ju·

135 1823 234 1879 dicium
250 1822 340 1877 iaciat.
359 1823 392 1877 Ut
407 1838 453 1876 rex
470 1822 557 1877 Dauid
573 1823 687 1879 cecinit:
705 1825 795 1878 lloner
810 1825 883 1894 repis
888 1826 934 1894 ju·

134 1913 240 1967 dicium
250 1911 345 1981 diliqit
356 1912 443 1979 (Psut.
455 1912 543 1979 xcvi).
552 1912 650 1966 Nonne
659 1910 763 1982 legistis
775 1928 782 1965 z
796 1911 933 1978 Quoniam

128 2000 217 2070 justis
231 2000 368 2054 Dominus
375 2000 523 2070 justitiam
537 2000 672 2070 diligitei
681 1999 844 2070 aequitatem
858 1999 933 2055 uidet

134 2089 229 2142 uultus
245 2089 327 2157 eius?
341 2085 428 2156 (Psoi.
440 2088 481 2156 x).
494 2087 626 2141 Caeterum
637 2087 858 2142 reclamationem
869 2086 934 2140 lilia·

134 2192 194 2229 rum
215 2178 272 2242 jam
296 2175 361 2229 dicti
382 2174 496 2229 Bosonis
519 2174 681 2241 audirimus,
696 2175 823 2245 utipsas,
847 2174 932 2244 ipsius

133 2263 283 2334 matrisque
298 2278 393 2317 aarum
408 2262 596 2332 proprietates,
609 2262 783 2335 lngeltrudis,
799 2263 868 2317 alias
882 2277 932 2317 vos

130 2350 256 2415 teneatis,
272 2349 339 2403 alias
351 2364 415 2404 roro
430 2351 526 2404 restris
540 2350 638 2420 quibus
653 2350 709 2420 ipsa
722 2359 783 2419 post
801 2350 930 2418 judicium

133 2438 184 2493 sibi
199 2436 303 2491 illatum
318 2436 376 2491 sine
391 2437 439 2491 riri
463 2452 599 2491 consensu
623 2437 739 2500 dederit,
757 2446 849 2492 tenere
863 2454 929 2508 per-

131 2525 256 2593 mittatis,
273 2523 345 2595 quod
369 2523 446 2578 netas
461 2533 518 2592 est,
535 2532 561 2579 et
576 2532 671 2579 contra
694 2525 815 2579 omnium
838 2525 929 2597 legum

129 2629 244 2685 prorsus
258 2612 453 2667 auctoritatem.
472 2611 542 2681 Quid
556 2612 627 2667 enim
644 2629 713 2667 uxor
727 2613 785 2668 sine
798 2613 849 2666 viri
864 2628 929 2669 con·

128 2718 210 2757 sensu
225 2716 308 2772 agere
323 2700 431 2771 potest?
446 2707 547 2771 quanto
561 2701 650 2772 magis
661 2717 693 2756 ex
704 2702 855 2766 machaus,
867 2718 928 2772 quae

127 2790 220 2844 divino
235 2789 336 2861 gladio,
351 2796 480 2843 censente
495 2789 596 2843 domno
611 2804 679 2859 papa
695 2788 808 2844 Nieoiao
821 2789 927 2858 praede·

127 2891 237 2931 cessore
261 2883 365 2941 nostro,
388 2875 487 2929 interiit
510 2875 651 2943 (Nicolaus
665 2878 696 2930 in
711 2878 792 2947 epist.
811 2878 853 2930 bl.
870 2878 925 2932 lle-

125 2964 190 3036 gino
203 2962 222 3017 l.
235 2978 254 3016 ιι
268 2962 409 3031 chronic.)
420 2969 446 3016 et
456 2963 575 3017 humano
587 2977 637 3032 pro
652 2970 730 3032 parte
744 2961 815 3018 lacto
830 2972 924 3033 stupro

1745 206 1812 292 etr*

986 439 1018 511 [t.
1044 442 1254 515 dissensionem]
1258 486 1312 499 .....
1337 461 1462 518 quoque,
1489 464 1550 518 quae
1576 448 1650 502 inter
1674 448 1790 504 abbonis

985 529 1106 599 episcopi
1129 539 1274 599 parentes,
1300 541 1325 587 et
1349 534 1628 607 hermannusque
1653 535 1788 591 lloclinum

986 625 1081 670 exorta
1096 626 1137 671 est
1154 617 1186 688 [s.
1203 618 1276 691 ut]...
1294 621 1377 692 regali
1387 623 1477 691 potius
1494 622 1527 694 [s.
1546 623 1614 679 adet.
1638 622 1786 696 clementis]

985 719 1066 773 quam
1089 704 1207 761 vindicta
1234 707 1401 780 corrigatur;
1427 711 1557 780 quoniam
1583 709 1692 765 malum
1712 711 1786 767 semel

982 791 1147 846 necessitate
1161 801 1294 862 patratum
1308 812 1363 849 non
1378 796 1460 851 debet
1475 798 1632 853 secundum
1646 800 1787 854 necessita·

985 878 1075 932 dinem
1091 880 1195 949 expiari
1208 881 1244 936 ad
1258 882 1396 950 delictum,
1409 885 1456 940 sed
1472 886 1685 942 misericordius
1695 887 1785 942 remitti

985 967 1150 1033 adveniam,
1167 978 1232 1041 agat
1256 980 1348 1026 vestra
1369 971 1487 1044 gloriosa
1510 973 1657 1040 nobilitas,
1674 983 1704 1028 ut
1717 975 1786 1030 dmt

985 1062 1065 1108 tantae
1081 1064 1183 1110 naturae
1198 1056 1358 1112 decentiam.
1375 1060 1442 1115 Itala
1457 1065 1490 1116 ut
1505 1077 1606 1134 supro.

1314 1180 1456 1236 ccxxvi.

985 1277 1021 1317 nn
1038 1278 1174 1320 nousnnrr
1188 1282 1314 1323 suemus
1329 1282 1571 1325 nacaraerscoeou
1586 1285 1783 1327 nnr'aansrau.

1288 1355 1379 1426 (Anno
1404 1359 1479 1427 8¹18.)

985 1442 1112 1496 Loetotur
1121 1459 1185 1497 eum
1197 1445 1388 1499 Rauennatem
1397 1446 1783 1518 arettiepiscopumeleetum,·

1016 1512 1096 1580 jubet
1110 1529 1146 1567 ne
1161 1514 1312 1638 quidquam
1326 1516 1472 1571 electionis
1486 1534 1575 1572 ceusu
1598 1520 1656 1573 ulli
1668 1522 1783 1592 proruit-

1022 1585 1064 1636 int
1075 1601 1084 1636 .·
1096 1587 1124 1637 et
1138 1586 1226 1654 episto
1240 1600 1287 1639 arn
1302 1601 1384 1641 suum
1399 1588 1492 1652 moni,
1509 1590 1538 1642 et
1553 1589 1692 1645 homenis
1705 1593 1783 1664 scrip·

949 1697 975 1757 B
1022 1655 1080 1706 tom
1098 1653 1273 1734 offerendum
1289 1661 1380 1723 curet,
1399 1673 1551 1728 eorumque
1566 1662 1782 1731 responsuram

1019 1722 1187 1846 qeediqtqut:
1202 1740 1246 1780 res
1261 1726 1380 1781 toonnis
1393 1731 1422 1780 et
1435 1727 1587 1783 deusdedit
1612 1729 1718 1785 ducum
1730 1747 1783 1787 res·

1034 1809 1043 1846 ι
1059 1809 1093 1846 uo
1112 1833 1118 1845 .

1019 1879 1139 1934 Rousno
1158 1879 1257 1937 Levitae
1270 1883 1384 1955 egregio
1399 1898 1416 1938 a
1430 1885 1640 1940 Rauennatibus
1663 1885 1780 1944 fidelibus

983 1967 1083 2021 nostris
1098 1967 1194 2023 electo.
1564 2036 1573 2048 ο

1020 2054 1179 2109 Litterarum
1209 2064 1327 2124 tuarum,
1344 2056 1382 2112 fili
1396 2059 1567 2129 charissime,
1585 2062 1660 2118 serie
1675 2072 1773 2134 recepta

984 2149 1009 2195 et
1024 2141 1102 2208 lecta,
1119 2142 1164 2196 ubi
1186 2144 1318 2199 loannem
1340 2146 1526 2201 Ravennatem
1548 2149 1773 2220 archiepiscopum

984 2228 1083 2284 obiisse
1098 2230 1260 2300 audirimus,
1277 2232 1356 2287 valde
1371 2233 1517 2303 doluimus,
1530 2244 1556 2289 et
1567 2245 1597 2290 ut
1612 2253 1664 2309 pro
1679 2254 1711 2294 eo
1724 2254 1773 2294 ore

982 2316 1018 2370 tis
1033 2333 1093 2377 cunr
1108 2319 1215 2388 restris,
1231 2319 1376 2375 hortamur.
1394 2321 1489 2377 Vestra
1504 2322 1634 2380 videlicet
1655 2327 1771 2381 electione

983 2405 1145 2459 unanimiter
1168 2405 1238 2460 iacta
1260 2407 1422 2478 gaudemus,
1445 2417 1472 2464 et
1495 2411 1557 2482 quia
1584 2427 1636 2466 nos
1651 2413 1771 2467 visitando

983 2491 1096 2557 misisti,
1120 2491 1279 2565 significans
1301 2496 1441 2551 sanitatem
1464 2506 1622 2553 nostrorum
1648 2499 1770 2566 fidelium,

984 2587 1111 2651 tuamque
1126 2581 1297 2637 devotionem
1321 2583 1521 2652 demonstrans,
1537 2587 1644 2658 gratias
1669 2589 1770 2661 agimus.

983 2667 1115 2725 Caeterum
1140 2679 1280 2724 monentes
1304 2671 1447 2727 indicimus
1461 2681 1490 2726 ut
1500 2674 1558 2743 jam
1574 2675 1632 2745 qui,
1648 2685 1770 2731 annuente

982 2764 1091 2824 pastore
1107 2772 1222 2821 summo,
1239 2758 1274 2811 ad
1288 2757 1341 2813 tale
1355 2773 1425 2828 opus
1439 2759 1542 2815 electus
1557 2778 1599 2827 es,
1617 2780 1672 2835 quo
1693 2773 1770 2835 pastor

982 2840 1043 2905 lias,
1069 2842 1165 2916 vigiles
1188 2845 1216 2897 iu
1239 2845 1335 2900 eadem
1357 2847 1486 2915 ecclesia,
1512 2848 1638 2915 labores,
1665 2852 1770 2923 nirllique

981 2930 1077 2999 majori
1092 2930 1245 3003 minorique
1260 2941 1312 2987 taur
1328 2934 1486 2990 concivibus
1500 2952 1639 3009 quamque
1654 2939 1713 2994 aliis
1726 2939 1770 3011 qui·

123 3050 211 3121 puniri
228 3049 380 3104 debuerat?
393 3050 489 3103 Nonne
513 3049 631 3104 ioannes
647 3064 716 3119 papa
731 3051 881 3113 Romanus,
899 3059 925 3105 et
940 3042 965 3104 C
980 3017 1138 3115 b,¹¹⁵⁰¹¹¹¹q¹¹e
1154 3020 1277 3089 permis
1292 3021 1400 3092 aliqum
1414 3023 1582 3093 pmmiswm
1598 3025 1694 3094 [Μ’
1714 3043 1769 3099 ‘³¹¹⁰'

122 3137 288 3192 iustinianus
303 3136 419 3207 inclytus
438 3136 584 3206 imperator
604 3136 693 3208 legem
719 3138 866 3192 Romanam
882 3137 924 3191 ia-

120 3226 242 3291 cientes,
268 3225 432 3295 scripserunt
456 3226 493 3278 ita
510 3241 516 3278 :
534 3225 646 3295 Capituli
670 3226 783 3280 crimine
807 3226 923 3280 damna·

119 3323 207 3369 torum
229 3314 298 3368 bona
321 3328 374 3368 non
391 3313 424 3366 ad
440 3313 543 3368 lucrum
566 3312 700 3381 praesidis,
726 3313 774 3368 scd
799 3313 924 3386 cognatis

115 3402 270 3474 punitorum
282 3401 358 3456 reddi
368 3401 497 3470 oportet?
508 3403 541 3454 Et
551 3400 615 3455 alibi
628 3418 634 3454 :
647 3399 781 3456 Omnibus
792 3401 923 3474 gradibus

117 3498 298 3562 cognatorum
314 3489 342 3543 in
357 3488 515 3544 haereditate
535 3489 666 3543 sumenda
682 3487 846 3559 praeferendi
860 3498 925 3544 sunt

103 3575 175 3632 -iilii
200 3576 276 3633 Unda
300 3576 404 3648 liquido
428 3583 512 3646 patet,
535 3576 733 3648 gloriosissime
754 3593 811 3639 rex,
829 3585 857 3631 ut
872 3592 923 3632 nec

46 3687 49 3692 -
118 3680 176 3730 vos,
202 3680 254 3720 nec
278 3664 387 3736 cognati
412 3679 516 3728 eorum,
543 3664 595 3717 nisi
619 3664 686 3734 ipsae
702 3663 763 3719 liliae
786 3674 922 3735 quaesunt

116 3752 255 3825 legitimae,
272 3752 334 3806 illos
347 3752 451 3806 allodes
475 3752 577 3806 habero
592 3752 709 3816 debent;
726 3752 771 3822 qui
787 3768 851 3806 vero
866 3752 922 3806 nati

118 3848 179 3894 sunt
189 3847 250 3910 post
262 3838 365 3894 crimen
380 3839 500 3904 illarum,
513 3839 685 3908 spurii-sunt,
696 3855 747 3893 nec
757 3840 921 3894 haereditare

119 3926 229 3994 debent,
242 3934 270 3979 ut
284 3924 415 3997 praetatus
438 3941 508 3995 papa
530 3933 556 3978 et
578 3926 725 3995 imperator
749 3927 922 3996 scripserunt

120 4013 156 4067 ita
169 4030 175 4066 :
188 4013 301 4082 Spurios
311 4013 376 4066 satis
391 4012 677 4083 injuriosos-satisque
693 4015 818 4079 acerbos,
830 4029 863 4069 ac
874 4030 922 4069 no·

120 4099 184 4154 stris
199 4100 366 4171 temporibus
388 4116 495 4169 semper
514 4099 642 4171 indignos
656 4117 716 4155 esse
732 4101 919 4169 dijudicamus.

119 4187 299 4259 Quapropter,
317 4196 346 4242 ut
362 4188 528 4266 rogavimus,
544 4188 642 4242 iterum
665 4189 815 4260 iterumque
836 4206 920 4262 roga-

121 4292 191 4345 mus,
204 4284 230 4330 et
241 4276 379 4330 hortantes
394 4292 535 4332 monemus
551 4284 579 4330 ut
593 4276 688 4331 harum
704 4277 920 4343 reclamationes,

119 4365 213 4418 harum
229 4373 256 4420 et
270 4364 386 4436 gemitus
409 4372 499 4419 restra
523 4365 600 4437 rogia
622 4364 742 4437 dignitas
759 4345 872 4420 hauriat.
889 4367 961 4452 EtD

119 4467 169 4523 pro
198 4450 382 4522 apostolorum
409 4453 563 4523 principum
591 4453 758 4518 reuerentia,
784 4469 800 4507 a
825 4453 921 4524 quibus

122 4540 226 4610 petiere
241 4540 379 4604 auxilium,
390 4549 416 4594 et
426 4557 476 4610 pro
487 4547 580 4594 nostro
595 4555 688 4594 amore
699 4540 838 4610 integriter
847 4541 921 4610 ipsas

121 4629 312 4698 proprietates,
338 4644 405 4698 quas
429 4644 477 4682 ros
499 4626 602 4682 allodes
626 4627 730 4694 dicitis,
757 4627 869 4694 reddat,
895 4636 922 4684 el

122 4725 228 4771 vestros
251 4716 325 4772 omni
348 4716 491 4771 occasione
523 4723 626 4769 remota
657 4711 772 4769 reddere
805 4714 918 4771 iacietis.

124 4803 191 4857 Data
205 4808 238 4859 ut
252 4821 346 4876 supro.

454 4913 584 4968 CLXXV.

392 5016 435 5054 no
461 5016 647 5055 uuconnar.
707 5067 709 5072 ,

432 5087 611 5157 (Ann0878.)

157 5178 247 5232 llonet
262 5181 293 5231 ut
308 5176 512 5232 dissensionem
527 5177 604 5231 inter
619 5176 754 5231 Athonem
769 5179 797 5229 et
812 5174 883 5229 ulios

421 5270 515 5319 ortum
529 5264 604 5319 sedet
609 5306 615 5315 .

157 5369 265 5424 lluoosr
281 5371 368 5424 abbati
386 5368 478 5431 nobili,
495 5369 635 5438 spectabili
650 5350 777 5439 prosapia
791 5368 893 5439 genito.

156 5456 223 5522 Quas
237 5458 346 5511 multum
364 5475 410 5509 ros
426 5457 574 5526 diligimus.
592 5456 706 5526 ideoque
731 5456 914 5524 congratulor,

974 3120 1046 3159 nram
1073 3105 1256 3162 simoniacum
1284 3117 1342 3174 est,
1372 3117 1398 3164 et
1425 3110 1478 3166 hoc
1502 3112 1584 3167 uobis
1609 3130 1768 3187 nequaquan

974 3192 1118 3259 celabitur3
1135 3195 1208 3265 quod
1223 3194 1246 3249 si
1261 3194 1367 3259 leceris,
1383 3212 1434 3267 per
1448 3198 1592 3268 apostolos
1601 3202 1766 3271 obtestantes,

974 3288 1000 3333 te
1019 3280 1129 3335 minime
1144 3282 1346 3338 benedicemus.
1364 3285 1436 3339 luter
1449 3286 1509 3342 baec
1525 3287 1767 3346 rotumusurisurr

974 3368 1116 3437 epistolam
1140 3368 1222 3424 Leoni
1243 3371 1391 3426 venerabili
1412 3373 1499 3428 misso
1523 3376 1659 3449 episcopo
1673 3388 1698 3434 et
1711 3394 1766 3450 ape

973 3455 1107 3522 crisiario,
1124 3457 1231 3512 caeteris
1255 3458 1385 3514 Romanis
1409 3462 1610 3530 transmissam,
1627 3466 1696 3536 ipsis
1708 3482 1766 3538 pre·

973 3543 1123 3598 sentialiter
1136 3561 1186 3614 per
1200 3554 1321 3600 vestrum
1342 3547 1462 3620 legatum
1474 3551 1686 3620 transmittatis;
1700 3569 1764 3610 eum·

973 3631 1089 3702 demque
1104 3641 1296 3701 revertentem,
1309 3635 1332 3687 si
1345 3643 1423 3705 potes
1437 3636 1545 3706 saltem,
1557 3648 1605 3694 aut
1620 3641 1703 3697 aliurn
1715 3656 1764 3698 can

973 3717 1082 3773 illorum
1095 3719 1216 3789 epistolis
1230 3721 1265 3775 ad
1279 3737 1339 3788 nos,
1355 3722 1453 3779 dilecte
1465 3721 1498 3796 [s.
1510 3725 1648 3800 directisl,
1663 3730 1761 3791 remitte,

973 3806 1018 3876 qui
1032 3815 1153 3861 nostrum
1169 3807 1314 3863 adrentum
1330 3817 1433 3864 certum
1444 3811 1502 3879 jnm
1520 3814 1601 3869 vobis
1620 3816 1760 3871 manauere

972 3895 1079 3965 poterit.
1105 3895 1192 3967 igitur
1214 3896 1294 3951 etiam
1319 3897 1443 3967 cupimus
1456 3907 1485 3953 ut
1501 3915 1552 3971 pro
1566 3917 1661 3959 amore
1681 3905 1759 3959 homa

972 3988 1128 4036 nostrorum
1155 3981 1273 4037 fidelium
1302 3993 1513 4058 nostrorumque
1542 3991 1758 4054 consiliariorum,

972 4068 1123 4123 Deusdedit
1145 4070 1271 4126 videlicet
1284 4080 1311 4126 et
1331 4073 1443 4128 loannis
1465 4075 1654 4147 gloriosorum
1675 4079 1757 4134 duum

973 4172 1018 4211 res
1040 4173 1089 4226 pro
1112 4173 1194 4226 posse
1216 4167 1241 4213 at
1265 4159 1389 4216 homines
1419 4162 1531 4218 salvetis
1555 4172 1584 4220 et
1606 4165 1756 4228 defendatis,

972 4253 1118 4313 occupatas
1132 4246 1262 4301 lraclenus
1275 4246 1419 4320 integriter
1433 4251 1565 4315 reddatis,
1581 4264 1709 4325 quatenus
1721 4268 1757 4308 ce

969 4332 1014 4400 jus
1037 4339 1147 4386 utuntur
1170 4332 1291 4400 servitio,
1308 4335 1332 4389 ci
1347 4337 1475 4392 conuenit
1489 4347 1517 4392 ut
1531 4338 1655 4396 truantur
1675 4340 1755 4396 delen·

972 4435 1056 4473 sronrs
1071 4420 1181 4474 auxilio.
1198 4421 1266 4475 Data
1281 4425 1314 4477 ut
1327 4438 1424 4495 supro.

1290 4545 1446 4601 ccxxvii.

1213 4646 1253 4686 so
1283 4647 1523 4692 assensurus.

1277 4723 1367 4791 (Anno
1387 4722 1462 4794 878.)

969 4807 1049 4862 Dolet
1065 4823 1161 4863 eorum
1182 4810 1323 4865 antistitis
1338 4816 1452 4867 morte:
1473 4818 1580 4884 monet,
1597 4821 1631 4871 at
1649 4818 1749 4871 electura

1004 4878 1038 4931 ob
1052 4880 1092 4932 eis
1107 4878 1349 4952 orchupisccpum
1364 4897 1485 4953 conqruo
1499 4884 1749 4956 prosequanturlu·

1004 4963 1087 5013 nore,·
1114 4950 1269 5004 Ecclesium
1291 4953 1493 5018 Rauennatem,
1516 4959 1545 5009 et
1573 4955 1715 5012 deusdedit
1728 4954 1748 5006 el

1003 5018 1120 5073 loannis
1140 5020 1244 5074 ducum
1258 5020 1329 5075 bonu
1342 5021 1509 5092 defendunt.

1004 5103 1193 5160 Sacerdotibus
1209 5115 1236 5161 et
1250 5107 1354 5162 senatui
1368 5108 1525 5182 populoque
1541 5112 1689 5169 Ravennati
1701 5109 1750 5165 fide

968 5190 1038 5246 libus
1053 5193 1164 5247 nostris.

1004 5280 1168 5336 Ravennatis
1191 5283 1327 5355 antistitis,
1344 5284 1426 5339 restri
1445 5285 1575 5344 videlicet
1599 5290 1692 5369 Patqis,
1704 5285 1752 5342 obi·

967 5379 1022 5423 tum
1047 5370 1197 5433 audientes,
1215 5371 1294 5425 valde
1318 5371 1458 5433 dolemus:
1484 5391 1536 5444 pro
1561 5393 1617 5448 quo
1640 5386 1666 5432 ut
1685 5373 1753 5440 aretis

967 5458 1108 5510 hortantur
1123 5475 1128 5509 :
1146 5458 1254 5512 solitam
1278 5474 1342 5514 rero
1367 5467 1519 5533 mittamque
1542 5462 1698 5521 lidelitatem
1714 5479 1754 5518 re·
