3794 6104
118 237 169 289 888
803 231 951 288 toaNle
971 231 1066 288 PAPAE
1087 234 1155 289 llll.
1713 236 1755 285 888

117 364 190 430 patu,
206 373 223 413 o
238 356 275 412 lili
298 358 466 419 charissime,
492 358 561 412 sicut
585 356 664 411 nobis
678 371 749 413 nunc
763 354 909 420 mandasti,
926 353 1028 414 Anam
1056 357 1214 421 ostendatis,
1240 352 1368 427 quoniam
1392 363 1418 409 et
1433 369 1493 422 nos,
1522 354 1583 409 Deo
1598 352 1722 424 propitio.
1737 355 1758 407 in

117 455 144 502 ut
159 450 324 517 anspertum
344 445 590 515 archiepiscopum,
607 460 688 516 quem
703 445 731 499 in
745 444 850 516 synodo
867 458 916 515 pro
967 460 1061 500 eornm
1088 444 1223 514 adjutorio
1261 443 1402 499 vobiscum
1437 442 1541 514 pariter
1576 441 1607 495 in
1645 441 1759 496 omnibus

117 535 254 591 nonnullis
268 535 324 589 suis
333 533 507 606 negligentiis
521 541 547 588 ct
561 533 818 604 praesumptionibus
830 532 911 600 judi·
967 534 1083 605 prompti
1098 533 1238 589 existimus
1250 540 1295 588 :nt
1309 532 1420 604 dignam
1430 529 1531 586 exinde
1544 545 1597 585 ros
1612 544 1669 584 non
1682 528 1759 585 solum

118 625 253 688 cavimus,
266 623 443 679 reconciliare
457 622 631 678 deberemus.
648 622 726 690 Quod
742 622 852 693 quidem
866 637 917 676 nos
967 637 982 675 a
997 622 1055 676 Deo
1070 630 1096 676 et
1110 637 1126 676 a
1140 621 1229 689 nobis,
1245 637 1340 676 verum
1355 620 1436 676 etiam
1451 627 1477 674 et
1492 618 1600 673 abillis
1616 616 1761 672 retributio

117 728 169 783 pro
183 721 273 768 restro
288 726 381 766 amore
396 710 478 765 alacri
494 719 585 765 mente
599 710 756 766 omnimodo
769 708 917 781 perticere·
968 725 1030 766 nem
1045 710 1186 780 percipere
1200 709 1372 764 mereamini.

118 816 189 866 anus,
219 801 242 854 si
270 799 404 854 sententia
427 799 617 863 damnationis,
642 814 722 871 quam
744 799 772 852 in
792 797 917 854 eumdem
1280 797 1447 852 CCLXXIX.

117 888 353 959 archiepiscopum
376 887 547 958 protulimus,
573 888 624 941 sub
648 895 743 942 tenore
758 886 848 957 abquo
863 901 918 940 non
1086 902 1123 942 an
1140 901 1271 944 cotanen
1289 900 1445 941 nrrscornrt
1463 898 1649 941 clemensana.

117 975 212 1033 luisset
235 976 345 1046 prolata.
374 976 480 1030 Dictum
505 984 545 1030 est
569 975 640 1029 enim
665 975 760 1030 tandiu
784 991 845 1030 eum
860 973 917 1029 lore
1070 1033 1079 1045 ,
1240 975 1330 1043 (Anno
1349 973 1495 1044 879-880.)
1524 1021 1528 1026 .

117 1063 151 1119 ab
178 1065 282 1119 honore
309 1073 336 1119 ct
360 1063 510 1118 ministerio
540 1063 701 1118 sacerdotali
728 1079 915 1134 suspensum,
968 1063 1565 1136 Praecipitateeclcsiamiacmpamvtlta
1575 1063 1763 1134 sitam,qnom

118 1153 214 1217 donec,
231 1161 341 1207 auctore
356 1153 424 1216 Deo,
441 1167 518 1206 suam
533 1151 678 1221 specialem
694 1151 773 1206 nobis
788 1151 823 1205 ad
839 1150 918 1205 satis-

118 1239 270 1295 faciendum
292 1240 433 1295 exhiberet
455 1240 635 1309 praesentiam.
653 1241 685 1294 Et
701 1239 764 1310 quia
787 1239 917 1294 Ecclesiae

118 1329 167 1384 Dei
193 1329 367 1401 privilegium
390 1343 441 1383 nos
455 1328 534 1383 dccet
559 1327 746 1382 immutilatum
762 1328 918 1382 solemniter

117 1432 291 1483 conservare,
308 1433 343 1471 ne
358 1417 384 1470 in
400 1416 491 1487 aliquo
514 1425 620 1487 patrum
636 1417 763 1471 terminos
778 1416 917 1486 preterire

118 1505 268 1570 videamur,
296 1512 391 1560 contra
414 1512 513 1559 statuta
535 1505 669 1573 majorum
691 1520 774 1576 agere
794 1504 917 1575 nequivi·

74 1590 76 1595 ’
119 1609 188 1647 mus.
204 1593 281 1648 Unde
295 1592 468 1663 benignitatis
484 1602 582 1648 vestrae
602 1593 789 1649 excellentiam
803 1601 917 1663 paterno

119 1680 219 1736 affectu
241 1697 383 1736 monemus
398 1688 426 1735 ut

120 1783 204 1840 agere
229 1784 282 1824 non
303 1785 448 1840 possumus
471 1770 545 1824 nullo
570 1770 651 1824 modo
676 1769 829 1836 turbemini,
846 1785 916 1840 qno-

119 1858 192 1911 niam
206 1866 322 1912 vestram
338 1857 364 1912 in
380 1858 504 1913 omnibus
529 1858 652 1930 cupimus
667 1873 718 1927 pro
733 1858 836 1912 bonore
851 1873 916 1927 per-

118 1943 197 2000 ticere
214 1946 388 2027 voluntatem.
405 1948 472 2001 Data
487 1951 520 2001 nt
535 1963 632 2018 snpra.

427 2079 605 2134 cccxxvii.

199 2165 234 2204 an
254 2165 412 2205 canovrcan
433 2166 468 2204 nr
487 2164 716 2205 aaaosoaanxnrr
737 2164 835 2203 neces.

422 2240 511 2305 (Anno
533 2239 607 2308 879.)

1003 1137 1109 1189 Paulas
1125 1134 1266 1205 depietatis
1290 1135 1435 1206 episcopas
1455 1133 1572 1201 reficere
1586 1134 1764 1204 aepleaerot,

1004 1207 1149 1270 restituat,
1165 1205 1255 1274 ibique
1270 1205 1440 1260 sacerdotem
1452 1204 1603 1275 propriam
1627 1204 1764 1259 constitae

1003 1279 1031 1330 et
1046 1292 1159 1330 sacram
1174 1275 1298 1329 chrisma
1315 1275 1469 1329 annuatim
1484 1274 1595 1328 mittat.

1004 1362 1241 1418 Reverendissimo
1251 1370 1276 1418 et
1287 1362 1457 1418 sanctissimo
1465 1363 1572 1416 lonast
1587 1360 1764 1431 episcopali·

897 1503 902 1514 ,
967 1451 1081 1517 cinensi,
1097 1451 1252 1522 dilectoque
1268 1451 1409 1506 confratri.

1004 1539 1073 1607 Quia
1089 1540 1187 1594 Paulus
1202 1539 1345 1612 Regiensis
1360 1537 1490 1593 Ecclesiae
1508 1537 1670 1608 episcopus,
1687 1545 1712 1591 ct
1727 1551 1766 1593 ca·

968 1627 1073 1683 nonicis
1101 1627 1256 1682 admonitus
1276 1627 1417 1692 institutis,
1440 1635 1466 1680 et
1490 1626 1595 1680 nostris
1615 1624 1767 1696 apostolicis

440 1681 475 1735 ⁰h
491 1683 542 1737 ¹¹⁰⁰
558 1682 629 1754 ΨΜ
645 1680 917 1752 irreprehmbssioer
932 1703 1197 1788 Bpraeoeptionihus
1210 1716 1378 1781 exhortatus,
1388 1722 1417 1769 ut
1427 1714 1576 1770 ecclesiam
1590 1713 1643 1768 Dei
1658 1713 1766 1783 positam

967 1804 995 1859 in
1010 1804 1074 1859 ailla
1089 1821 1148 1876 quas
1162 1803 1260 1858 dicitur
1274 1803 1406 1873 Carpant,
1422 1802 1487 1873 igne
1501 1809 1654 1857 crematam
1668 1809 1767 1855 restan-

968 1906 1038 1960 rare,
1054 1892 1145 1964 ibique
1169 1908 1267 1961 suum,
1290 1891 1438 1946 secundum
1461 1890 1505 1959 jus
1529 1888 1765 1954 ecclesiasticum,

969 1996 1049 2035 omne
1064 1979 1183 2036 odicium
1198 1979 1241 2034 rel
1255 1979 1436 2034 ministerium
1447 1978 1497 2032 rite
1508 1994 1650 2050 peragere
1664 1978 1766 2032 debuis·

969 2079 1018 2131 set,
1036 2076 1139 2122 temere
1162 2067 1334 2137 contempsit,
1357 2075 1512 2138 nostrasque
1536 2066 1644 2120 salubri
1668 2081 1765 2136 pracc-

968 2157 1052 2226 ptioni
1068 2156 1178 2211 obedire
1203 2155 1375 2225 contempsit,
1391 2170 1442 2211 nec
1464 2153 1588 2209 debiturn
1605 2153 1635 2206 in
1650 2155 1701 2208 hoc
1716 2155 1766 2208 nec

968 2252 1061 2299 nostro
1076 2243 1228 2298 reddidisse
1243 2243 1350 2298 videtur
1364 2243 1504 2297 honorem.
1517 2241 1766 2311 Pracipientesigi·

121 2328 232 2382 Gratias
246 2329 304 2397 opit
319 2328 351 2381 de
367 2329 491 2398 ipsoram
506 2343 572 2397 erpa
588 2329 742 2410 doaranam
764 2325 918 2381 Ecclesiam
969 2340 1011 2385 tur
1025 2349 1057 2386 ex
1081 2332 1231 2402 apostolica
1250 2330 1408 2385 auctoritate
1432 2329 1590 2384 dilectionis
1616 2336 1672 2384 tuas
1692 2329 1766 2397 jube-

205 2397 318 2468 operta,
337 2402 365 2452 03
379 2401 513 2452 mullum
528 2397 656 2452 liudwit
670 2398 831 2468 l'0lll0822‘7·
968 2436 1038 2482 mus,
1054 2428 1081 2473 ut
1097 2420 1132 2474 dc
1147 2419 1285 2489 prasenti,
1306 2426 1333 2472 et
1356 2419 1459 2488 absque
1482 2417 1557 2472 omni
1582 2416 1765 2497 protelatione,

156 2502 345 2559 Dilectissimis
366 2502 429 2557 filiis
444 2503 585 2557 Lonorrco
600 2510 626 2556 ct
641 2502 840 2555 Carolomanuo
855 2500 918 2572 glo-
968 2508 1055 2577 ipsam
1071 2507 1217 2562 eeclesiam
1242 2505 1369 2560 restituas
1383 2505 1411 2559 in
1424 2503 1570 2575 pristinum
1595 2504 1723 2559 decorem
1743 2512 1766 2558 et

119 2591 278 2645 riosissimis
293 2591 415 2664 regibus.
968 2596 1104 2660 ordinem,
1114 2603 1194 2665 atque
1210 2593 1260 2647 sub
1274 2593 1378 2664 proprii
1393 2608 1457 2647 cura
1467 2592 1623 2647 sacerdotis
1632 2607 1694 2646 eam
1708 2606 1766 2646 con·

155 2679 254 2733 Audita
290 2695 340 2750 per
372 2679 556 2734 venerabilem
589 2678 747 2748 episcopum
775 2677 918 2732 devotione
969 2683 1073 2751 stituas,
1091 2682 1137 2752 qui
1152 2681 1261 2735 sedulas
1276 2680 1315 2735 ibi
1330 2680 1446 2735 Domino
1461 2679 1557 2734 laudes
1571 2678 1766 2750 quotidieper·

120 2776 219 2834 vestra,
246 2783 326 2838 quam
349 2767 420 2822 circa
445 2774 563 2822 sanctam
595 2767 744 2821 Romanam
767 2764 918 2820 Ecclesiam
970 2771 1109 2834 solvat,ac
1116 2783 1165 2839 pro
1176 2769 1261 2822 salute
1271 2767 1390 2822 bdelium
1401 2767 1618 2837 omnipotentem
1629 2767 1765 2821 Dominum

121 2857 219 2910 habere
234 2863 344 2926 totoque
367 2856 508 2910 conamine
521 2869 649 2909 exercere
664 2853 772 2923 cupitis,
788 2853 920 2907 maximas
969 2858 1054 2912 calcat
1070 2871 1195 2922 exorare,
1208 2870 1372 2925 sacrumque
1386 2854 1449 2922 illic,
1463 2854 1522 2908 Deo
1537 2854 1668 2924 propitio,
1684 2869 1765 2907 annue

121 2943 220 2998 Decet
244 2943 322 2997 uobis
344 2943 444 3014 gratias
465 2943 580 3014 agimus.
607 2941 684 2997 Unde
700 2949 822 2995 anostra
844 2948 919 3010 parte
970 2945 1090 3000 chrisma
1104 2944 1211 2998 mittere
1226 2943 1412 2998 indesinenter
1424 2957 1566 3012 procures,
1586 2942 1662 3012 quod
1676 2951 1717 2995 est
1730 2949 1766 2995 to

122 3045 171 3085 vos
186 3039 276 3085 certos
291 3030 406 3084 existere
427 3029 551 3084 volumus
567 3029 711 3100 quiasicut
725 3028 851 3082 dominus
865 3027 1022 3111 Caclius
1050 3030 1257 3087 Christianitatis
1289 3031 1363 3084 salus
1383 3037 1410 3083 et
1433 3028 1568 3100 perfectio
1599 3045 1675 3083 vcra.
1706 3029 1765 3082 bata

122 3118 194 3172 rolus
208 3118 279 3173 dirae
294 3118 433 3173 memoriae
447 3119 594 3188 imperator
607 3133 673 3171 avus
689 3124 788 3181 aester,
799 3132 831 3172 ac
845 3123 920 3186 post-

121 3206 233 3262 modnm
256 3206 365 3279 genitor
386 3215 476 3261 vester
500 3205 652 3262 Lndoaicns
677 3221 733 3272 rex,
758 3204 807 3258 sub
827 3212 919 3274 protc·

118 3295 208 3351 ctione
224 3296 353 3350 llomanae
370 3295 501 3349 Ecclesiae
518 3302 665 3364 nostraque
680 3292 828 3363 apostolica
839 3292 875 3345 tui
903 3321 915 3332 -

118 3383 190 3438 tione
206 3383 530 3449 voscommendavemnt,
548 3381 583 3435 ita
598 3390 720 3436 nostrum
736 3379 918 3451 apostolicum

118 3469 243 3525 affectum
260 3470 331 3526 circa
342 3485 391 3524 vos
400 3469 428 3523 in
438 3470 565 3524 omnibus
575 3469 720 3524 ostendere
728 3483 830 3538 rosque
841 3467 919 3534 adju·

119 3574 184 3613 aare
199 3573 231 3612 ac
250 3567 397 3629 protegere
419 3565 532 3628 patema
553 3557 697 3612 dilectione
721 3565 802 3627 atque
824 3571 918 3610 amore

119 3662 229 3716 semper
252 3646 336 3716 parati
360 3646 508 3701 existimus.
536 3646 671 3700 Praeterea
685 3645 720 3700 de
733 3644 776 3699 bis
791 3661 851 3715 quae
868 3660 919 3714 per

115 3736 173 3804 jam
192 3735 292 3791 dictum
311 3735 503 3804 coepiscopum
517 3734 601 3789 verbo
616 3742 695 3788 teuns
709 3732 866 3797 mandastis,
883 3732 917 3784 ita

120 3822 198 3877 vobis
212 3838 262 3892 per
274 3838 335 3876 eum
346 3821 425 3876 dictis
436 3822 626 3892 respondendo
636 3821 793 3876 direximus.
805 3821 875 3874 Nam
886 3834 919 3874 ea

121 3926 181 3980 qnae
196 3917 289 3963 nostro
304 3909 419 3964 consilio
435 3909 586 3979 reperimus
601 3917 627 3963 et
637 3907 715 3963 vobis
725 3907 918 3963 innotescendo

76 4065 77 4070 η
120 3997 317 4064 mandarimus,
343 3996 378 4050 ad
402 4005 522 4051 vestrum
554 3997 681 4050 bonorem
710 3993 828 4066 prolicua
858 4008 918 4049 esse

121 4083 279 4138 omnimodo
293 4084 406 4139 credite.

424 4206 615 4261 cccxxviii.

274 4310 309 4349 an
330 4311 464 4351 annosas
484 4311 519 4350 ar
536 4311 616 4350 aeros
642 4311 768 4351 castres,

427 4387 517 4453 (Anno
536 4386 611 4454 878.)

123 4473 233 4528 Gratias
249 4473 309 4544 rapit
320 4475 353 4527 de
367 4473 421 4541 pide
436 4489 519 4544 qaam
530 4473 664 4528 Ladonico
675 4477 702 4527 et
715 4472 918 4527 Carolomanno

381 4561 488 4630 repibas
503 4561 660 4616 servabant.

158 4668 267 4721 lluaon'r
292 4666 391 4720 eximio
414 4665 515 4725 abbati,
545 4666 917 4730 seuBnnrmr.no,Gu1roxr,

123 4763 149 4808 et
163 4753 224 4808 aliis
240 4754 297 4824 regi
312 4753 440 4824 gloriosis
456 4753 611 4808 comitibus.

159 4848 308 4902 audientes
333 4849 433 4903 bonam
456 4847 555 4902 lamam
578 4849 613 4903 de
633 4848 722 4911 vobis,
739 4846 811 4917 ‹puod
826 4854 919 4916 prote·

122 4944 223 4999 ctores,
238 4934 395 4991 defensores
410 4944 490 5008 atque
505 4935 599 4990 lidelcs
615 4935 751 4991 Ludorico
766 4942 793 4988 et
808 4934 920 4989 Carolo-

122 5040 223 5080 manno
238 5024 474 5080 excellentissimis
489 5024 610 5096 regibus,
632 5024 676 5095 qui
698 5023 776 5078 nobis
791 5038 806 5076 a
821 5037 921 5094 proge-

123 5113 255 5167 nitoribus
278 5113 333 5166 suis
356 5112 494 5166 commissi
518 5121 588 5177 sunt,
604 5111 631 5164 in
646 5111 771 5165 omnibus
795 5111 919 5175 existitis,

121 5202 220 5272 gratias
245 5200 385 5255 referimus
407 5199 548 5253 maximas,
570 5199 741 5269 Quapropter
754 5199 796 5252 his
810 5207 921 5269 aposto·

122 5288 181 5342 licis
205 5289 306 5342 nostris
327 5288 424 5342 litteris
446 5286 672 5357 magnificentiam
688 5295 805 5342 vostram
819 5287 921 5341 exhor·

124 5382 212 5427 tamur·
225 5384 253 5428 ut
269 5392 344 5429 more
360 5375 478 5430 fidelium
495 5383 637 5447 parentum
654 5384 817 5440 vestrorum,
833 5374 922 5447 magis

124 5475 157 5515 ac
171 5461 259 5531 magis
280 5462 351 5517 circa
366 5478 414 5518 eos
430 5471 548 5517 restrum
573 5462 785 5517 sincerissimam
801 5462 922 5519 devotio·

969 3125 1003 3176 at
1017 3137 1113 3191 supra.
1289 3191 1295 3201 .

1289 3206 1444 3261 CCLXXX.

1119 3311 1154 3349 an
1174 3310 1344 3350 remearant
1364 3309 1618 3348 lacurnrrscorun.

1214 3367 1305 3436 (Anno
1320 3367 1371 3419 sta
1387 3363 1431 3419 vel
1445 3365 1522 3435 880.)

969 3458 1089 3512 lliratar
1113 3472 1176 3510 earn
1200 3456 1308 3510 morari
1326 3458 1354 3510 et
1367 3455 1401 3508 ad
1415 3470 1445 3509 se
1461 3471 1520 3510 aaa
1542 3454 1658 3516 venire:
1679 3455 1762 3508 monet

1230 3527 1377 3580 utstatim
1396 3524 1502 3579 areatat.

1004 3613 1242 3671 Reverendissimo
1266 3621 1292 3667 et
1316 3611 1488 3668 sanctissimo
1513 3612 1671 3666 Tstmno
1685 3609 1762 3666 archi·

971 3704 1101 3774 episcopo
1114 3702 1213 3757 dilecto
1228 3699 1355 3757 conlratri
1369 3707 1473 3755 nostro.

1004 3791 1077 3845 Sicut
1102 3789 1180 3844 nobis
1201 3788 1315 3843 dilectus
1329 3803 1361 3842 ac
1378 3787 1509 3857 spiritalis
1524 3786 1599 3842 tillus
1614 3794 1708 3842 noster
1719 3786 1760 3840 Ca·

969 3880 1139 3934 rolamannus
1161 3877 1297 3948 gloriosus
1319 3892 1366 3930 rex
1388 3875 1444 3929 suis
1465 3876 1552 3947 regiis
1579 3875 1676 3931 direxit
1690 3872 1760 3944 apici-

969 3968 1029 4031 bus,
1041 3976 1069 4021 ut
1084 3982 1132 4021 vos
1147 3965 1182 4019 ad
1196 3971 1315 4019 nostmm
1331 3962 1511 4034 apostolicam
1521 3964 1620 4018 tenire
1631 3963 1759 4018 debuisse

969 4057 1002 4110 tis
1025 4055 1207 4126 praesentiam,
1232 4062 1352 4107 vestrum
1376 4051 1496 4123 quotidie
1518 4051 1706 4121 praestolantes
1720 4048 1756 4102 ad·

968 4151 1078 4198 ventum
1100 4141 1232 4196 miramur
1256 4156 1304 4196 cur
1318 4146 1422 4193 tanturn
1442 4138 1592 4194 moremini
1610 4156 1616 4192 :
1634 4155 1684 4193 nos
1699 4136 1756 4191 enin

968 4230 1093 4286 almitatis
1118 4237 1145 4284 et
1159 4228 1307 4299 prudentias
1322 4235 1422 4282 vestras
1436 4225 1531 4281 favore
1548 4227 1648 4296 repleti
1675 4225 1754 4280 irater·

969 4320 1079 4374 nitatem
1089 4325 1206 4372 vestram
1216 4316 1261 4386 pio
1272 4315 1397 4385 cupimus
1405 4315 1462 4383 jam
1472 4314 1656 4386 contemplari
1667 4312 1754 4367 intuitu.

931 4399 1045 4464 DUnde
1061 4407 1103 4460 llis
1117 4405 1218 4460 nostris
1233 4403 1391 4474 apostolicis
1410 4402 1511 4457 litteris
1525 4418 1576 4457 ros
1592 4417 1726 4457 monemus
1736 4405 1755 4451 et

968 4497 1143 4550 exhortamur
1156 4501 1184 4547 ut
1198 4491 1333 4547 libentiad
1349 4505 1399 4545 nos
1414 4491 1507 4544 animo
1523 4505 1672 4560 properare
1685 4485 1754 4542 omni-

968 4583 1057 4639 modis
1080 4581 1221 4647 studeatis,
1248 4588 1382 4651 quatenus
1405 4592 1460 4633 una
1484 4578 1631 4633 vobiscum
1655 4592 1685 4631 ea
1709 4587 1754 4644 qun

970 4679 1069 4726 sanctae
1085 4670 1134 4725 Dei
1147 4669 1278 4724 Ecclesiae
1293 4667 1367 4721 utilia
1382 4675 1454 4730 sunt,
1467 4675 1549 4735 prout
1561 4662 1753 4721 necesselueril.

969 4759 1071 4830 pariter
1086 4757 1210 4811 ordinare
1226 4757 1377 4810 valeamus.
1392 4754 1460 4807 Data
1476 4758 1510 4808 at
1526 4770 1624 4825 snpra.

1282 4841 1452 4897 cccxxxi.

971 4951 1007 4989 an
1027 4948 1171 4989 aaronica
1190 4946 1345 4986 calscorun
1365 4944 1401 4991 sn
1420 4944 1622 4983 senescamus
1638 4936 1751 4983 commu.

1244 5005 1334 5069 (Anno
1354 5000 1499 5069 tls-880.)

971 5094 1151 5164 dirctfrcdam
1159 5093 1300 5154 camitem,
1313 5090 1380 5160 qaia
1391 5087 1548 5142 monialem
1561 5103 1623 5158 pace
1634 5103 1648 5140 a
1658 5096 1753 5139 meane

1008 5166 1079 5219 terto
1110 5162 1255 5232 etfupcrat
1286 5159 1421 5229 antecepit,
1445 5160 1473 5210 ct
1498 5156 1572 5211 bona
1599 5155 1753 5226 capellata

1007 5233 1198 5304 imperatricis
1220 5230 1351 5299 diripuit,
1377 5229 1623 5290 esconscnanicat,
1641 5226 1754 5279 nisista·

1009 5308 1070 5358 tato
1091 5307 1214 5371 tempore
1234 5299 1406 5368 satisfecerit
1424 5317 1433 5351 .·
1448 5301 1548 5352 monet
1570 5312 1606 5351 nc
1628 5297 1754 5368 quaquam

1008 5390 1073 5430 ram
1088 5388 1118 5427 co
1133 5372 1331 5427 communicet.

1009 5458 1247 5519 lleremndissimo
1272 5460 1401 5515 annuam
1423 5454 1556 5524 episcopo
1584 5451 1719 5509 Brixiensi,
1738 5456 1757 5500 et
