3826 6098
78 251 127 306 Μ

397 244 517 306 OPUSC.
546 246 592 303 ET
613 247 724 305 EPIST.
753 247 789 303 IN
825 246 939 304 CAUSA
962 247 1134 306 flmcutttt
1156 249 1308 308 ttuuun.

1673 258 1724 313 498

84 382 151 444 tere,
167 388 249 446 quam
265 388 358 428 veram
374 372 472 445 synodi
487 372 684 440 diffinitionem,
701 380 727 428 et
742 371 825 428 sacris
841 388 884 427 re·
897 373 984 443 Apro
996 381 1071 429 certo
1087 373 1228 441 debemus,
1246 375 1309 446 quia
1324 374 1454 446 scriptum
1469 386 1529 434 est:
1543 380 1589 437 Ubi
1618 381 1732 451 fuerim

84 463 155 536 gulis
184 469 383 533 congruentem
410 458 529 528 habere,
550 469 576 517 et
596 478 611 515 a
633 477 677 516 me
705 460 886 533 qualicunque

83 551 199 622 primate
222 558 268 604 tuo
286 550 361 619 juxta
383 550 494 622 regulas
513 564 606 605 sacras
629 549 774 605 tenendam
799 556 825 603 et
840 563 886 603 se-

82 639 216 710 quendam
237 638 374 708 accipere,
391 638 476 706 oujus,
492 637 640 692 seeundum
657 638 767 693 decreta
783 643 887 691 sanctae

82 726 154 781 sedis
169 727 300 783 Romana
323 724 481 797 pontificum
496 741 529 780 ex
544 725 629 781 sacris
652 724 803 780 canonibus
818 739 886 795 pro·

84 813 216 887 uulgata,
241 813 440 869 ordinationem
462 829 572 884 semper
593 813 678 868 debes
692 813 719 866 in
734 813 816 867 rebus
837 828 886 867 ex-

85 911 222 973 spectare.
241 903 312 957 Nam
337 901 387 956 etsi
403 901 513 957 scedula
528 917 544 956 a
559 908 585 957 te
600 901 665 955 mihi
681 900 783 956 directa
805 899 886 972 quid-

84 992 146 1045 dam
170 989 286 1045 ratiouis
308 989 351 1045 vel
373 989 540 1045 auctoritatis
565 989 666 1045 babere
691 989 806 1052 videtur,
834 988 888 1043 hoc

84 1088 173 1134 tamen
192 1078 279 1134 debes
302 1078 469 1145 discernere,
491 1079 554 1149 quia
577 1077 654 1133 sicuti
670 1077 716 1132 ubi
731 1076 887 1132 reclamatio

84 1175 158 1225 certa
179 1167 336 1238 suscipitur,
353 1182 433 1221 causa
452 1166 604 1235 ventilatur,
631 1166 700 1221 ratio
725 1165 885 1237 postulatur,

86 1256 263 1327 praesumptio
277 1255 320 1310 vel
343 1254 527 1326 usurpationis
545 1255 685 1310 temeritas
704 1269 759 1309 uon
780 1253 887 1308 inveni-

84 1353 135 1408 tur,
160 1343 211 1397 sed
233 1342 335 1414 justitia
351 1343 481 1414 sequitur,
511 1326 537 1398 et
562 1342 674 1414 aequitas
696 1350 886 1410 conservatur,

938 462 992 517 duo
1007 464 1050 518 vet
1066 466 1122 518 tres
1137 465 1300 535 congregati
1313 466 1346 519 in
1360 467 1475 521 nomine
1489 483 1559 532 meo,
1576 468 1686 524 ibisum
1702 469 1735 523 in

936 550 1027 606 medio
1042 567 1138 606 eorum
1152 551 1261 622 (Mutila.
1274 553 1366 624 xxm).
1378 553 1406 608 Si
1416 568 1484 626 ergo
1499 555 1596 611 adesse
1607 554 1735 628 dignabi-

937 644 980 692 tur
1003 638 1048 691 ubi
1076 638 1130 693 duo
1156 638 1200 693 trel
1224 647 1280 693 tres
1308 639 1417 705 fuerint,
1448 641 1532 696 multo
1563 642 1652 715 magis
1679 656 1735 698 uon

937 724 1024 780 deerit
1038 725 1084 779 ubi
1099 725 1190 796 plures
1205 727 1383 782 convenerint
1397 729 1566 784 sacerdotes.
1583 728 1661 799 Quod
1682 745 1735 784 au-

937 821 991 868 tem
1015 813 1081 866 mibi
1100 814 1234 868 mandasti
1256 833 1262 868 :
1284 814 1353 882 Quia
1376 832 1430 871 non
1449 824 1527 887 potes
1550 817 1741 874 dimitterent

937 901 998 955 illos
1012 901 1146 969 hominos,
1164 902 1210 973 qui
1225 919 1270 957 res
1285 903 1409 959 ecclesiae
1431 911 1483 959 tuae
1499 913 1593 960 contra
1608 905 1736 961 volunta·

938 996 991 1043 tem
1006 997 1079 1042 tuam
1093 996 1195 1055 tenent,
1208 1005 1262 1044 non
1271 991 1498 1058 excommunices,
1512 992 1639 1063 quoniam
1648 992 1745 1048 altera·

936 1075 1007 1143 vice,
1029 1077 1137 1148 quando
1161 1077 1261 1132 domno
1280 1079 1430 1148 apostolico
1454 1080 1589 1135 mandasti
1603 1079 1637 1136 de
1652 1081 1736 1136 Nort-

937 1181 1046 1233 manno,
1069 1165 1121 1220 hoc
1142 1165 1190 1218 tibi
1214 1166 1392 1234 remandavit,
1409 1177 1437 1221 ut
1452 1167 1527 1238 prius
1541 1167 1605 1223 inde
1622 1169 1735 1224 fecisses

938 1261 1012 1307 tuum
1033 1252 1222 1318 ministerium,
1241 1260 1266 1309 et
1283 1262 1345 1309 tunc
1360 1260 1387 1308 te
1410 1255 1599 1322 reclamasses,
1615 1273 1670 1312 non
1683 1258 1737 1313 boc

936 1341 965 1395 in
981 1341 1036 1396 suis
1050 1341 1147 1395 litteris
1162 1341 1324 1406 invenimus,
1341 1342 1385 1397 rel
1398 1343 1560 1398 audivimus.
1577 1345 1734 1415 Propterea,

87 1447 203 1487 censura
224 1430 399 1486 districtionis
424 1431 563 1486 canonica
582 1438 668 1496 uacat,
692 1430 729 1485 ita
744 1446 774 1484 se
794 1430 828 1484 ad
844 1428 887 1484 ul·
935 1429 1029 1494 frater,
1048 1428 1110 1484 vide
1125 1445 1160 1483 ne
1175 1430 1335 1501 cujusquam
1349 1429 1444 1497 verbo,
1457 1430 1525 1487 forte
1539 1447 1589 1503 per
1603 1432 1735 1488 adulatio·

84 1518 247 1575 ciscendum
261 1525 354 1575 contra
375 1519 469 1574 devios
485 1534 501 1574 a
517 1519 622 1574 ratione
639 1526 665 1573 et
679 1518 840 1575 auctoritate
855 1532 888 1574 ao
936 1533 999 1573 nem
1015 1517 1049 1572 ad
1064 1516 1182 1588 gratiam
1206 1523 1281 1571 tuam
1294 1518 1341 1572 tibi
1361 1533 1453 1584 suaso,
1469 1526 1496 1574 et
1517 1535 1572 1575 non
1587 1534 1619 1574 ex
1643 1519 1735 1575 domni

84 1608 219 1679 aequitate,
248 1615 275 1662 et
305 1607 333 1661 in
361 1614 530 1679 contemptus
561 1607 712 1678 pertinacia
743 1606 887 1662 obduratos
937 1606 1080 1677 apostolici
1094 1605 1254 1661 auctoritate
1274 1606 1379 1677 prolato
1397 1606 1539 1678 pellectus,
1559 1621 1736 1678 praeproperc

85 1702 243 1768 exaggerat.
275 1695 364 1763 Sedis,
395 1695 481 1766 inquit
507 1696 604 1749 beatus
638 1696 702 1761 Leo,
731 1694 963 1781 apostolicaeBet
979 1694 1027 1747 tibi
1048 1693 1200 1749 inconsulte
1224 1709 1256 1750 ac
1280 1694 1481 1766 precipitante
1504 1694 1665 1750 sententium
1685 1710 1735 1751 ex-

84 1784 237 1839 moderatio
261 1784 331 1838 banc
355 1783 564 1854 temperantiam
594 1792 693 1850 servat,
716 1791 745 1838 ut
764 1783 886 1838 severius
937 1782 1188 1838 communicationis
1209 1782 1294 1837 sacris
1317 1782 1420 1855 regulis
1445 1782 1554 1838 obuiam
1584 1783 1733 1853 proferas:

84 1879 146 1943 agat
170 1887 232 1926 cum
265 1871 417 1938 obduratis,
449 1878 475 1926 et
504 1872 612 1927 veniam
641 1872 729 1942 cupiat
758 1879 888 1942 praestare
936 1871 983 1925 sed
1009 1878 1145 1941 exspecta,
1172 1878 1200 1924 ut
1225 1869 1347 1940 praedixi,
1375 1871 1462 1926 donec
1485 1871 1520 1926 ad
1541 1870 1735 1941 provincialem

84 1959 224 2016 correctis.
251 1959 337 2030 lgitur
358 1960 496 2030 quoniam,
512 1966 542 2014 ut
563 1960 626 2015 item
649 1960 703 2015 Leo
724 1959 799 2026 dicit,
824 1973 886 2013 ma·
935 1959 1069 2029 synodum
1091 1958 1212 2029 episcopi
1234 1959 1399 2013 Ithemorum
1418 1958 1565 2029 provinciae
1584 1958 1735 2015 convenia·

84 2057 144 2103 tura
168 2046 294 2103 volumus
322 2049 493 2105 sacerdotum
524 2064 585 2103 esse
610 2047 734 2113 consilia,
759 2055 786 2101 et
807 2061 886 2102 sacra
934 2063 1004 2114 mus,
1030 2055 1055 2100 et
1076 2047 1098 2099 si
1121 2046 1186 2117 quid
1205 2046 1285 2101 nobis
1304 2045 1449 2112 obstiterit,
1465 2054 1493 2101 ut
1511 2046 1662 2101 secundum
1684 2060 1732 2100 sa-

86 2135 228 2206 Scriptura
242 2135 309 2190 dicit
324 2151 332 2191 z
349 2135 403 2204 Qui
416 2136 540 2206 festinus
560 2140 612 2202 est,
632 2136 748 2208 pedibus
768 2135 887 2207 offendit
934 2149 996 2190 cras
1018 2133 1128 2206 regulas
1148 2135 1220 2204 juste
1236 2142 1263 2190 et
1277 2134 1472 2189 rationabiliter
1494 2150 1525 2189 ea
1546 2149 1607 2205 quae
1626 2133 1735 2205 agenda

83 2225 174 2293 (Pron.
190 2224 268 2294 xxx),
287 2223 382 2278 hortor
397 2231 423 2279 et
442 2240 541 2279 moneo
557 2232 592 2294 te,
608 2224 694 2278 frater
712 2222 884 2290 alienissime,
935 2229 996 2276 sunt
1012 2222 1123 2293 exsequi
1146 2223 1217 2293 quod
1243 2221 1313 2276 absit
1336 2222 1547 2294 nequiverimus,
1564 2221 1637 2294 quod
1660 2220 1734 2277 nullo

82 2320 197 2384 paterna
212 2320 240 2368 et
254 2312 464 2384 metropolitana
490 2313 641 2369 secundum
666 2329 757 2368 sacras
777 2312 887 2384 regulas
934 2309 1016 2366 modo
1034 2309 1153 2365 futurum
1171 2309 1373 2381 foreputamus,
1400 2318 1463 2366 tunc
1474 2309 1497 2364 si
1520 2325 1633 2366 necesse
1650 2308 1732 2365 fuerit

83 2402 256 2470 auctoritate,
273 2409 302 2456 ut
327 2417 383 2456 non
405 2418 456 2474 per
475 2403 535 2456 hee
557 2410 720 2467 commenta,
741 2417 802 2472 quae
820 2399 886 2455 mihi
936 2399 1085 2456 secundum
1101 2413 1194 2455 sacras
1209 2398 1329 2471 regulas,
1340 2405 1385 2453 tua
1395 2399 1564 2468 reclamatio,
1581 2397 1603 2453 si
1614 2399 1687 2468 justa
1696 2397 1735 2453 in-

84 2490 192 2558 misisti,
211 2506 335 2562 praeceps
355 2490 423 2546 sicut
446 2489 512 2544 mihi
533 2489 669 2545 mandasti
684 2489 721 2544 sis
735 2489 770 2543 ad
790 2487 885 2560 profe-

87 2579 198 2634 rendam
214 2579 389 2645 sententiam,
410 2579 562 2649 prasertim
579 2594 639 2634 cum
661 2576 886 2633 sufficientissime

83 2667 140 2736 jam
155 2674 183 2722 te
202 2667 267 2723 hinc
290 2666 514 2732 commonuerim,
539 2666 735 2740 redarguerim,
760 2673 787 2720 et
805 2665 885 2720 etiam

86 2771 116 2811 ex
129 2755 337 2811 auctoritatibus
358 2755 459 2810 divinis
478 2754 661 2810 instmxerim.
682 2754 736 2810 Sed
751 2753 886 2824 patienter

84 2843 192 2899 interim
207 2843 291 2900 tolera
306 2860 367 2916 quae
380 2843 506 2899 videntur
519 2851 573 2898 tuae
592 2844 719 2913 potestati
738 2840 883 2908 contraria,

84 2932 128 3004 qui
153 2932 247 2988 dicere
269 2948 331 2988 curn
357 2932 499 2987 Psalmista
527 2932 633 2986 debes:
654 2932 746 3004 Supra
771 2931 885 2986 dorsum

935 2495 1016 2542 venta
1042 2485 1130 2554 fuerit,
1145 2487 1180 2540 ad
1202 2486 1296 2542 sedem
1318 2487 1495 2578 apostolicam
1514 2486 1612 2542 nostris
1636 2485 1733 2542 litteris

934 2583 1078 2648 prosecuta
1093 2574 1241 2645 perteniat.

1005 2847 1176 2904 HINcnttltt
1189 2846 1390 2903 RHElIENSlS
1403 2846 1450 2901 nb
1463 2846 1623 2904 EUlllDEbl.

934 2972 975 3029 tu
984 2975 1090 3028 mentis
1100 2975 1160 3044 ejus
1174 2973 1268 3028 oculos
1281 2975 1392 3028 revocat
1402 2971 1525 3054 qualiter
1532 2972 1616 3026 illum
1630 2971 1733 3040 orpho-

83 3020 923 3136 mmfabmwmmW⁶⁶⁰t⁰fe³rpr⁰¹⁰⁷²9swmm''m''C
958 3040 1730 3112 numdutcidilectionesubreliproucuufrierit,litteris

83 3111 219 3181 quitatem
234 3125 316 3164 ruam
330 3107 418 3179 (ΡΜ
441 3108 571 3177 fflVlssl·
583 3108 615 3163 tn
624 3109 777 3179 patientia,
795 3106 882 3178 inquit
961 3114 1108 3180 erudierit,
1114 3129 1165 3185 per
1174 3114 1299 3184 singulos
1308 3112 1412 3182 gradus
1423 3112 1627 3167 ecclesiasticos
1644 3126 1729 3183 usquc

85 3197 225 3265 Dominus,
239 3197 418 3270 possidebitis
426 3197 538 3252 animus
547 3199 653 3252 vestros
668 3196 746 3261 (Luc.
763 3193 883 3265 xx1);et
958 3185 994 3239 cd
1004 3186 1180 3256 episcopatus
1195 3184 1304 3255 apicem
1316 3183 1489 3253 provexerit.

85 3286 147 3341 item
158 3285 292 3357 scriptum
303 3292 363 3340 est:
378 3287 512 3342 Doctrina
523 3285 576 3340 uiri
588 3284 819 3357 per-patientiam
834 3300 884 3340 rto-
967 3290 1056 3354 Nunc,
1072 3287 1168 3359 inquit,
1190 3286 1385 3342 retribuentem
1405 3285 1470 3339 mihi
1484 3284 1557 3340 mala
1571 3301 1621 3355 pro
1639 3284 1729 3354 bonis,

84 3376 173 3430 raffau
185 3374 278 3444 (Prov-
295 3373 369 3445 xlx).
386 3372 495 3442 Quanto
510 3373 583 3428 cuim
598 3372 658 3443 quis
681 3372 770 3426 minus
784 3378 825 3426 est
838 3386 884 3441 pa·
934 3383 959 3433 et
974 3376 1037 3432 odio
1052 3392 1097 3433 me
1111 3375 1257 3431 habentem
1267 3374 1363 3447 gratis,
1379 3373 1506 3445 quoniam
1522 3388 1577 3427 non
1591 3371 1670 3426 faveo
1680 3369 1732 3426 tuis

83 3462 161 3526 tiens,
178 3469 254 3518 tanto
268 3461 439 3519 convincitur
458 3461 549 3515 minus
562 3460 668 3516 doctus.
685 3461 719 3515 Et
734 3459 885 3514 meliorest
933 3464 1108 3520 infructuosis
1130 3463 1268 3533 operibus,
1287 3461 1406 3533 quandiu
1419 3468 1446 3516 te
1460 3461 1556 3532 patiar,
1574 3458 1665 3514 multis
1679 3475 1694 3512 a
1706 3465 1732 3513 te

85 3551 191 3620 patiens
205 3551 266 3607 uiro
280 3549 360 3619 forte,
377 3558 403 3606 et
419 3551 465 3621 qui
486 3549 641 3604 dominatur
661 3549 752 3603 animo
768 3563 818 3603 suo
834 3565 883 3601 ex·
935 3553 1048 3608 afflictus
1063 3550 1309 3620 injuriis‘lEtenim
1323 3549 1358 3604 ab
1374 3549 1434 3620 ipsa
1455 3548 1498 3604 die
1513 3554 1567 3603 tuas
1582 3546 1731 3603 ordinatio·

85 3646 234 3712 pugnatore
267 3639 388 3694 urbium.
424 3638 559 3707 Quoniam
587 3636 633 3709 qui
661 3637 744 3691 urbes
772 3635 883 3707 subigit,
934 3641 986 3707 nis,
1003 3647 1058 3695 tam
1073 3639 1165 3695 verbis
1179 3655 1259 3711 quam
1280 3637 1397 3709 scriptis,
1414 3645 1441 3693 et
1455 3635 1615 3692 inordinatis
1629 3634 1737 3715 actibus

85 3734 156 3782 extra
171 3743 202 3783 se
217 3727 349 3798 estquod
367 3726 460 3795 vincit,
477 3726 522 3799 qui
539 3734 630 3781 autern
650 3725 756 3796 patiens
771 3730 822 3789 est,
839 3739 885 3777 se·
935 3744 967 3784 ne
990 3727 1108 3782 motibus
1131 3727 1194 3797 tuis,
1222 3726 1408 3798 frequentibus
1431 3725 1499 3780 adeo
1524 3741 1584 3780 sum
1603 3730 1732 3794 gravatus

88 3814 232 3886 metipsum
255 3814 417 3887 sibimetipsi
433 3814 551 3883 subjicit.
575 3813 672 3868 tolera
694 3813 779 3884 igitur
793 3827 886 3883 aequa·
936 3815 1147 3874 lacerationibus
1170 3822 1251 3887 atque
1278 3813 1494 3880 contusionibus,
1520 3821 1548 3867 ut
1571 3811 1668 3869 taedeat
1689 3827 1733 3867 me

87 3903 194 3958 nimiter
207 3918 277 3974 quos
296 3902 446 3958 contrarios
462 3902 510 3957 tibi
531 3902 655 3971 deputas,
673 3908 700 3954 et
715 3900 798 3972 dilige
812 3898 887 3970 ipsos
937 3905 999 3963 vitae
1018 3920 1086 3959 moae
1098 3921 1104 3959 :
1117 3903 1179 3976 quia
1203 3903 1242 3958 sic
1260 3919 1311 3974 pro
1333 3901 1386 3957 loci
1404 3901 1459 3956 mei
1477 3900 1566 3957 officio
1588 3909 1641 3956 tue
1660 3899 1733 3955 inso-

87 4005 153 4060 quos
167 3990 280 4060 toleras,
296 3999 323 4045 et
337 3989 399 4061 plus
413 4004 480 4062 erga
502 3988 683 4061 corrigendos
699 3995 761 4058 agat
776 3995 822 4041 tua
837 3986 888 4040 bc·
936 3994 1027 4050 lentiae
1043 4010 1102 4048 sum
1117 4007 1266 4055 connexus,
1283 3997 1379 4046 utnon
1394 3990 1483 4045 solum
1505 3996 1566 4061 post
1579 3988 1694 4060 primam
1709 3993 1736 4042 et

90 4078 244 4134 nerolentia
267 4094 349 4150 quam
374 4078 516 4147 severitas,
540 4076 602 4148 plus
630 4075 780 4131 cohortatio
806 4089 888 4145 quam
939 4082 1088 4139 secundom
1113 4081 1323 4152 correptionem,
1348 4079 1423 4148 juxta
1448 4077 1618 4150 Apostolum,
1643 4091 1736 4133 ererum

89 4167 243 4232 commotio,
265 4166 327 4238 plus
351 4167 468 4222 ebaritas
488 4180 568 4237 quam
587 4171 751 4236 potestas:a
766 4178 819 4234 qua
842 4177 889 4217 re·
939 4185 991 4227 nec
1005 4176 1067 4241 post
1086 4169 1227 4240 plurimas,
1253 4167 1379 4238 privatim
1394 4174 1420 4222 et
1435 4182 1523 4223 coram
1548 4165 1738 4222 communibus

87 4255 148 4326 gula
169 4270 225 4310 non
252 4255 426 4322 exorbitabis
443 4255 535 4309 sinon
555 4269 616 4325 quae
640 4261 686 4306 lua
707 4259 769 4306 sunt
789 4250 891 4322 quaesi.
941 4258 1115 4313 familiaribus
1128 4257 1239 4320 nostris,
1256 4254 1534 4327 sedetcoramrege,
1550 4253 1736 4324 aepiscopis,

87 4342 147 4410 “5⁸2
164 4342 213 4398 sed
228 4359 289 4414 φῶ
302 4343 367 4399 Jesstt
382 4342 493 4398 Christi·
510 4344 593 4397 P⁰rr0
609 4340 632 4394 Si
646 4338 781 4395 dOmissssri
796 4338 885 4410 mflssis
942 4362 974 4402 ec
995 4345 1119 4417 plurimis
1139 4344 1208 4410 aliis,
1229 4341 1321 4397 verbis
1342 4349 1369 4396 et
1387 4341 1495 4412 scriptis
1513 4339 1740 4395 commonitiones

87 4446 162 4501 quam
176 4430 321 4487 considere
336 4430 452 4487 subditis
466 4430 594 4499 volueris,
610 4429 700 4483 honor
714 4427 817 4481 inflabit
832 4422 920 4482 su-D
936 4442 962 4490 te
987 4433 1089 4488 valeam
1112 4432 1244 4487 devitare.
1266 4430 1300 4485 Et
1319 4429 1385 4485 licet
1403 4435 1538 4499 exoptem,
1564 4434 1593 4482 ut
1612 4428 1744 4482 darentur

87 4519 216 4586 bethim·
233 4526 260 4574 el
282 4518 354 4589 <1³0⁶
376 4518 516 4589 tls⁰ii⁸¹¹¹1¹
540 4525 582 4572 0⁵1
596 4517 623 4570 1¹¹
648 4515 818 4571 Ordisssslifflte
839 4520 884 4568 ²1¹⁸
937 4522 1002 4576 mibi
1018 4536 1115 4592 pennae
1134 4520 1203 4575 sieut
1224 4517 1367 4583 columbae,
1385 4524 1411 4572 et
1425 4516 1561 4572 avolarem
1579 4529 1612 4572 ac
1629 4513 1738 4587 requie-

88 4606 120 4660 *ἃ
134 4606 322 4674 ⁰⁰1¹⁰0fdi⁸ffl2
340 4606 433 4661 ‘ende‘
453 4605 487 4659 ⁸⁶
506 4621 614 4660 ⁰⁰¹³m·
636 4606 711 4676 Elg⁰
726 4618 787 4676 ⁰8⁴³,
804 4601 888 4657 fille?
938 4625 1043 4665 scerem
1056 4624 1075 4664 a
1090 4615 1115 4663 to
1131 4607 1275 4678 elongatus
1295 4607 1322 4662 in
1338 4606 1456 4678 aliquam
1477 4603 1660 4672 solitudinem,
1682 4616 1739 4659 non

86 4693 251 4762 lhlfissimei
266 4694 339 4767 (1¹¹0d
363 4694 545 4766 ⁰Pi⁸⁰⁰ll⁸¹0m
562 4693 696 4749 ⁰⁰¹¹d0⁰⁸¹
714 4690 885 4764 fraviffllemt
937 4714 1048 4772 possum
1073 4712 1211 4770 quoquam
1240 4696 1372 4768 effugere,
1397 4701 1425 4748 ut
1449 4701 1496 4748 aut
1523 4699 1569 4747 tua
1590 4689 1740 4763 pertinacia

87 4789 245 4853 exspectans
269 4783 357 4838 donec
372 4782 407 4838 ad
421 4781 618 4853 prouincialem
640 4780 785 4852 synodum,
811 4779 889 4848 cujus
938 4786 1106 4844 contumacis
1131 4784 1295 4857 praesentia,
1312 4789 1358 4837 aut
1372 4783 1519 4837 missorum
1538 4788 1642 4834 tuorum
1662 4778 1741 4834 duri·

81 4868 137 4936 Μ
162 4878 271 4943 tempus
293 4870 321 4924 in
340 4869 464 4941 Ps011m0
489 4877 539 4936 esi,
564 4869 768 4935 conveniamus,
788 4867 815 4923 in
835 4881 889 4938 (11¹8
938 4875 1047 4947 loquiis,
1063 4880 1108 4928 aut
1123 4873 1320 4944 scripturarum
1335 4878 1441 4924 tuarum
1468 4866 1690 4942 derogationibus
1713 4873 1741 4923 et

89 4954 195 5014 fauente
219 4974 252 5014 ac
275 4966 440 5029 cooperante
463 4958 590 5023 Domino,
611 4958 760 5014 secundum
779 4955 888 5010 decreta

88 5044 154 5101 beati
169 5046 309 5119 Gregorii,
326 5053 352 5102 et
363 5046 398 5102 de
414 5046 596 5102 incidentibus
610 5046 700 5102 causis
716 5043 887 5114 disceptatio,

85 5140 113 5187 et
126 5134 159 5189 sit
175 5132 293 5190 salubris
308 5134 537 5190 deecclesiastica
550 5134 739 5189 observatione
752 5131 861 5187 collatio
874 5147 881 5185 :

85 5230 217 5293 patenas
231 5221 296 5277 dum
309 5239 359 5293 per
385 5224 438 5278 boc
452 5230 479 5279 et
507 5222 646 5294 praeterita
665 5221 844 5292 corrigentur,
861 5228 889 5275 et

87 5312 210 5383 regulam
224 5310 318 5367 futura
338 5311 500 5382 suscipient,
527 5310 700 5380 omnipotens
714 5308 815 5378 ubique
832 5308 888 5362 Do-

88 5397 172 5456 minus
195 5399 312 5456 fratrum
337 5400 485 5455 concordia
511 5398 689 5463 collaudetur,
714 5396 791 5465 cujus
811 5395 890 5450 nobis

90 5494 182 5553 adesse
202 5497 390 5569 praeentiam,
406 5497 430 5552 si
449 5497 508 5553 baec
531 5494 750 5571 observabimus,
775 5492 890 5550 credere

939 4963 1077 5019 inutilibus
1091 4961 1197 5024 naeniis,
1213 4959 1275 5031 quin
1297 4958 1388 5029 potius
1409 4956 1562 5029 tragoediis,
1576 4964 1622 5011 aut
1641 4956 1742 5011 talibus

940 5068 1000 5124 quae
1012 5065 1068 5105 non
1081 5048 1244 5104 conveniunt
1258 5047 1397 5117 episcopo,
1413 5045 1447 5100 de
1457 5054 1484 5101 te
1493 5043 1676 5101 auditionibus
1687 5058 1743 5099 non

941 5139 1057 5211 affligar.
1068 5137 1164 5204 Etiam
1172 5135 1281 5190 tandem
1292 5133 1385 5204 putavi
1399 5142 1425 5190 te
1435 5134 1531 5207 pigere
1542 5133 1604 5188 talia
1615 5131 1740 5203 exsequi,

941 5243 1001 5284 cum
1016 5241 1080 5281 ecce
1095 5238 1166 5278 nunc
1181 5222 1271 5277 idibus
1285 5222 1449 5280 Novembris
1469 5229 1572 5295 quartae
1587 5218 1743 5276 indictionis

940 5312 1151 5385 prolixissimam
1167 5310 1292 5377 rotulam,
1312 5310 1462 5368 mendaciis
1477 5319 1503 5367 et
1516 5308 1739 5364 irrationabilita-

940 5402 1011 5456 tibus
1025 5416 1057 5457 ac
1076 5398 1248 5471 improperiis
1271 5408 1364 5456 contra
1384 5400 1526 5456 veritatem
1541 5406 1567 5453 et
1590 5398 1739 5453 auctorita-

942 5499 995 5546 tem
1009 5489 1151 5561 repletam,
1167 5488 1234 5545 mihi
1247 5488 1353 5544 misisti.
1369 5489 1403 5544 Et
1417 5487 1500 5544 miror
1513 5503 1563 5544 cur
1577 5487 1617 5544 sia
1630 5486 1739 5543 exfrons
