3794 6104
115 256 169 313 275
578 255 749 310 HlNGllhlll
767 251 968 310 llllEllENSlS
987 251 1265 309 ahcfltarlscoal.
1721 257 1774 311 E'lb

124 377 265 432 bominum
287 392 320 432 ac
342 376 515 433 cohaeredum
537 377 726 442 consistentes,
747 384 776 431 ut
796 393 852 431 suae
866 384 921 430 tra·
935 377 1023 447 Aper
1038 390 1131 430 sacros
1153 390 1271 431 canones
1286 375 1319 430 sit
1333 376 1544 447 metropolitano
1567 375 1728 443 commissa,
1743 377 1777 432 ad

122 464 225 520 dantur
241 464 374 533 ccclesiae,
401 481 455 520 non
470 465 550 521 debet
564 481 664 538 cogere
681 482 688 518 z
704 465 753 519 sed
773 464 921 520 secundum
972 463 1095 519 eamdem
1109 463 1281 534 metropolim
1305 480 1393 529 suam,
1410 464 1489 520 sicuti
1503 465 1539 520 ad
1554 472 1682 530 matrem,
1699 473 1729 519 ut
1743 480 1776 520 ex

123 553 262 625 synodalia
278 561 305 607 et
321 553 470 624 imperialia
485 554 610 624 capitula,
635 570 695 624 quae
710 553 845 626 regularia
860 568 921 608 esse
971 552 1030 620 ejus
1050 551 1189 607 catholicis
1204 551 1336 607 uberibus
1351 552 1490 607 salubrem
1515 560 1596 623 sugat
1610 553 1775 613 doctrinam,

125 641 224 712 probat
238 641 371 707 Ecclesia,
388 650 492 713 satagat
508 642 719 714 quatenusdotis
730 642 919 709 immunitates,
971 639 1118 705 humiliter,
1134 656 1166 696 ac
1180 639 1284 707 sedulo,
1303 646 1383 711 atque
1398 640 1557 695 obedienter
1570 655 1718 695 monemus
1732 657 1775 695 re·

123 729 193 784 sicut
208 738 313 784 caeterae
325 729 458 795 ecclesiae,
474 730 634 785 auctoritate
659 730 734 802 regis
748 729 874 794 habeant,
895 737 922 785 et
971 742 1094 784 currere.
1119 727 1154 781 Et
1169 742 1223 781 non
1246 727 1361 798 amplius
1383 743 1465 799 quam
1481 727 1532 783 sibi
1547 744 1599 799 per
1613 743 1711 784 sacras
1728 744 1775 784 rc-

122 816 189 889 ipsae
204 817 238 872 ab
253 817 356 872 eisdem
371 817 464 872 liberis
480 818 633 872 hominibus
654 817 798 888 potiantur.
815 817 921 872 Talem·
972 816 1050 887 gulas
1064 823 1106 869 est
1121 830 1291 879 consessum,
1307 813 1426 870 indebite
1447 832 1580 888 usurpare
1599 833 1606 869 τ
1623 832 1688 872 cum
1701 823 1775 874 tanto

123 921 228 978 queso,
244 914 409 975 cooperante
433 906 560 974 Domino,
577 907 605 960 in
620 906 724 962 cunetis
740 906 875 972 exhibeat,
893 913 921 960 ut
972 904 1110 959 charitatis
1136 918 1168 959 ac
1192 903 1350 958 humilitatis
1373 904 1477 974 glutino
1498 906 1646 975 preceptis
1673 904 1775 959 saluta·

122 1008 229 1049 sacrum
253 993 431 1050 ministerium
454 1010 508 1049 non
533 994 691 1065 vituperet:
713 994 759 1066 qui
783 994 861 1049 etiam
886 994 920 1048 ab
972 992 1045 1046 ribus
1061 991 1095 1045 ad
1110 991 1322 1046 inricemsimus
1333 992 1458 1058 connexi,
1474 999 1503 1046 ut
1517 991 1691 1048 deentesibi
1702 1007 1777 1047 man·

120 1080 163 1137 bis
176 1081 223 1152 qui
237 1081 302 1136 loris
317 1091 380 1136 sunt
393 1082 578 1138 testimonium
598 1082 699 1137 bonum
718 1083 793 1151 iuxta
807 1090 920 1152 aposto·
971 1080 1036 1135 dato
1051 1079 1142 1135 divino
1158 1081 1317 1151 :Interrogo
1323 1083 1435 1152 petrem
1447 1084 1539 1145 tuum,
1549 1087 1578 1135 et
1585 1081 1776 1137 annuntiabit

121 1168 200 1225 licam
215 1170 367 1225 doctrinam
382 1170 484 1225 habere
497 1169 588 1224 debet.
599 1170 671 1224 Nam
681 1170 757 1239 eujus
767 1170 821 1226 rita
832 1171 921 1241 despi·
972 1168 1041 1235 tihi,
1055 1170 1176 1239 majorca
1191 1171 1263 1232 tuos,
1280 1173 1309 1223 ct
1328 1170 1425 1223 dicent
1439 1168 1491 1224 tibi
1504 1168 1598 1238 (Dent.
1615 1183 1669 1234 xxx,
1686 1170 1732 1239 ἠς
1749 1177 1776 1225 et

121 1257 199 1323 citur,
227 1265 313 1312 restat
327 1265 356 1313 ut
371 1265 398 1313 et
411 1257 567 1327 praedicatio
590 1266 777 1313 contemnatur
794 1275 801 1312 :
819 1265 845 1312 et
859 1274 921 1314 eum
972 1255 1051 1310 nobis
1065 1274 1071 1308 :
1084 1258 1228 1311 Rectorem
1243 1259 1269 1311 te
1283 1260 1448 1327 posuerunt,
1461 1257 1520 1312 noli
1530 1257 1644 1321 extolli,
1658 1257 1707 1312 sed
1716 1261 1775 1314 esto

120 1354 216 1416 pastor
230 1362 280 1416 per
293 1346 406 1416 abrupta
421 1345 554 1418 graditur,
571 1345 640 1400 solet
656 1344 714 1401 lieri
731 1354 760 1400 ut
774 1346 808 1400 ad
823 1346 921 1416 praeci·
971 1347 1003 1399 ιη
1018 1345 1079 1399 illis
1094 1346 1259 1416 gauslenus
1269 1345 1385 1415 colpeio
1395 1344 1493 1413 (Eceli.
1504 1358 1599 1404 xxxix.
1610 1344 1655 1414 l);
1668 1351 1711 1399 et:
1724 1344 1776 1411 Qus

121 1433 217 1505 pitium
233 1449 301 1503 grex
316 1440 453 1505 sequatur.
469 1435 504 1487 Et
517 1450 552 1490 ne
566 1449 728 1506 quemquam
744 1434 920 1490 ecelesiastici
971 1435 1110 1504 mojorrst
1122 1432 1776 1503 c·catram.critrninislcrverter(llottlr.x-xur,

120 1520 224 1576 ordinis
238 1521 400 1585 ministrum,
417 1522 561 1578 occasione
577 1522 661 1593 turpis
683 1522 758 1586 lucri,
776 1529 804 1577 ut
819 1522 920 1593 aliquid
972 1522 1019 1590 ιι)
1037 1519 1250 1575 :obedientibus
1282 1520 1385 1575 scilieet
1419 1519 1597 1575 ministrando
1631 1527 1775 1591 paternam

122 1608 157 1665 ab
170 1624 204 1664 eo
218 1609 342 1664 absoluto
359 1609 457 1681 capiat,
474 1617 569 1665 contra
585 1625 678 1666 sacras
693 1611 801 1682 regulas
815 1626 921 1666 exeom-
970 1609 1134 1677 doctrinam,
1151 1615 1176 1664 ct
1192 1607 1421 1673 inobedientibus,
1438 1608 1511 1679 quod
1525 1607 1642 1676 majoris
1658 1615 1712 1675 est,
1728 1625 1775 1665 re-

93 1752 98 1765 ,
122 1697 252 1763 municet,
276 1697 439 1753 inhibemus.
466 1697 547 1766 Quia,
564 1706 593 1753 ut
607 1707 716 1754 sanctus
740 1698 918 1771 Augustinus,
935 1697 1098 1785 Bgularem
1119 1696 1257 1752 eharitatis
1278 1696 1477 1766 correptionem
1501 1712 1584 1777 :laos
1608 1696 1727 1752 fratrum
1751 1707 1777 1753 et

124 1800 263 1856 exponens
278 1785 438 1841 seutentiam
454 1786 528 1842 Pauli
541 1787 672 1857 apostoli:
684 1788 801 1858 Auferte
811 1789 920 1843 rnoluur
976 1785 1201 1842 consacerdotum
1215 1792 1369 1840 vestrorum
1393 1782 1547 1839 salubribus
1567 1783 1723 1840 debeamus
1737 1785 1774 1840 uti

126 1889 164 1929 ea
179 1874 251 1930 vobis
265 1875 290 1945 (l
304 1875 363 1931 Cor.
381 1874 419 1944 v),
437 1875 615 1942 demonstrat,
632 1890 686 1930 non
700 1882 801 1930 temere
816 1882 843 1930 et
856 1892 922 1947 quo·
973 1872 1104 1939 consiliis,
1120 1880 1147 1928 et
1163 1873 1213 1944 ipsi
1229 1872 1340 1928 obedire
1355 1871 1473 1943 paternis
1488 1887 1521 1928 ac
1535 1871 1711 1943 regularibus
1720 1889 1777 1927 mo

124 1961 283 2029 modohbet,
299 1962 347 2018 sed
362 1963 554 2032 perjudicium
577 1962 717 2019 auferendi
736 1971 798 2019 sunt
812 1964 874 2019 mali
888 1964 923 2019 ab
973 1962 1046 2017 nitis.
1062 1962 1131 2017 llinc
1155 1977 1233 2034 ergo,
1257 1968 1284 2017 et
1304 1961 1362 2016 haec
1377 1967 1404 2015 et
1419 1959 1472 2015 alia
1495 1966 1632 2031 praecepta
1657 1959 1776 2015 salubria

125 2050 247 2106 ecclesia
269 2051 468 2106 communione.
492 2051 575 2107 ιιιιιιο
599 2053 686 2124 magis
709 2059 798 2107 autem
821 2068 923 2107 caven·
974 2050 1140 2116 observanti,
1156 2050 1261 2105 devotis
1281 2049 1379 2104 animis
1392 2063 1442 2105 ros
1463 2048 1643 2119 obsequendo
1665 2048 1775 2104 obedire

125 2138 189 2193 dum
205 2146 256 2208 est,
269 2155 305 2194 ne
320 2139 379 2195 sine
402 2139 521 2213 regulari
541 2139 644 2209 judicio
667 2140 784 2195 ministri
799 2140 923 2197 ecclesie
974 2146 1090 2209 oportet,
1106 2145 1134 2193 ιιι
1148 2136 1384 2208 irreprehensibile
1403 2135 1597 2208 placidumque
1610 2134 1661 2191 frat
1674 2151 1775 2207 corpus

124 2225 212 2282 officio
228 2241 278 2282 suo
292 2227 443 2297 prirentur.
460 2226 640 2298 Quapropter,
658 2229 727 2285 sicut
737 2227 834 2284 beatus
844 2228 924 2284 docet
974 2226 1115 2294 Ecclesiae,
1131 2241 1181 2297 per
1195 2226 1332 2280 Christum
1346 2225 1492 2280 Dominum
1505 2232 1642 2288 nostrum,
1653 2225 1703 2297 qui
1713 2224 1777 2280 vivit

126 2315 288 2386 Gregorius,
305 2315 328 2369 si
344 2315 457 2387 quidde
481 2331 642 2388 quoeunque
666 2317 765 2372 clerieo
784 2317 820 2372 ad
843 2333 925 2372 aures
975 2324 1001 2372 ct
1020 2322 1117 2386 regnat
1138 2329 1200 2370 cum
1224 2315 1281 2369 Deo
1302 2314 1382 2369 Patre
1405 2313 1600 2384 omnipotente,
1623 2313 1652 2367 in
1673 2313 1774 2369 unitate

128 2418 191 2458 suas
212 2403 370 2473 pervenerit
393 2404 463 2476 quod
489 2420 552 2460 cum
569 2407 642 2474 juste
666 2413 758 2476 posset
773 2403 923 2472 offendere,
976 2404 1091 2476 Spiritus
1106 2403 1193 2458 sancti
1208 2403 1292 2468 Deus,
1308 2417 1357 2472 per
1370 2400 1461 2456 omnia
1474 2400 1575 2458 secula
1597 2400 1771 2457 saeculorum.

127 2489 205 2547 facile
220 2506 275 2546 non
290 2490 390 2561 eredat,
405 2506 456 2548 neo
472 2492 505 2547 ad
522 2491 669 2549 vindictam
681 2492 757 2548 illum
772 2509 817 2548 res
831 2509 927 2549 accen·
975 2495 1072 2548 Amen.

35 2638 38 2642 ,
129 2578 173 2632 dat
197 2578 345 2652 incognita,
369 2580 511 2636 attendens
532 2580 605 2652 quod
626 2580 833 2652 scriptumest:
852 2584 925 2638 Cort-
1011 2581 1172 2635 Hinemarus
1196 2585 1295 2634 sanctae
1315 2576 1473 2648 metropolis
1496 2577 1630 2633 Ecclesiae
1655 2578 1773 2635 Rhem-

130 2684 192 2723 rom
207 2683 291 2740 paam
307 2669 473 2732 nesciebam,
494 2670 710 2741 diligentissime
724 2672 926 2742 investigabam
976 2669 1206 2740 rum'episcopus‚
1224 2675 1250 2722 et
1264 2666 1352 2738 plebis
1366 2666 1416 2721 Dei
1427 2665 1555 2733 feramus,
1571 2674 1596 2720 et
1612 2665 1775 2722 venerabilis

128 2756 187 2825 (lob
199 2770 280 2824 xxxx,
299 2756 352 2828 lb).
370 2756 404 2811 Et
418 2757 598 2827 praesentibus
620 2757 774 2814 senioribus
796 2758 928 2816 Ecclesia
976 2756 1069 2814 fratris
1083 2754 1225 2812 Hedenulh
1239 2756 1267 2809 in
1283 2762 1376 2811 sancta
1392 2753 1562 2809 laudunensi
1577 2754 1716 2823 Ecclesia,
1735 2753 1773 2810 ia·

129 2859 186 2900 suae
200 2843 346 2917 diligenter
360 2845 499 2901 veritatem
513 2847 679 2916 perscmtari
700 2847 788 2903 modis
802 2847 927 2903 omnibus
976 2853 1056 2901 rente
1073 2845 1122 2900 Dei
1137 2843 1231 2917 gratia,
1248 2842 1396 2909 ordinator,
1413 2841 1455 2896 his
1468 2840 1564 2897 litteris
1584 2842 1737 2912 canonicis,
1751 2852 1776 2898 et

129 2932 254 2998 studeat;
270 2941 297 2987 et
311 2940 384 2999 tunc,
411 2932 433 2988 si
449 2933 564 3004 qualitas
587 2935 626 2990 rei
650 2935 815 3005 poposcerit,
842 2951 928 2991 cano·
977 2934 1102 2989 ordinato
1123 2942 1149 2988 et
1171 2932 1335 2989 electoribus
1359 2930 1444 3001 ipsius
1466 2929 1575 3001 publice
1598 2930 1684 2997 datis,
1708 2946 1774 2987 anno

130 3019 200 3076 nioae
212 3020 346 3076 districtio
361 3021 466 3093 culpam
481 3021 559 3078 feriat
573 3023 927 3093 delinquentissecundum
978 3022 1173 3078 lucarnationis
1209 3021 1359 3077 Dominicae
1387 3021 1448 3084 877,
1477 3034 1547 3075 anno
1581 3027 1675 3075 autern
1701 3020 1774 3092 regni

129 3109 254 3164 ordinem
269 3125 285 3164 a
299 3109 385 3165 sacris
408 3110 510 3184 regulis
533 3111 712 3182 propositum.
736 3111 770 3166 Et
783 3120 812 3167 ut
831 3120 928 3169 cuncta
942 3075 1071 3166 Cldomni
1094 3110 1184 3166 Caroli
1209 3108 1377 3180 imperatoris
1397 3122 1510 3174 xxxxix,
1530 3115 1558 3163 et
1579 3123 1653 3165 anuo
1673 3107 1776 3180 imperii

131 3197 208 3253 brevi
223 3197 332 3269 cingulo
346 3198 572 3271 perstringamus,
596 3199 664 3253 nihil
683 3216 732 3270 per
744 3207 928 3271 contemptum
979 3200 1036 3270 ejus
1053 3216 1083 3265 ιι,
1100 3198 1259 3269 subscripsi.

131 3286 330 3343 contumaciter
352 3285 443 3357 saciat,
459 3288 503 3343 rel
519 3286 579 3344 lieri
595 3288 623 3343 in
637 3288 766 3359 parochia
792 3304 839 3344 sua
862 3305 928 3361 per·
1015 3287 1075 3344 Odo
1090 3287 1297 3358 Belgixacorum
1313 3285 1467 3357 episcopus,
1485 3283 1646 3356 subscripsi.

130 3375 225 3442 mittat,
243 3382 374 3447 quantum
389 3391 422 3431 ex
436 3375 496 3447 ipso
511 3375 600 3442 luerit,
622 3377 695 3449 quod
716 3377 750 3432 nit
764 3378 929 3450 evangelicae
1014 3375 1188 3450 Raginelmus
1203 3372 1429 3445 Norionxagensis
1444 3372 1599 3444 episcopus,
1616 3373 1774 3445 subscripsi.

132 3463 249 3530 veritati,
265 3471 291 3519 et
306 3464 463 3535 apostolieae
474 3465 622 3532 traditioni,
648 3473 693 3520 aut
720 3466 805 3521 sacris
826 3467 929 3538 regulis
1013 3466 1133 3522 loannes
1152 3461 1356 3519 Cameracensis
1378 3460 1509 3517 Ecclesiae
1532 3461 1691 3534 episcopus,
1717 3462 1775 3516 sub

110 3545 281 3609 inimicum.
304 3553 332 3608 Si
356 3561 445 3609 autem
473 3553 574 3611 tectum
597 3554 753 3627 contigerit,
777 3557 929 3626 arguendo,
980 3554 1088 3625 scripsi.

133 3640 314 3707 obsecrando,
337 3641 503 3712 increpando
526 3642 675 3698 seeundum
690 3642 761 3713 quod
776 3643 873 3714 cuique
888 3644 930 3698 vi·
1015 3641 1194 3697 willebertus
1204 3639 1411 3695 Catalaunorum
1425 3637 1534 3694 humilis
1544 3638 1703 3711 episcopus,
1718 3637 1775 3693 sub·

134 3728 204 3785 derit
218 3729 358 3799 expedire,
371 3730 447 3797 juxta
462 3729 635 3784 traditionem
644 3731 788 3798 majorum,
803 3737 932 3802 quantum
982 3731 1089 3803 scripsi.

135 3816 261 3887 potuerit,
278 3816 422 3872 emendare
437 3825 572 3887 procuret.
1017 3817 1194 3874 hildeboldus
1222 3814 1427 3872 suessionensis
1463 3813 1598 3871 Ecclesiae
1627 3814 1776 3887 episcopus,

172 3904 339 3959 Pastoralem
354 3904 487 3976 siquidem
503 3904 623 3976 regulam
637 3904 709 3960 beati
719 3904 848 3977 Gregorii
861 3922 934 3962 men·
982 3907 1141 3977 subscripsi.

136 3999 173 4058 te,
190 4006 248 4060 ore,
264 4008 296 4046 ae
310 4007 403 4058 manu,
429 4000 560 4066 quantum
583 3993 636 4049 sibi
658 3993 789 4049 Dominus
811 3994 879 4050 scire
901 4011 933 4052 ac
1018 3996 1153 4052 Geroldus
1175 3992 1366 4050 ambianensis
1389 3990 1521 4049 Ecclesiae
1542 3990 1703 4064 episcopus,
1719 3991 1776 4047 sub·

137 4078 220 4151 posse
234 4078 386 4145 contulerit,
402 4080 431 4135 in
444 4081 546 4136 eunctis
560 4081 638 4152 sequi
657 4088 793 4151 procuret.
810 4081 933 4137 lliniate·
983 4085 1090 4154 scripsi.

138 4168 209 4224 rium
224 4167 326 4239 itaque,
343 4175 477 4238 ornatum,
493 4169 537 4226 rel
550 4169 752 4242 patrimonium,
773 4177 854 4241 atque
869 4169 934 4226 red·
1019 4173 1188 4228 llndebertus
1222 4169 1431 4227 silvanectensis
1461 4168 1593 4225 Ecclesiae
1626 4169 1776 4242 episcopas,

139 4256 211 4312 ditus
224 4256 268 4312 vel
287 4256 427 4313 facultates
451 4257 582 4325 eeclesiae,
606 4265 687 4330 prout
708 4259 785 4331 leges
808 4258 935 4314 divinitus
985 4262 1142 4332 subscripsi.

111 4335 117 4348 ’
137 4346 316 4419 promulgata
330 4344 484 4418 praefigunt,
502 4347 606 4403 studeat
621 4363 794 4416 conservare,
818 4347 935 4418 amplia·
1251 4373 1421 4431 EPISTOLA
1444 4374 1514 4430 Lm·

137 4451 176 4504 re,
194 4450 306 4508 augere,
324 4436 368 4491 rel
386 4435 555 4506 dispensare,
573 4443 598 4491 et
613 4436 784 4491 monasteriis
805 4436 833 4491 in
848 4428 975 4507 paro-D

138 4524 200 4580 chia
226 4540 277 4580 sua
304 4524 362 4580 sitis
390 4525 547 4580 canonicam
572 4525 770 4596 providentiam
798 4533 885 4597 gerat,
909 4533 935 4581 et

141 4620 270 4684 quantum
291 4630 324 4668 ex
346 4613 406 4684 ipso
427 4611 519 4679 suerit,
542 4612 631 4667 debita
651 4612 803 4686 privilegia,
821 4621 848 4668 et
862 4614 934 4669 anti·
1134 4594 1262 4647 Fratrem
1275 4589 1423 4663 quemdam
1438 4588 1630 4646 mmmmdssl·

140 4716 221 4774 quam
235 4717 267 4757 ac
282 4702 436 4773 regularem
451 4699 674 4757 consuetudinem
699 4708 798 4756 servet.
815 4700 935 4757 Ordina-
1346 4703 1427 4759 (totu.)

140 4788 228 4843 tiones
243 4792 554 4863 compresbyterorum,
571 4796 598 4843 et
613 4789 778 4845 sacrosancti
792 4790 936 4860 baptisma·
1021 4795 1249 4854 {reverentissimo
1262 4803 1290 4850 et
1303 4794 1475 4850 sanctissimo
1490 4791 1569 4848 fratri
1579 4791 1728 4848 Faxueom
1738 4791 1784 4847 Ec·

141 4876 175 4930 tis
190 4886 389 4933 sacramentum
405 4878 554 4935 secundum
576 4876 747 4932 traditionem
769 4877 935 4933 ecclesiasti·
986 4887 1076 4944 oleeiae
1103 4883 1270 4958 Tungrcnsis
1302 4883 1441 4954 episeopo,
1475 4882 1652 4946 herroneus,
1684 4887 1784 4936 sancte

142 4978 203 5020 eam
216 4963 320 5019 studeat
334 4981 425 5036 agere.
729 5013 732 5017 -
986 4975 1144 5046 metropolis
1179 4973 1343 5028 Rhemorum
1376 4969 1506 5026 Ecclesiae
1528 4967 1688 5040 episeopus,
1714 4975 1786 5042 optat

179 5053 228 5109 Cui
243 5053 322 5108 etiarn
337 5053 409 5121 lieet,
424 5056 574 5126 inspirante
584 5054 675 5111 dirim
685 5054 780 5127 gratia,
793 5052 936 5109 abundans
987 5071 1150 5136 praesentem
1166 5069 1191 5117 er
1206 5067 1362 5132 perpetuam
1377 5059 1503 5114 salutern.

142 5144 213 5200 absil
227 5142 360 5208 (ἰοιιιίῡὸ,
386 5150 474 5198 tamen
502 5160 550 5214 ιιι)
572 5143 655 5200 ῐιθιιιῑ
681 5142 761 5199 Officii
785 5142 887 5209 debite,
904 5158 937 5197 ΒΧ
1021 5152 1133 5206 Noverit
1148 5150 1246 5206 dilecta
1259 5149 1379 5204 charitas
1394 5154 1484 5202 vestra
1498 5146 1560 5217 quia
1573 5145 1620 5201 hie
1634 5143 1723 5201 irater
1736 5159 1787 5201 no·

142 5232 241 5289 sonnio
264 5238 364 5286 sancto*
385 5232 543 5301 melt0polis
566 5233 731 5289 Rhemorum
746 5230 937 5288 documentum
987 5241 1060 5295 mino
1071 5238 1209 5295 Flodulius
1220 5239 1282 5293 ideo
1294 5244 1414 5292 nostram
1425 5233 1540 5291 accessit
1550 5234 1585 5289 ad
1596 5234 1789 5302 humilitatem,

143 5319 209 5375 dire
227 5319 396 5375 studebimus
417 5318 534 5390 qualiter
555 5335 594 5388 ὅθι
619 5328 785 5391 0ῡῡιιθιᾶιιῖθ
808 5319 936 5385 Βθιῐιῑῦθ,
988 5329 1050 5401 quia
1069 5329 1097 5382 in
1121 5336 1215 5383 nostro
1240 5326 1289 5381 luit
1312 5325 1373 5381 loeo
1395 5325 1510 5380 nutritus
1537 5330 1620 5394 atque
1648 5321 1790 5379 educatus.

143 5421 250 5463 morum
264 5406 401 5478 probitate
423 5414 450 5463 et
465 5406 594 5463 doetrinae
612 5408 700 5464 studio
715 5409 811 5465 debeat
828 5423 936 5480 gerere.
989 5417 1171 5487 Quamobrem
1182 5415 1325 5486 dirigimus
1336 5413 1371 5470 ad
1381 5429 1429 5469 vos
1440 5413 1490 5466 hes
1499 5411 1614 5478 litteras,
1624 5418 1655 5467 ut
1662 5410 1794 5468 libentius

141 5507 237 5577 lpsum
247 5519 312 5563 vero
328 5521 383 5563 non
396 5504 520 5563 nescium
535 5505 606 5576 quod
621 5506 701 5563 totius
715 5505 863 5578 provinciae
872 5519 938 5562 cura
989 5522 1050 5564 eum
1066 5505 1183 5563 charitas
1207 5511 1298 5561 restra
1312 5502 1434 5573 recipiat.
1449 5502 1485 5557 Et
1498 5499 1563 5575 quia
1577 5500 1630 5556 sub
1654 5500 1793 5575 regimine

1075 4508 1110 4550 ab
1129 4507 1298 4548 FRANGONEM
1320 4504 1509 4546 TUNGEENSEH
1526 4504 1694 4546 harsanium.
