3794 6104
62 121 91 174 ts
758 111 945 170 EPISTOLAE.
1676 116 1711 170 66

61 242 202 299 reddimus
229 243 259 297 in
291 241 415 314 epistobs
434 240 536 297 nostris
564 240 665 296 domno
690 239 841 310 apostolico
852 280 859 303 ,
872 239 900 298 A
915 240 985 294 sedit
998 238 1271 305 Rodullusmanibns
1279 253 1374 294 eorum
1385 238 1557 311 subscripta;
1568 238 1597 294 in
1612 238 1711 310 quaab

57 347 143 403 qnare
173 347 225 386 eos
239 346 295 403 ego
315 346 372 386 non
386 328 500 386 restitui.
526 329 646 384 Altemm
663 336 754 383 autem
791 326 861 382 seri-
912 327 978 398 ipsis
993 328 1039 399 qui
1053 326 1244 392 interfuerunt,
1255 334 1282 382 et
1297 328 1332 381 ab
1349 327 1438 383 Airdfo
1456 327 1503 399 qui
1519 343 1588 383 unus
1603 325 1653 381 fuit
1674 326 1709 382 de

53 427 131 491 ptum
140 418 208 474 ideo
218 419 293 484 dedi,
303 419 366 490 quia
374 419 443 474 sicut
456 416 530 472 scitis
540 433 595 471 non
605 417 716 487 {tutabat
726 431 770 471 me
794 413 862 470 l'ul-
908 416 1046 486 judicibus
1057 416 1162 471 Ebonis
1176 415 1330 484 audierunt,
1347 415 1551 486 comprobatum
1567 413 1617 470 fuit
1638 431 1711 473 eum·

48 507 136 563 fadus
152 509 192 563 ad
215 508 292 563 illum
306 506 528 563 condescendere
544 505 630 569 velle3
648 513 674 560 et
688 504 750 560 licet
765 520 820 558 non
835 502 863 556 in
912 503 975 559 dem
989 505 1112 559 Ebonem
1131 503 1295 576 regulariter
1315 502 1400 559 fuisse
1413 504 1576 574 depositum.
1606 503 1711 560 Deinde

45 611 111 652 mea
139 597 302 666 praesentia,
333 603 425 650 tamma
450 595 593 650 audiebam
619 609 668 665 per
695 592 764 648 alios
787 591 863 646 illum
912 600 1023 648 ostensa
1037 601 1098 647 sunt
1120 592 1262 664 privilegia
1284 592 1378 648 domni
1406 592 1543 648 Benedicti
1571 600 1598 648 et
1629 592 1710 648 domo

42 684 148 741 dicere
163 685 315 751 interdum,
331 684 454 738 Ebonem
469 697 525 739 non
543 681 628 737 fuisse
642 680 805 754 regulariter
818 680 864 735 de·
911 681 1026 746 Nicolai‚
1048 681 1093 752 qui
1109 682 1165 736 suis
1179 681 1423 752 subscriptionibus
1438 689 1465 737 et
1479 681 1583 736 Ebonis
1597 681 1710 752 deposi-

39 774 187 846 positum,
223 772 363 828 interdum
390 780 480 828 autem
508 770 673 843 regulariter
697 769 860 825 restitutum.
912 770 1013 825 tionem
1029 778 1056 823 et
1070 770 1185 824 istorum
1200 769 1628 837 dejectionemconfirmaverunt.
1642 770 1709 839 Quae

41 862 77 918 Et
96 862 168 917 ideo
184 861 373 917 demonstrari
395 860 521 915 eumdem
549 860 673 914 Ebonem
703 856 863 930 regulariter
913 859 935 913 si
965 859 1056 913 omnia
1083 859 1161 913 robis
1189 858 1301 930 longum
1330 858 1409 914 fuerit
1432 859 1711 925 enarrare,breviter

42 951 224 1021 depositum,
242 958 268 1006 et
284 966 339 1006 non
366 949 530 1019 regulariter
555 947 709 1002 restitutum
726 964 733 1000 :
750 945 796 1018 qui
812 945 861 999 da·
912 947 1034 1018 poteritis
1050 946 1151 1010 dicere,
1168 963 1228 1017 quae
1243 947 1312 1001 bene
1327 946 1406 1002 firma
1421 956 1514 1003 tenere
1529 947 1633 1002 debetis
1648 946 1711 1020 quia

44 1048 164 1094 mnatus
180 1055 256 1094 anno
273 1037 470 1094 incarnationis
482 1036 631 1093 Dominicae
645 1039 706 1104 835,
724 1051 753 1089 tt·
769 1035 862 1089 Nonas
913 1037 988 1092 scitis
998 1036 1092 1107 quales
1108 1043 1170 1089 sunt
1184 1035 1314 1106 quidam;
1331 1045 1358 1089 et
1372 1043 1434 1106 peto
1449 1044 1478 1090 ut
1493 1052 1546 1092 non
1568 1036 1712 1107 displiceat

47 1127 176 1191 llartias,
208 1136 235 1182 et
254 1142 304 1198 per
332 1127 471 1182 decernet
493 1133 698 1196 septemannos
722 1130 817 1194 postea
834 1123 862 1175 in
913 1124 990 1180 robis
1007 1124 1080 1194 qum
1095 1124 1157 1178 talia
1181 1121 1461 1179 robismandofirma
1488 1131 1581 1179 tenere
1596 1126 1708 1191 debere,

50 1232 138 1272 earne
155 1216 266 1282 vivens,
278 1231 354 1270 suam
370 1214 464 1270 sedem
478 1213 642 1285 regulariter
652 1212 679 1266 in
695 1212 861 1283 synodonon
912 1213 989 1284 quasi
1003 1229 1047 1266 me
1063 1220 1154 1284 putem
1170 1212 1247 1266 vobis
1268 1211 1468 1281 sapientiorem,
1486 1212 1549 1282 quia
1564 1229 1597 1268 ex
1620 1214 1710 1268 cbari-

53 1304 175 1376 repetiit‚
192 1320 284 1376 neque
298 1303 424 1368 obtinuit,
440 1318 491 1358 nec
506 1302 589 1358 etiam
605 1316 682 1356 suam
698 1300 861 1356 canonicam
912 1309 967 1355 tate
981 1302 1033 1357 boc
1049 1301 1119 1361 dico,
1137 1309 1163 1355 et
1178 1300 1242 1354 talia
1256 1300 1322 1354 milti
1337 1315 1353 1355 a
1368 1300 1445 1355 robis
1460 1300 1584 1355 mandari
1600 1301 1707 1372 vellem,

54 1393 269 1457 restitutionem,
285 1399 331 1446 aut
345 1407 360 1446 a
375 1391 440 1446 sede
464 1390 635 1461 apostolieat,
661 1397 706 1443 aut
722 1405 738 1442 a
755 1388 861 1458 synodo
912 1391 935 1444 si
949 1390 1001 1445 tale
1012 1390 1180 1444 missaticum
1197 1390 1326 1444 haberem
1342 1390 1411 1446 sicut
1426 1405 1475 1445 ros
1490 1390 1607 1444 habetis.
1619 1390 1708 1444 Verba

57 1481 221 1554 regulariter
236 1478 347 1546 factam,
377 1478 526 1535 secuudum
554 1493 673 1533 canones
701 1485 727 1532 et
750 1476 861 1531 decreta
912 1487 1003 1533 autem
1031 1495 1091 1550 quae
1116 1494 1165 1533 vos
1195 1476 1273 1532 firma
1301 1478 1403 1532 babere
1432 1478 1547 1544 debetis,
1576 1487 1602 1533 et
1630 1479 1710 1534 etiam

59 1569 131 1624 sedis
146 1570 279 1624 Romanae
299 1567 347 1623 ulli
363 1566 468 1638 synodo
492 1567 520 1621 in
546 1567 664 1621 uitasua
687 1564 816 1631 ostendit,
833 1567 1003 1652 ethestri,
1039 1567 1061 1621 si
1083 1566 1257 1638 aliquisinde
1288 1565 1368 1621 fuerit
1401 1574 1528 1633 tentatus,
1557 1567 1709 1622 istasunt:

59 1673 167 1712 omnem
178 1656 360 1729 quaestionem
369 1656 403 1710 de
413 1654 460 1711 illo
474 1655 627 1711 secundum
635 1654 712 1726 leges
723 1651 857 1709 ecclesia·
910 1655 981 1724 Quia
996 1657 1146 1712 secundum
1161 1663 1283 1711 tenorem
1295 1655 1470 1726 epistolarum
1489 1656 1582 1711 domni
1598 1666 1710 1728 aposto·

60 1745 138 1801 sticas
154 1754 184 1800 et
199 1746 335 1800 humanas
346 1744 403 1813 iam
415 1743 564 1799 tricennale
580 1751 606 1798 et
621 1757 654 1797 eo
665 1740 781 1813 amplius
791 1749 858 1795 tem·
909 1744 963 1808 lici,
981 1744 1050 1800 sicut
1064 1744 1093 1798 in
1109 1744 1149 1799 eis
1165 1744 1294 1814 scriptum
1309 1744 1435 1813 babetur,
1452 1753 1547 1800 cuncta
1563 1762 1614 1815 per
1633 1747 1709 1801 ordi·

60 1852 105 1906 pus
119 1834 254 1890 excludit.
265 1831 399 1901 Quoniam
414 1840 443 1887 ut
458 1833 512 1887 Leo
526 1832 560 1886 ad
575 1831 748 1888 Theodorum
763 1828 860 1884 scribit
908 1849 971 1888 nem
986 1850 1047 1904 qum
1062 1833 1089 1886 in
1104 1833 1162 1887 istis
1178 1831 1307 1887 fratribus
1317 1840 1396 1905 gesta
1411 1841 1473 1887 sunt
1496 1834 1627 1891 canonice
1646 1851 1709 1891 exa·

61 1924 151 1996 (epist.
169 1925 217 1989 59,
234 1922 285 1977 sub
296 1921 438 1991 medium),
455 1921 528 1993 quod
549 1935 664 1975 manens
692 1918 720 1973 in
743 1933 859 1988 corpore
908 1921 1054 1985 minanteS,
1081 1920 1222 1976 invenistis
1251 1921 1374 1975 Ebonem
1399 1921 1472 1989 juste
1497 1930 1522 1977 et
1550 1923 1710 1996 regulariter

61 2027 109 2066 non
123 2010 244 2081 recepit,
260 2010 391 2082 consequi
405 2018 501 2065 erutus
530 2025 611 2064 carne
625 2024 680 2064 non
693 2007 801 2078 poterit.
817 2006 858 2062 De
908 2010 1064 2081 depositum
1079 2019 1105 2064 et
1121 2025 1176 2065 non
1202 2008 1367 2079 regulariter
1394 2010 1556 2076 restitutum,
1587 2019 1613 2068 et
1639 2012 1710 2067 istos

62 2100 135 2169 cuius
166 2098 340 2169 depositione
376 2099 524 2154 admodum
538 2097 617 2168 plura
631 2096 719 2151 babeo
735 2111 816 2166 quam
830 2094 859 2148 in
908 2097 1005 2153 fratres
1019 2114 1103 2153 nona
1121 2114 1165 2153 me
1180 2098 1229 2152 sed
1244 2098 1374 2169 asynodo
1388 2097 1708 2172 episcopommquinque

62 2188 164 2258 synodo
181 2187 266 2242 modo
281 2187 457 2253 ostenderim,
474 2187 581 2242 sicutet
596 2184 697 2255 inipso
712 2183 815 2255 scripto
831 2182 859 2236 in
906 2187 1108 2258 provinciarum
1120 2187 1255 2256 judicatos
1277 2187 1427 2242 secundum
1454 2202 1548 2243 sacros
1577 2204 1705 2259 canones,

63 2276 163 2347 synodo
174 2283 217 2330 est
232 2275 373 2341 relectum,
385 2274 483 2329 ubime
492 2273 624 2330 canonice
635 2272 750 2328 electum
767 2279 793 2327 et
808 2287 858 2326 ca·
908 2284 933 2330 et
947 2275 1057 2332 decreta
1073 2275 1232 2340 iunocentii,
1256 2275 1366 2340 Zosimi,
1394 2282 1421 2330 et
1442 2262 1549 2343 Leonis,
1578 2276 1647 2333 sieut
1680 2277 1707 2332 in

62 2365 155 2420 nonice
169 2363 327 2420 ordinatum
348 2362 508 2419 monstravi.
526 2363 556 2417 ln
570 2361 668 2433 quibus
688 2360 757 2416 sieut
783 2359 858 2415 scitis
907 2364 1030 2434 synodali
1046 2364 1159 2434 epistola
1173 2363 1334 2419 continetur.
1347 2365 1380 2418 Et
1395 2364 1459 2435 quia
1472 2365 1500 2420 in
1515 2365 1608 2421 domni
1637 2381 1707 2437 apo-

62 2460 186 2509 etrexet
201 2468 299 2508 omnes
314 2450 687 2520 concordaverunt,scientes
701 2465 746 2504 me
760 2464 815 2503 non
829 2447 858 2502 in
908 2452 995 2506 stolici
1009 2452 1131 2522 epistolis
1146 2452 1298 2508 continetur
1310 2461 1339 2507 ut
1367 2470 1427 2524 quae
1442 2460 1542 2508 statuta
1559 2462 1622 2509 sunt
1651 2471 1706 2510 non

61 2541 157 2596 duritia
172 2540 245 2596 velle
266 2547 361 2596 contra
375 2539 521 2595 vulfadum
536 2539 692 2610 persistere,
714 2536 760 2608 qui
774 2537 857 2591 inter·
907 2540 987 2595 ducat
1006 2540 1191 2610 dissolvenda,
1214 2540 1266 2594 nisi
1294 2540 1379 2595 sacris
1402 2540 1509 2612 legibus
1537 2541 1708 2598 inveniantur

61 2630 122 2684 dum
136 2629 219 2684 etiam
234 2628 341 2685 dicebat
357 2629 430 2701 quod
444 2643 521 2683 meus
544 2643 598 2682 non
627 2634 700 2682 esset
728 2625 855 2692 clericus,
907 2629 1042 2692 adversa;
1059 2638 1085 2683 et
1100 2629 1127 2683 in
1140 2628 1245 2685 eisdem
1260 2628 1382 2700 epistolis
1401 2628 1558 2700 intelligens
1583 2631 1705 2701 synodus

60 2719 217 2790 angustians
247 2717 315 2773 sicut
330 2717 404 2773 scitis
419 2725 448 2769 ut
462 2715 643 2789 qualicunque
657 2714 740 2770 modo
755 2714 857 2786 gradus
906 2717 992 2787 ipsius
1022 2716 1217 2788 benignitatem
1235 2732 1301 2787 erga
1320 2717 1370 2772 bos
1395 2716 1503 2786 fratres,
1527 2717 1637 2773 inventa
1665 2727 1707 2774 est

61 2815 150 2877 posset
156 2807 271 2862 habere.
294 2805 360 2875 Quae
375 2805 457 2861 etiam
472 2804 573 2875 scripta
582 2803 660 2858 vobis
678 2819 733 2858 non
749 2803 783 2856 ad
808 2818 856 2857 os·
907 2805 957 2859 ista
971 2805 1118 2861 auctoritas
1130 2805 1233 2862 Niceeni
1250 2804 1358 2862 concilii
1372 2805 1407 2860 tle
1421 2806 1553 2861 ordinatis
1567 2823 1583 2861 a
1597 2807 1705 2864 lfeletio

62 2895 227 2951 tendendum
242 2894 293 2950 sed
310 2893 344 2949 ad
359 2893 514 2948 habendum
529 2892 676 2953 mitterem,
698 2891 722 2945 si
736 2891 857 2947 notarius
906 2894 1043 2966 qnondam
1058 2894 1185 2948 damnato
1202 2895 1340 2965 episcopo,
1355 2909 1436 2965 quam
1457 2894 1578 2966 episcopi
1601 2895 1630 2950 in
1658 2913 1706 2969 sy-

61 2993 148 3039 noster
161 2981 290 3038 infirmus
303 2982 348 3037 illa
363 2978 748 3053 transcriberefccucurrisset.
906 2982 997 3036 nodali
1013 2982 1127 3053 epistola
1152 2983 1190 3037 illi
1207 2982 1369 3037 unanimiter
1388 2983 1528 3050 mandant,
1544 2990 1574 3038 ut
1595 2984 1703 3055 prisciS,

90 3071 289 3126 Posteaautem
307 3079 417 3126 ostensa
446 3078 487 3124 est
512 3068 642 3141 synodus,
668 3068 777 3138 cuiego
802 3083 855 3122 non
906 3070 973 3126 sicut
988 3070 1052 3126 dicit
1068 3071 1204 3135 Gelasius,
1221 3088 1271 3143 pro
1287 3071 1327 3125 sui
1348 3072 1501 3127 reverentia
1530 3074 1703 3129 manentibus

63 3160 224 3232 §adscripsh
241 3159 268 3215 in
280 3176 333 3232 qua
345 3160 380 3214 ab
398 3159 475 3231 ipsis,
491 3157 538 3230 qui
565 3157 668 3213 Ebonis
689 3156 855 3212 damnationi
906 3158 1069 3225 constitutis,
1080 3167 1107 3213 et
1117 3159 1199 3216 salvis
1213 3159 1371 3230 apostolicae
1380 3160 1453 3214 sedis
1464 3160 1624 3233 privilegiis,
1642 3177 1703 3217 cum

63 3248 248 3318 interfuerunt,
260 3256 287 3303 et
301 3247 393 3305 verbis
407 3255 434 3302 et
457 3246 566 3317 scriptis
581 3255 661 3317 atqua
686 3245 854 3300 auctoritati·
906 3263 1001 3302 eorum
1016 3248 1097 3302 etiam
1112 3247 1282 3303 salvamento
1298 3249 1343 3319 qui
1359 3249 1463 3319 synodo
1474 3250 1701 3320 subscripserunt,

63 3337 116 3403 bus,
135 3352 230 3393 coram
245 3352 312 3409 rege
327 3336 533 3407 comprobatum
548 3334 606 3403 fuit,
624 3333 741 3406 qualiter
750 3333 810 3388 Ebu
839 3348 855 3387 a
905 3334 993 3406 inqua
1008 3335 1155 3389 natissae
1173 3336 1271 3406 quibus
1293 3335 1384 3407 agitur
1412 3335 1489 3391 fuere
1513 3337 1621 3406 dejecti,
1652 3355 1702 3407 per

62 3426 185 3494 seinata
209 3425 320 3480 decreta
335 3424 444 3493 Zosimi,
474 3423 584 3491 Leonis,
600 3422 712 3478 loannis
728 3430 754 3476 et
774 3421 854 3476 Grae·
905 3421 1100 3495 indulgentiam
1116 3424 1345 3478 etauctoritatem
1361 3423 1488 3494 ipsiusin
1508 3424 1564 3478 suis
1599 3425 1702 3479 ordini-

63 3514 135 3585 gorii,
151 3530 203 3584 per
217 3512 339 3568 libellum
360 3511 539 3583 professionis
559 3527 641 3566 manu
660 3527 708 3566 sua
730 3509 854 3565 subscri·
904 3511 955 3565 bns
971 3511 1053 3581 recipi
1069 3518 1096 3564 et
1110 3510 1223 3581 provehi
1239 3511 1343 3582 possint
1357 3512 1461 3583 absque
1476 3513 1702 3569 contradictione·

64 3609 209 3671 ptum,eta
226 3600 405 3674 quadraginta
424 3600 510 3655 tribus
527 3599 675 3671 episcopis,
706 3598 853 3653 secundum
905 3598 1027 3671 migratis
1039 3599 1096 3667 jam
1116 3598 1243 3653 omnibus
1271 3599 1317 3670 qui
1344 3599 1371 3653 in
1401 3599 1503 3654 Ebonis
1531 3601 1701 3671 depositione

62 3706 129 3744 snam
142 3690 344 3761 professionem
364 3696 391 3744 et
419 3687 657 3760 subscriptionem,
687 3686 853 3759 regulariter
905 3686 1015 3742 fuerunt
1030 3687 1175 3758 episcopis,
1192 3695 1307 3758 excepto
1322 3687 1381 3743 solo
1396 3688 1529 3743 Rothado.
1547 3689 1648 3744 Verum
1674 3699 1702 3746 et

63 3778 197 3849 depositus
212 3776 272 3840 fuit,
288 3787 315 3832 et
330 3776 494 3850 regulariter
513 3775 653 3831 restitutus
668 3790 722 3830 non
740 3773 788 3828 fuit
805 3791 811 3828 :
828 3782 855 3828 et
904 3775 943 3829 illi
971 3775 1102 3846 episcopi,
1132 3775 1177 3846 qui
1206 3776 1296 3831 eidem
1325 3776 1413 3831 Eboni
1428 3783 1490 3848 post
1504 3778 1702 3848 depositionem

64 3866 94 3920 ob
106 3867 143 3933 id,
159 3865 312 3922 secundum
325 3865 435 3921 decreta
449 3864 611 3929 iunocentii,
628 3862 803 3935 quiseribens
819 3861 855 3917 ad
905 3880 982 3919 suam
992 3864 1153 3920 dicebantur
1179 3864 1407 3928 communicasse,
1433 3866 1490 3934 jam
1517 3865 1551 3920 ad
1566 3866 1700 3935 divinum,

64 3954 217 4009 llartianum
229 3953 392 4009 Naxitanum
407 3953 565 4024 episcopum
580 3952 672 4024 (epist.
698 3954 754 4020 28),
774 3949 855 4018 jussit
902 3952 1033 4021 judicium
1059 3952 1255 4024 migravemnt‚
1286 3961 1312 4008 et
1326 3952 1385 4007 aliis
1399 3953 1427 4007 in
1443 3969 1537 4009 eorum
1551 3954 1618 4011 locis
1633 3956 1701 4010 sub-

64 4057 105 4096 eos
132 4042 219 4113 recipi
247 4042 303 4097 suis
326 4041 466 4097 ordinibus
481 4055 550 4112 quos
578 4040 699 4094 Bonosus
716 4046 778 4093 ante
802 4038 853 4092 da·
905 4041 1012 4108 stitutis,
1029 4056 1062 4096 nc
1075 4056 1124 4112 per
1139 4058 1197 4108 eos,
1213 4049 1242 4096 ut
1271 4042 1308 4097 ita
1323 4042 1456 4108 dicamus,
1476 4043 1626 4099 innumeris
1652 4061 1701 4100 or-

66 4131 224 4186 mnationem
239 4145 315 4185 suam
331 4128 474 4186 ordinavit.
491 4129 589 4184 Postea
604 4127 727 4182 scribens
751 4126 785 4180 ad
799 4126 855 4181 ltu-
904 4129 1013 4195 dinatis,
1043 4145 1058 4182 a
1087 4130 1161 4184 nullo
1189 4129 1303 4184 istorum
1324 4129 1440 4186 fratrum
1454 4131 1587 4188 restitutio
1601 4141 1699 4189 contra

66 4218 112 4272 lum
126 4227 152 4274 et
179 4218 328 4276 Eusebium
343 4234 375 4274 ae
389 4226 501 4274 caeteros
523 4217 690 4273 Macedonia
711 4216 855 4284 episcopos
904 4216 1014 4272 dicitur.
1034 4219 1137 4272 famen
1153 4219 1175 4272 si
1187 4235 1235 4272 ros
1246 4234 1300 4274 non
1313 4228 1450 4291 gravaret,
1463 4220 1578 4276 multum
1603 4222 1700 4276 sellem

69 4306 149 4378 tepet.
166 4309 224 4378 ΞΤ),
241 4324 290 4363 eos
305 4323 375 4379 quos
388 4313 451 4378 post
466 4304 667 4361 danmationem
695 4320 770 4358 suam
781 4303 854 4358 idem
868 4297 933 4360 Dnt
944 4320 1051 4361 omnem
1079 4306 1277 4377 plenitudinem
1293 4308 1507 4380 suprascriptam
1534 4310 1569 4364 de
1597 4310 1700 4365 Ebonis

68 4392 179 4452 Bonosus
192 4396 336 4462 ordinarit,
352 4410 523 4466 nequaquam
551 4393 637 4464 recipi
659 4392 686 4447 in
715 4391 854 4446 ordinibus

68 4483 249 4540 ecclesiasticis
264 4483 398 4555 permisit.
414 4484 448 4539 Et
462 4481 610 4538 secundum
626 4481 737 4537 decreta
752 4479 854 4535 Zosimi

69 4570 96 4624 ad
118 4573 259 4629 furebum
284 4580 310 4627 et
336 4573 372 4627 ad
395 4571 538 4626 universos
552 4570 697 4642 episcopos
712 4585 762 4640 per
781 4568 853 4623 Afri-

69 4674 118 4714 cam
132 4669 158 4717 et
171 4660 452 4732 caeterasprorineias
476 4660 637 4716 constitutos
660 4660 755 4730 (epist.
772 4660 809 4726 6),
827 4665 854 4712 et

68 4747 97 4800 ad
109 4749 306 4806 Massiliensem
320 4749 483 4816 Ecclesiam,
500 4757 527 4802 et
541 4748 576 4803 ad
590 4747 744 4803 Patroclum
760 4746 854 4801 Arela-

69 4839 340 4910 tensemepiscopum,
357 4839 391 4894 de
410 4837 453 4892 bis
476 4853 545 4909 quos
566 4844 629 4907 post
652 4835 853 4891 damnationem

70 4939 135 4980 suam
150 4927 282 4983 Proculus
296 4925 439 4987 ordinarit,
452 4926 498 4997 qui
521 4941 552 4980 se
566 4923 658 4979 libello
673 4923 853 4995 professionis

69 5027 115 5068 sua
141 5014 326 5087 suscriptum
356 5014 460 5087 synodo
489 5012 637 5083 deposuit;
663 5021 688 5067 et
703 5011 854 5067 secundum

69 5099 166 5158 decreta
181 5104 280 5159 Leonis
295 5112 322 5159 et
336 5118 475 5158 sacrorum
504 5117 650 5166 canonum,
681 5101 727 5173 qui
744 5115 853 5156 excom-

68 5190 193 5247 municato
222 5192 459 5248 communicarunt
473 5191 501 5245 in
520 5189 673 5260 dejectione
692 5204 852 5260 permanere

67 5276 116 5333 istis
131 5279 228 5336 fratres
240 5282 354 5351 judicati
368 5279 485 5335 fuerunt.
503 5279 621 5334 Ostensa
647 5278 779 5334 estetiam
803 5295 851 5348 sy·

67 5367 145 5423 nodus
161 5370 349 5441 episcopomm
364 5368 510 5440 provincia
526 5366 710 5433 bituricensis,
727 5366 770 5423 cui
779 5382 851 5438 pree·

904 4395 1084 4466 depositione,
1115 4404 1141 4450 et
1168 4395 1203 4451 de
1230 4397 1345 4452 istorum
1370 4397 1568 4466 adjudicatione
1599 4399 1699 4453 domno

903 4483 1053 4554 apostolico
1082 4482 1242 4540 referretis:
1259 4486 1333 4557 quod
1348 4484 1486 4556 sapientiae
1501 4492 1599 4540 restrae
1621 4500 1699 4541 com-

904 4572 980 4628 mitto
995 4572 1119 4638 arbitrio,
1135 4573 1179 4628 cui
1194 4574 1290 4629 melius
1305 4575 1398 4640 credo,
1414 4588 1495 4644 quam
1515 4573 1537 4627 si
1552 4573 1612 4643 ipsa
1631 4575 1700 4630 scri·

904 4668 949 4732 pta
977 4662 1197 4717 transmitterem.
1224 4664 1271 4717 Est
1298 4662 1386 4725 etiam,
1412 4660 1539 4741 (tironium
1572 4663 1595 4716 si
1610 4663 1700 4736 aliqua

905 4749 1005 4820 scripta
1019 4766 1067 4820 per
1081 4766 1130 4805 vos
1144 4751 1289 4816 mitterem,
1305 4758 1331 4803 et
1346 4765 1394 4803 vos
1409 4749 1453 4803 illa
1467 4751 1637 4820 portassetis,
1647 4753 1700 4807 nisi

904 4845 1006 4893 tantum
1030 4838 1172 4909 epistolam
1200 4837 1369 4908 synodalem,
1400 4845 1426 4892 et
1448 4854 1538 4893 meam
1558 4841 1701 4911 epistolam

903 4926 1114 4982 concordantem
1129 4927 1218 4981 eidem
1232 4925 1362 4995 epistolae,
1379 4925 1453 4981 scitis
1468 4928 1564 4999 quales
1580 4946 1673 4985 sumus
1690 4948 1696 4983 ε

903 5023 995 5085 posset
1019 5014 1077 5069 fieri
1105 5022 1132 5068 ut
1158 5014 1312 5084 aliquorum
1331 5022 1437 5069 mentes
1459 5016 1522 5071 inde
1537 5025 1633 5073 contra
1646 5033 1697 5074 nos

903 5103 1060 5159 scandalum
1070 5109 1224 5167 sumerent;
1241 5102 1313 5172 quod
1324 5104 1441 5159 etmodo
1456 5105 1482 5159 in
1498 5106 1602 5176 synodo
1617 5122 1699 5176 quan·

904 5199 959 5246 tum
973 5191 1046 5263 potui
1059 5189 1185 5254 devitavi,
1212 5190 1258 5245 ubi
1269 5191 1339 5247 sicut
1354 5194 1560 5263 comprobatum
1575 5202 1616 5248 est
1631 5194 1698 5250 istos

902 5279 1001 5336 fratres
1016 5295 1068 5333 non
1093 5278 1221 5346 iudicavi,
1247 5297 1298 5337 nec
1314 5281 1401 5337 eidem
1417 5281 1521 5352 synodo
1535 5282 1695 5355 subscripsi.

904 5370 934 5423 Et
950 5375 1027 5422 arant.
1041 5367 1213 5423 auctoritates
1228 5370 1375 5436 canonicae,
1393 5379 1418 5424 et
1431 5369 1604 5426 decretorum
1625 5373 1697 5428 sedis
