3794 6104
184 221 236 274 ³75
683 220 853 275 htNCtttiti
871 218 1072 273 liliEilENSlS
1092 217 1368 275 huchtertscort.
1401 230 1404 238 '
1442 217 1445 221 ’
1784 221 1835 273 did

184 343 335 400 firmantur.
363 342 417 397 Sed
440 341 561 415 religiosi
577 342 629 399 riri
644 353 724 414 atque
751 345 864 414 perlecti
880 360 978 399 secun·
994 345 1085 406 Amm
1102 344 1261 399 auctoritate
1277 353 1338 397 sunt
1352 344 1501 407 constituti,
1519 342 1567 397 sed
1583 358 1599 396 a
1614 342 1713 412 primis
1727 350 1837 412 tempo·

178 433 248 489 (lum
263 447 381 489 canones
401 447 558 488 concessam
576 434 632 488 sedi
654 433 809 503 apostolicae
824 442 983 503 potestatem
1034 431 1109 486 ribus
1125 433 1269 486 traditione
1285 432 1385 486 viritim
1399 430 1609 502 apostolicorum
1632 431 1755 485 virorum
1778 429 1838 497 lue-

182 522 312 577 nimirum
337 530 468 576 conantur
489 522 614 592 eripere,
632 532 657 576 et
673 523 790 576 siblimet
814 540 872 576 eam
889 531 982 576 eontra
1033 531 1095 573 runt
1111 522 1244 573 urerrtihus
1260 520 1452 583 commendati,
1470 529 1493 574 et
1509 519 1606 590 partim
1622 518 1725 582 verbis,
1739 520 1839 589 partim

182 625 303 667 canones
315 628 446 680 usurpare
461 612 636 666 contendunt.
655 611 678 665 0
694 628 826 665 canonum
838 612 982 680 magistros
1033 624 1125 672 sensu,
1141 625 1172 661 ac
1189 609 1300 678 sparsim
1317 609 1433 662 diversis
1455 609 1634 679 quorumdam
1649 607 1775 676 epistolis
1790 623 1838 677 pro

183 707 265 771 etque
281 699 448 756 custodesli
467 701 499 753 Et
519 709 579 769 post
594 700 729 770 aliquanta
746 718 752 752 z
771 722 781 748 a
800 699 933 766 Quantum
948 700 982 751 ad
1036 697 1163 767 qualitate
1188 713 1332 751 causarum
1349 705 1374 751 et
1384 712 1565 766 personarum
1580 712 1613 750 ac
1628 705 1785 764 temporum
1799 696 1839 748 ia·

184 787 345 857 religionem
366 787 493 857 pertinet,
519 804 574 842 non
589 788 640 841 nisi
666 789 822 857 apostolica}
838 788 895 840 sedi
908 788 983 852 juxta
1032 784 1089 847 diti,
1108 795 1187 854 atque
1205 786 1312 853 exinde,
1329 794 1471 855 antequam
1487 785 1608 854 episcopi
1618 783 1739 839 coucilia
1753 782 1838 837 libere

182 889 303 931 canones
314 876 428 930 debetur
442 877 523 930 totius
544 893 649 930 summa
662 876 765 943 judieii.
786 898 796 924 b
814 877 847 928 Et
863 877 925 928 item
944 893 949 928 :
968 898 978 924 a
1032 872 1181 941 inciperent
1194 875 1343 939 celebrare,
1361 889 1377 927 a
1392 873 1497 928 devotis
1508 873 1662 943 quibusque
1672 871 1792 926 collecti.
1811 873 1838 925 ln

181 964 345 1034 Apostolicae
378 965 450 1017 sedis
479 964 623 1019 auctoritas
652 965 724 1034 quod
753 964 857 1017 cunctis
875 963 982 1017 seculis
1032 962 1130 1031 quihus
1146 963 1268 1031 rprrmdam
1284 961 1459 1031 receptibilia,
1484 962 1838 1031 quaedamrerosuntnon

182 1052 339 1107 Christianis
357 1053 488 1108 Ecclesiae
514 1053 622 1122 praelata
648 1053 682 1105 sit
696 1053 839 1116 universae,
856 1060 882 1106 et
898 1068 980 1105 cano·
1032 1050 1177 1103 servanda.
1202 1052 1241 1102 lic
1269 1051 1367 1120 quihus
1390 1050 1526 1103 interdurn
1550 1050 1837 1125 quedemassumpta
1876 1083 1883 1098 .

181 1156 247 1195 num
272 1141 341 1196 serie
365 1149 550 1209 paternorum,
568 1149 594 1194 et
609 1140 747 1208 multiplici
771 1141 915 1193 traditione
931 1139 980 1192 irr-
1032 1139 1129 1191 suntin
1147 1138 1277 1202 conciliis,
1295 1139 1420 1208 (incedam
1435 1137 1545 1192 etiamn
1560 1138 1688 1191 maximis
1703 1138 1838 1207 etpraeci·

182 1236 280 1283 matur.
300 1250 311 1278 i
328 1230 494 1282 Etitem2«
521 1228 659 1297 Siquidem
676 1229 709 1280 ad
726 1228 796 1280 illam
812 1229 845 1281 de
862 1227 980 1298 qualibet
1031 1243 1091 1295 puae
1113 1228 1278 1280 auctoritatis
1303 1227 1368 1280 riris
1383 1226 1409 1279 in
1436 1227 1491 1280 suis
1510 1226 1657 1296 opusculis,
1676 1226 1746 1281 sicul
1763 1225 1838 1281 etde

180 1317 273 1371 mundi
289 1325 364 1386 parte
378 1331 498 1369 canones
512 1315 642 1385 appellari
659 1316 812 1377 relueruut,
828 1317 862 1368 ah
878 1317 980 1369 illaau-
1031 1314 1194 1384 apocryphis
1208 1359 1213 1376 ,
1232 1323 1372 1383 assumpta
1398 1313 1481 1368 luisse
1505 1314 1640 1385 legimus
1663 1313 1796 1384 quoniam
1811 1315 1837 1367 in

177 1413 233 1460 tem
249 1420 330 1457 nemo
346 1404 379 1456 sit
395 1404 530 1473 appellare
555 1405 732 1473 permissus.»
753 1406 850 1457 Beatus
872 1420 979 1474 ueroque
1030 1403 1193 1472 qrrilmsdam
1218 1403 1251 1455 ad
1278 1403 1482 1456 instructionem
1503 1402 1602 1457 valent.
1618 1403 1653 1456 Et
1671 1402 1746 1462 ideo,
1772 1403 1838 1456 sicut

175 1491 333 1562 Gregorius
356 1493 452 1544 eadem
474 1509 569 1560 passus
594 1508 610 1545 a
631 1493 745 1554 ioanne,
762 1501 787 1545 et
810 1500 869 1561 post
886 1507 978 1545 ‹rurrra
1029 1491 1158 1558 maiorum
1182 1491 1324 1544 traditione
1346 1491 1505 1554 didicimus,
1522 1505 1645 1545 seorsum
1661 1500 1726 1544 aute
1743 1490 1836 1545 ronci-

179 1579 304 1650 ciriaco,
322 1579 625 1649 Constantinopolitanis
649 1581 871 1650 episcopisque
887 1590 912 1633 et
925 1581 978 1633 Leo
1029 1578 1065 1632 lia
1089 1580 1114 1631 in
1140 1596 1271 1633 curionum
1295 1580 1371 1632 libris
1394 1580 1425 1632 ad
1442 1579 1645 1634 instructionem
1671 1587 1697 1633 et
1725 1588 1838 1649 propter

177 1666 212 1721 ab
228 1668 352 1722 Anatolio
368 1668 402 1721 de
432 1668 550 1737 praeiatis
575 1669 881 1738 Constantinopolitanis
895 1684 1015 1754 cuno-B
1030 1667 1167 1738 vulgatam
1180 1685 1274 1721 eorum
1292 1667 1390 1720 sariram
1407 1676 1543 1737 ponuntur
1560 1686 1566 1720 ε
1584 1667 1611 1721 iu
1626 1667 1786 1738 quibusque
1796 1682 1837 1722 co

177 1755 269 1820 nibus
285 1757 344 1825 pari
360 1756 441 1811 modo
462 1756 586 1811 scribens
601 1757 635 1810 ad
659 1757 803 1827 Eulogium
820 1756 980 1809 Alexandri·
1031 1755 1137 1810 dicibus
1162 1772 1269 1809 suerum
1294 1757 1434 1811 Nicmnurn
1458 1763 1484 1809 et
1506 1755 1662 1809 universale
1686 1755 1834 1810 concilium

178 1858 242 1898 num
252 1843 410 1914 episcopum
423 1887 429 1908 ,
441 1851 466 1898 et
482 1844 516 1898 ad
535 1845 706 1898 anastasium
718 1846 916 1898 hutiocbemrm
928 1844 982 1913 epi·
1030 1843 1215 1916 regionalibus
1232 1844 1372 1904 conciliis,
1388 1860 1449 1914 quae
1463 1852 1525 1897 aute
1549 1844 1614 1897 illud
1639 1852 1700 1898 acta
1716 1842 1833 1908 suerunt,

178 1946 303 2001 scopum,
320 1932 347 1985 in
363 1932 420 1986 suis
429 1932 551 2002 epistolis
565 1932 636 1986 inter
647 1941 742 1986 caetera
757 1933 820 1985 dicit
833 1933 885 1986 hoc
900 1933 980 1986 modo
1030 1941 1139 2001 propter
1161 1933 1349 1986 arrittcritatem
1365 1949 1421 1987 sure
1442 1932 1638 2003 magnitudinis
1654 1933 1833 2002 praeponitur.

177 2019 237 2093 (tii.
255 2022 388 2092 v1,epist.
406 2023 449 2090 31)
463 2039 469 2074 :
485 2045 495 2069 c
514 2021 638 2074 Cauones
662 2020 771 2090 quidem
787 2022 980 2074 Constantino·
1031 2020 1164 2074 Canticum
1182 2021 1262 2073 iidem
1281 2036 1400 2074 canones
1416 2020 1462 2090 qui
1484 2028 1616 2075 vocantur
1635 2020 1832 2091 apostolorum,

175 2107 288 2179 politani
302 2109 409 2164 concilii
425 2109 600 2163 Eudoxianos
625 2110 763 2172 damnant,
781 2110 829 2162 scd
846 2111 905 2178 quis
922 2109 980 2162 lue-
1030 2123 1084 2162 non
1106 2109 1140 2161 ab
1161 2109 1291 2177 apostolis
1319 2109 1465 2178 conscripti
1490 2124 1552 2162 esse
1573 2108 1735 2162 creduntur.
1758 2107 1834 2176 Quo·

177 2196 213 2252 rit
227 2213 321 2253 eorum
342 2205 437 2253 auctor
457 2198 782 2267 Eudoxiusmequaquam
803 2198 904 2251 dicunt.
922 2199 979 2252 Ro·
1030 2195 1112 2262 niani,
1126 2197 1194 2251 sicut
1209 2197 1234 2248 iu
1256 2212 1335 2252 sacra
1359 2197 1472 2250 historia
1496 2196 1622 2266 legimus,
1640 2196 1749 2251 atinde
1764 2197 1834 2252 scri·

176 2285 482 2341 manaeutemlicclesia
492 2285 980 2356 eosdemcanones,t·elgestasynodi
1029 2293 1104 2354 ptum
1119 2286 1153 2338 ab
1171 2286 1300 2339 lieclesiae
1316 2286 1453 2357 magistris
1468 2285 1633 2354 accepimus,
1642 2285 1734 2354 prime
1750 2301 1833 2356 syno-

177 2372 260 2435 illius,
271 2375 401 2428 hacteuus
420 2373 581 2437 nonhabet,
601 2373 760 2442 necaccipit
771 2391 776 2425 :
787 2372 814 2425 iu
832 2374 980 2426 hocautem
1029 2373 1081 2427 dus
1096 2374 1282 2442 apostolorum
1311 2373 1401 2426 hahita
1425 2381 1466 2427 est
1482 2372 1689 2444 Hierosolymis,
1709 2373 1745 2428 de
1760 2373 1833 2428 eleo-

176 2461 300 2515 camdem
312 2461 446 2530 synodum
454 2461 583 2531 suscepit,
596 2463 666 2524 cuod
686 2471 726 2515 est
743 2478 792 2531 per
810 2477 869 2513 eam
885 2471 980 2515 contra
1029 2461 1101 2514 tione
1117 2461 1269 2515 ‹lirodecimi
1279 2461 1393 2530 apostoli
1408 2461 1552 2531 prolude:
1569 2461 1702 2523 secunda,
1714 2462 1750 2516 de
1765 2461 1833 2517 elec·

176 2549 363 2605 Macedonium
383 2549 535 2603 diffinitum.
554 2550 682 2620 Reliquas
697 2567 760 2604 vero
777 2551 906 2616 hareses,
919 2567 979 2619 quae
1030 2548 1101 2602 tione
1118 2557 1219 2618 sepiem
1241 2551 1437 2610 diaconornm;
1454 2549 1543 2615 tertia,
1559 2549 1594 2603 dc
1609 2549 1832 2608 circumcisione.

176 2637 232 2693 illic
248 2647 405 2693 memoratae
419 2647 491 2706 sunt,
508 2639 542 2691 ab
557 2638 616 2691 aliis
631 2639 687 2707 jam
702 2639 823 2708 patribus
838 2639 979 2691 damnatas
1029 2638 1246 2690 nccredeutibus
1258 2654 1289 2690 cx
1299 2638 1424 2709 gentibus
1434 2638 1638 2707 imponeretur3
1655 2646 1755 2709 quarta
1765 2637 1834 2693 lacta

177 2729 316 2797 reprobat.
333 2727 373 2782 De
398 2727 562 2781 Eudoxianis
577 2743 643 2781 rcro
659 2727 723 2780 nihil
746 2729 878 2781 hactenus
894 2743 980 2797 agno·
1029 2734 1070 2778 est
1084 2726 1117 2778 dc
1132 2726 1306 2779 credentibus
1322 2743 1354 2779 ex
1369 2726 1470 2780 Judaeis
1484 2726 1531 2779 illo
1546 2733 1677 2796 tempore,
1694 2727 1832 2797 ncprohi-

177 2816 467 2870 vit.nEtcumidem
491 2816 585 2868 beatus
615 2815 765 2885 Gregorius
794 2815 979 2884 sepeiasuis
1029 2813 1168 2879 iterentur,
1194 2814 1238 2866 ubi
1255 2814 1405 2868 necessitas
1434 2814 1669 2884 exigeret‚ctiam
1700 2814 1836 2888 legalibus

178 2903 299 2974 epistolis
315 2903 386 2957 dicat
401 2903 436 2955 ita
452 2919 482 2956 se
506 2911 622 2973 quatuor
638 2905 757 2971 synodos
773 2904 893 2972 recipere
911 2904 979 2957 sicut
1029 2901 1199 2956 caeremoniis
1216 2902 1324 2964 initiari,
1350 2901 1386 2955 ob
1404 2902 1579 2956 devitandum
1595 2901 1725 2957 videlicet
1740 2919 1834 2958 eorum

177 2991 460 3062 quatuorErangelia,
476 2999 569 3059 aperte
593 2990 760 3043 demonstrat
775 2992 870 3044 eodem
886 2992 975 3052 modo,
1030 2989 1195 3052 scandalum,
1225 2990 1270 3059 qui
1300 2990 1429 3059 putabant
1458 3005 1505 3044 eos
1526 2990 1561 3043 ita
1589 2991 1709 3045 hlosaica
1723 2991 1836 3046 decreta

177 3078 247 3134 sicut
262 3079 400 3148 praemisit,
414 3079 547 3148 synodum
564 3080 889 3148 constantinopolitanam
904 3046 1011 3133 reei-C
1026 3085 1155 3147 tanquam
1171 3077 1329 3131 idololatriae
1349 3079 1476 3149 dogmata
1492 3079 1645 3144 damnasse,
1662 3079 1738 3150 quod
1753 3080 1834 3134 etiarn

176 3182 254 3238 pere,
271 3167 386 3228 scilicet,
399 3174 426 3220 ut
443 3167 515 3236 quod
530 3167 564 3220 de
580 3165 633 3220 fide
658 3175 753 3221 eontra
778 3167 920 3220 lucretii-os
951 3168 976 3219 in
1028 3173 1089 3218 ante
1105 3165 1196 3218 lucere
1218 3182 1366 3219 consuesse
1391 3167 1523 3220 Timothei
1544 3167 1660 3221 maxime
1685 3167 1835 3223 circumci-

175 3269 208 3315 ea
227 3262 268 3309 est
291 3252 432 3308 diffinitum
457 3255 607 3323 apostolica
623 3257 703 3308 sedes
719 3255 840 3323 recipiat,
858 3270 976 3308 canones
1027 3254 1103 3308 sione
1119 3254 1261 3323 probatum
1278 3263 1327 3308 est.
1343 3253 1470 3321 Quintam
1492 3271 1557 3310 vero
1572 3255 1708 3326 synodum
1724 3265 1834 3327 aposto

174 3351 265 3399 eutem
275 3344 401 3413 reigesta
411 3343 507 3413 synodi
520 3343 590 3396 illius
607 3350 699 3396 contra
710 3344 835 3397 Nicaenos
847 3359 974 3407 canones,
1026 3341 1112 3396 lorum
1128 3343 1222 3395 Patres
1238 3342 1415 3397 nostriluisse
1432 3344 1548 3405 tradunt,
1560 3344 1671 3414 quando
1681 3346 1833 3400 secuudum

174 3439 204 3487 ut
227 3448 309 3503 supra
333 3440 471 3486 ostensum
496 3441 546 3497 est,
564 3448 734 3502 nequaqnam
763 3431 880 3500 recipiat.
907 3430 976 3498 Quia
1026 3431 1096 3502 quod
1114 3432 1270 3500 praedictum
1284 3440 1324 3484 est
1336 3440 1442 3501 tempus
1453 3431 1789 3502 adimpletionisadvcnit‚
1806 3441 1833 3488 ut

174 3536 240 3580 vero
256 3521 335 3577 sedes
351 3521 501 3591 apostolica
516 3536 635 3574 canones
661 3520 892 3574 Chalcedonensis
907 3536 975 3574 con·
1025 3519 1053 3573 in
1072 3536 1179 3573 omnem
1206 3528 1305 3573 terram
1326 3520 1411 3574 exiret
1436 3536 1519 3575 sonus
1541 3536 1637 3576 eorum
1650 3563 1657 3583 ,
1672 3530 1700 3576 ct
1719 3522 1746 3576 in
1762 3521 1832 3578 fines

175 3608 344 3680 ciiiipraerer
358 3609 423 3663 illud
439 3625 522 3662 unum
539 3609 683 3678 capitulum
701 3609 727 3661 iu
742 3624 801 3661 xrrr
818 3609 976 3677 recapitula-
1026 3609 1100 3662 orbis
1115 3619 1194 3662 terrae
1209 3610 1293 3662 rerba
1309 3624 1411 3671 eorum,
1429 3618 1454 3663 et
1479 3609 1628 3664 secundum
1644 3609 1757 3664 Domini
1771 3610 1832 3666 dic-

174 3707 240 3763 tum,
258 3699 330 3770 quod
345 3707 439 3752 contra
453 3699 579 3753 Nicanos
599 3714 719 3750 canones
735 3706 775 3750 est
789 3698 973 3765 constitutum,
1025 3704 1092 3763 tum,
1110 3698 1289 3768 lit'angelium
1318 3698 1554 3767 praedicareturin
1573 3706 1630 3753 toto
1658 3698 1766 3751 mundo
1784 3714 1833 3770 per

173 3787 297 3856 recipiat,
313 3787 386 3840 idem
399 3787 495 3839 beatus
520 3785 671 3855 Gregorius
689 3786 715 3837 iu
731 3785 846 3853 epistola
862 3786 896 3837 ad
922 3787 974 3838 Se·
1026 3787 1173 3854 apostolos,
1199 3787 1297 3856 quibus
1319 3787 1384 3839 dixit
1402 3804 1407 3839 :
1424 3788 1473 3850 lie,
1495 3787 1589 3842 docete
1608 3803 1708 3841 maces
1734 3791 1832 3857 peotes

173 3875 332 3938 nundinum,
348 3881 373 3927 et
389 3874 416 3926 in
430 3873 539 3927 homilia
562 3873 705 3941 Evangelii
730 3873 836 3926 decima
861 3875 975 3941 septima
1025 3874 1231 3942 (hiethoxia).
1251 3877 1283 3928 Et
1298 3884 1361 3929 tunc
1386 3875 1554 3945 Symbolum,
1578 3873 1647 3928 sicut
1666 3875 1834 3931 universalis

174 3961 315 4016 evidenter
343 3962 514 4014 ostendit:«
545 3960 661 4027 eriuam
691 3969 762 4023 sunt,
791 3962 975 4031 inqrrienS‚in
1023 3967 1096 4014 leuet
1107 3963 1238 4024 Ecclesia,
1251 3964 1438 4026 condiderunt,
1456 3963 1556 4035 singuli
1572 3961 1695 4034 singulas
1717 3971 1831 4018 senten-

174 4049 648 4120 temploDcihodiequicolumbas
667 4049 803 4115 rendunt,
821 4049 982 4118 nisiuuiin'
1026 4050 1075 4103 tias
1103 4050 1281 4119 proterentes,
1313 4052 1380 4106 sicut
1410 4053 1504 4105 etheo
1534 4051 1756 4106 adPulclreriam
1773 4055 1832 4106 llu-

173 4137 299 4192 Eoclesia
315 4136 430 4207 pretium
454 4138 487 4190 de
512 4137 684 4206 impositione
709 4154 806 4191 mainus
830 4138 973 4207 accipiunt,
1026 4147 1131 4210 gustam
1147 4141 1315 4194 cleuronstrat.
1329 4142 1422 4211 (epiri.
1450 4143 1492 4200 tit,
1510 4140 1535 4191 in
1554 4138 1641 4208 linei:
1664 4140 1832 4210 «Siquidem

172 4241 317 4296 perquam
346 4224 471 4280 videlicet
492 4226 690 4296 impositionem
721 4227 835 4295 Spiritus
865 4236 974 4280 sauctus
1026 4223 1205 4298 ipsaiuquit,
1235 4228 1362 4283 catholici
1391 4228 1511 4298 Symboli
1537 4227 1627 4281 brevis
1655 4235 1681 4281 et
1711 4227 1833 4297 perlecta

173 4313 279 4370 coelilus
295 4314 399 4369 datur?
414 4314 545 4369 Columba
561 4315 642 4386 igitur
654 4315 787 4381 tenditur,
801 4315 863 4385 quia
878 4332 974 4368 mallus
1025 4323 1170 4389 consessio,
1187 4341 1246 4394 quas
1255 4325 1399 4380 duodecim
1414 4324 1597 4393 apostolorum
1608 4323 1724 4377 totidem
1735 4333 1778 4378 est
1794 4325 1833 4378 si.

173 4403 329 4474 impositio,
344 4419 394 4473 per
416 4420 498 4474 quam
522 4405 636 4472 Spiritus
661 4413 769 4457 sancius
786 4404 925 4473 accipitur,
943 4404 1013 4463 adD
1028 4420 1109 4484 gnata
1126 4413 1274 4477 sententiis,
1289 4420 1342 4466 tam
1358 4412 1488 4467 instructo
1504 4412 1537 4465 sit
1552 4411 1702 4466 munitione
1712 4413 1831 4478 coelesti,

172 4493 290 4562 pretium
305 4493 453 4562 praebctur.
475 4493 528 4546 Sed
546 4493 711 4562 Redemptor
730 4503 821 4546 noster
835 4494 978 4547 cathedras
1030 4510 1058 4555 ut
1074 4517 1169 4556 omines
1185 4501 1374 4555 riccerico-um
1386 4500 1528 4570 opiniones
1547 4500 1605 4553 solo
1617 4498 1705 4569 ipsius
1723 4501 1833 4570 possint

175 4580 351 4635 vendentium
367 4580 509 4635 columbas
525 4582 631 4641 evertit,
649 4583 712 4651 quia
729 4582 819 4635 talium
831 4583 978 4653 negotiata·
1029 4590 1121 4661 gladio
1147 4589 1312 4644 detruncari.
1330 4589 1412 4656 Cujus
1440 4588 1559 4658 Symboli
1587 4587 1791 4657 plenitudinem
1810 4589 1834 4642 si

170 4685 232 4724 rum
251 4671 432 4725 sacerdotium
449 4670 573 4723 destruit.
596 4671 664 4723 ttinc
690 4680 731 4723 cst
756 4672 826 4741 quod
843 4672 911 4725 sueri
928 4687 976 4725 ea·
1027 4680 1165 4748 Eutyches
1180 4694 1248 4748 puro
1263 4685 1288 4730 er
1304 4677 1418 4746 simplici
1434 4677 1561 4729 voluisset
1575 4675 1655 4729 eorde
1671 4677 1832 4746 concipere.

172 4773 259 4812 nones
274 4759 458 4814 simoniacam
475 4759 600 4813 haeresim
625 4760 761 4823 danruam,
777 4769 802 4812 et
818 4776 864 4813 eos
880 4776 975 4813 saeer-
1026 4768 1053 4820 in
1072 4768 1145 4819 ucho
1156 4766 1297 4820 eliceretis
1310 4764 1483 4818 sacratissimi
1495 4764 1596 4818 Nicani
1614 4763 1725 4817 com-ilii
1740 4764 1834 4819 des-ic

171 4845 245 4900 dolio
260 4847 363 4915 privari
378 4849 544 4918 praecipiunt,
562 4848 606 4918 qui
623 4848 656 4901 de
672 4847 823 4919 largiendis
834 4849 974 4901 ordinibus
1026 4864 1076 4919 ret,
1095 4864 1120 4908 ct
1145 4857 1196 4908 hoc
1216 4854 1346 4907 asanctis
1365 4852 1488 4906 Patribus
1513 4851 1678 4923 intelligeret
1694 4853 1832 4906 constitu-

170 4933 288 5003 pretium
304 4944 434 5004 qrraerunt.
452 4938 587 4991 Catbedra
603 4953 670 5008 crgo
686 4937 858 4990 rerrdeutium
872 4938 974 4989 coium·
1025 4952 1091 5014 cunr,
1110 4952 1136 4995 ur
1153 4950 1247 4995 contm
1263 4941 1438 5011 apostolicam
1457 4940 1547 5003 iidem,
1564 4955 1625 5009 queo
1639 4955 1695 4993 uon
1712 4940 1767 4994 nisi
1778 4957 1833 4994 una

170 5022 220 5077 bus
236 5022 375 5088 evertitur,
392 5026 500 5093 quando
519 5025 545 5078 hi
561 5025 606 5095 qui
623 5025 771 5094 spiritalem
796 5017 911 5096 gratiam
928 5042 974 5077 rc·
1024 5040 1074 5097 est‚
1092 5031 1192 5084 nullum
1210 5048 1239 5085 sc
1255 5028 1517 5101 ingeniumnullum
1528 5027 1647 5082 elevaret
1658 5028 1829 5099 eloquium.»

170 5110 303 5179 enudant,
323 5111 366 5164 t'ssl
381 5120 444 5164 aute
459 5113 593 5168 hutttattos
613 5115 655 5168 t'cl
672 5123 733 5167 dcte
749 5114 798 5167 hei
815 5114 907 5166 1111111113
927 5129 971 5165 Sd·
1024 5121 1145 5189 Denique
1161 5127 1221 5188 post
1237 5118 1373 5172 haecnulla
1389 5118 1509 5187 synodos
1524 5116 1558 5170 ah
1574 5115 1707 5184 apostolis
1730 5117 1835 5187 legitur

170 5199 292 5254 011ΐά0110
306 5200 456 5270 privantur.
477 5221 487 5247 1
504 5203 581 5254 Nulla
594 5203 821 5273 quippesrnodus
833 5219 864 5255 tt
880 5203 931 5254 ¹¹³0
942 5218 971 5254 re
1023 5209 1167 5273 celebrata,
1180 5209 1224 5278 qui
1241 5208 1347 5260 luerunt
1362 5222 1411 5275 per
1423 5221 1532 5259 ornnem
1550 5212 1645 5257 terram
1660 5204 1697 5258 ad
1714 5205 1831 5259 verbum

170 5286 291 5342 decrerit
303 5289 434 5356 judicium
451 5288 502 5341 nisi
515 5290 746 5356 Chalcedonense,
764 5291 918 5351 corrodium,
936 5290 970 5343 li·
1022 5297 1083 5351 {idei
1100 5297 1287 5349 sisnsirrandom
1303 5294 1506 5366 progrediendo
1521 5292 1649 5362 dispersi.
1660 5294 1718 5348 Sed
1733 5294 1833 5348 etbea-

171 5381 214 5428 cet
228 5375 290 5429 inde
305 5377 437 5431 habeatur
453 5379 593 5433 decretum
605 5388 631 5431 et
645 5380 672 5432 iu
688 5381 838 5434 canonibus
859 5379 904 5449 qui
919 5395 969 5432 ro·
1021 5394 1063 5439 tus
1079 5385 1204 5439 Gelasius
1219 5386 1246 5437 in
1260 5383 1384 5454 catalogo
1400 5383 1446 5454 qui
1456 5382 1518 5436 libri
1534 5381 1568 5434 ab
1584 5380 1713 5436 Ecclesia
1731 5382 1828 5437 catho-

170 5478 268 5524 cantur
282 5475 477 5541 apostolorum,
488 5477 552 5546 quia
568 5492 621 5530 nou
630 5476 824 5546 episcopalium
840 5475 969 5531 concilio·
1020 5473 1072 5529 lica
1089 5473 1255 5543 recipientur
1276 5471 1423 5540 descripto,
1447 5468 1610 5524 authenticis
1628 5468 1781 5539 scripturis,
1801 5474 1825 5522 et
