3794 6104
49 215 100 271 tlt
392 212 513 271 OPUSC.
543 212 590 273 ΙῘ
615 210 725 275 ΠΜ.
753 210 792 270 tlt
818 208 934 271 cana
959 208 1134 271 mim
1159 212 1314 274 htttbutt.
1651 219 1703 274 too

56 336 244 394 ostenudone
257 344 284 393 ts
296 335 438 400 mrem
451 345 479 393 et
492 338 651 409 episcopum
666 337 795 394 cohibere
809 336 857 393 ds·
870 335 1039 404 diudicium
1054 337 1147 394 reduci
1161 338 1281 412 rogasti,
1297 345 1324 394 et
1338 352 1392 412 ego
1405 338 1496 394 dicam
1515 339 1562 394 tibi
1590 339 1707 411 quanm

57 426 156 481 bueras
173 443 179 479 :
196 425 324 497 quonhm
339 426 424 480 sancti
439 435 464 480 et
478 425 614 495 sapientes
637 442 670 481 uc
691 442 798 498 maguae
812 442 860 480 au·
910 423 1028 480 tacerem
1040 427 1075 481 de
1090 427 1220 491 llertrico,
1237 428 1261 481 si
1276 428 1310 482 de
1339 443 1399 484 mea
1426 436 1498 483 esset
1514 428 1661 498 provincia,
1682 436 1709 483 et

59 514 194 570 ctoritatis
217 513 277 581 riri,
300 523 328 569 et
350 514 432 569 etism
456 514 597 585 utriusque
622 515 732 587 linguae,
758 513 861 570 arnas
909 528 964 567 non
979 522 1053 569 essm
1067 531 1099 569 ex
1116 516 1226 585 propria
1244 530 1306 570 mea
1329 516 1466 585 parochia.
1494 517 1535 571 De
1558 516 1611 572 boc
1633 515 1708 586 quod

60 602 190 658 videlicet
204 602 349 682 et‘Latinsa
361 602 452 673 periti,
464 603 521 656 suis
532 603 641 672 scriptis
652 603 738 658 verba
750 602 858 667 Graeca,

62 690 114 744 uisi
127 704 164 745 ea
179 705 241 761 quar
255 689 282 743 in
298 689 454 761 scripturis,
471 691 513 745 vel
530 691 690 756 canonibus,
717 690 775 744 sive
793 691 861 763 legi·

57 777 117 842 bus,
134 777 197 832 sine
212 777 438 847 interpretatione
452 786 515 831 sunt
528 778 628 848 posita,
652 787 679 833 et
702 777 784 833 veluti
806 778 859 832 La-

56 866 112 919 tina
126 866 157 920 in
176 881 229 920 usu
254 864 356 930 habita,
378 881 472 920 verum
497 873 525 920 et
548 866 677 921 obstrusa
701 866 756 920 suis
781 866 860 921 dictis

56 953 206 1008 immittere
220 952 256 1008 ad
271 953 480 1008 ostentationem
500 953 654 1009 uoluerunt.
681 955 721 1009 De
744 953 861 1009 Hebraea

54 1057 120 1097 vero
135 1041 230 1114 lingua
246 1040 373 1107 Alleluia,
390 1050 417 1096 et
431 1041 552 1106 Osanna,
568 1050 650 1113 atque
669 1045 765 1111 Amen,
792 1057 859 1112 pro-

55 1139 117 1201 pter
144 1129 337 1185 auctoritatem
367 1128 463 1198 primae
488 1130 598 1202 lingum,
628 1139 654 1185 et
678 1131 860 1186 reverentiam

56 1233 155 1272 sensus
170 1217 230 1272 sine
244 1217 467 1287 interpretatione
491 1218 533 1271 usi
556 1216 672 1272 fuerunt.
698 1219 755 1273 Nos
780 1219 860 1272 etiarn

54 1305 182 1361 moderni
204 1305 358 1379 glossarios
382 1306 505 1373 Graecos,
530 1321 599 1377 quos
623 1307 719 1360 suatim
745 1307 859 1362 lexicos

56 1394 150 1450 vocari
165 1394 331 1457 audivimus,
348 1394 396 1448 sed
412 1402 439 1448 et
453 1394 606 1464 sapientum
632 1395 734 1464 scripta
759 1396 793 1449 de
810 1410 859 1449 no·

56 1482 176 1536 minibus
191 1482 327 1536 obstrusis
354 1481 495 1548 babemus,
517 1491 544 1536 et
565 1482 635 1537 adeo
661 1484 790 1537 sensatuli
814 1500 859 1538 su·

57 1587 128 1636 mus,
143 1579 173 1624 ut
187 1578 297 1625 andrus
312 1570 521 1626 dictatiunculas
537 1586 570 1625 eo
594 1588 680 1642 usque
704 1571 858 1627 circumdu-

59 1673 121 1714 cere
136 1666 164 1712 et
178 1657 333 1729 producere
347 1657 494 1727 possimus,
511 1665 643 1728 quatenus
658 1659 742 1714 verba
764 1660 896 1746 GraecaB

59 1746 102 1801 vel
115 1746 248 1801 obstrusa
261 1745 296 1800 de
320 1746 463 1818 glossariis
486 1755 625 1817 assumpta
649 1747 676 1800 iu
700 1747 860 1802 admiratio-

59 1850 120 1888 nem
134 1834 179 1888 vel
193 1842 336 1904 stuporem
350 1834 536 1889 nescientibus
551 1850 600 1889 seu
611 1835 765 1905 scalpentes
779 1851 861 1891 aures

58 1921 221 1977 habentibus
248 1920 369 1992 prolerre
397 1922 545 1992 possimus,
568 1923 613 1977 cui
635 1923 745 1977 vanitati
769 1924 861 1979 obviat

60 2009 201 2080 Scriptura
216 2009 312 2064 dicens
329 2027 335 2062 :
358 2011 470 2065 Vanitcr
486 2013 658 2075 vanitatum,
668 2015 697 2066 et
704 2013 800 2067 omnic
816 2029 863 2066 va-

59 2099 134 2153 nitcr
153 2097 262 2166 (Eccie.
279 2099 310 2167 ι).
326 2099 360 2152 Et
375 2098 465 2160 timeo,
477 2098 541 2169 quia
555 2098 624 2154 sicut
635 2099 695 2170 agis
710 2099 744 2153 de
759 2100 860 2164 verbis,

59 2193 85 2240 et
97 2201 238 2241 canonum
252 2201 285 2240 ac
299 2186 391 2258 legum
406 2186 542 2251 sensibus,
566 2186 699 2241 novitates
722 2202 818 2242 vocum
834 2187 862 2241 in

60 2273 96 2328 eis
110 2274 278 2329 delectando
300 2273 453 2345 requirens,
480 2274 514 2328 ad
529 2275 581 2329 hoc
596 2291 683 2345 usque
694 2283 720 2330 te
730 2276 863 2345 perducat

60 2360 139 2417 elatio
156 2361 260 2427 cordis,
276 2370 303 2416 et
314 2361 443 2430 jactantia
458 2362 558 2416 inflatae
572 2377 604 2417 ac
619 2362 707 2417 inanis
731 2364 860 2429 scientiae,

60 2450 135 2505 atita
149 2450 179 2504 in
196 2449 400 2519 Scripturaruro
429 2449 554 2504 sensibus
580 2449 664 2506 iacias
687 2459 714 2505 et
737 2452 859 2518 aberres,

60 2537 120 2609 quia
134 2546 165 2592 ut
180 2537 321 2607 Scriptura
335 2537 401 2592 dicit
417 2555 424 2591 :
443 2538 495 2604 Qut
510 2539 617 2594 modica
626 2541 746 2611 spernit,
757 2526 861 2612 ponto-

62 2627 110 2681 tirn
125 2625 237 2681 decidit
247 2626 345 2694 (Ereti.
358 2628 431 2694 xxx).
447 2624 581 2693 Quoniam
596 2626 642 2697 qui
656 2626 763 2682 minora
778 2627 862 2683 corri-

62 2728 124 2785 gere
139 2729 174 2769 ac
189 2711 312 2768 devitare
326 2713 449 2784 negligit,
474 2713 507 2767 ad
531 2713 634 2782 majora
658 2729 802 2784 proruens,
827 2716 861 2769 ab

61 2808 127 2855 natu
152 2800 279 2870 justitie,
308 2816 363 2855 non
386 2801 497 2872 quidem
520 2810 642 2872 repente,
667 2802 715 2856 sed
740 2803 862 2873 partibus

61 2894 128 2945 totum
143 2889 229 2946 cadit.
246 2890 363 2944 Attende
377 2890 459 2960 igitur
472 2890 545 2961 quod
560 2890 626 2945 dicit
647 2892 793 2961 Apostolus
811 2909 817 2944 ι
833 2892 862 2946 st

910 601 979 655 dicis
995 619 1000 656 :
1019 603 1152 657 Sciendus
1168 612 1208 657 est
1233 603 1331 658 modus
1352 604 1540 674 correptionis,
1555 604 1620 674 quin
1635 619 1709 673 prae-

910 688 955 743 tati
970 690 1092 754 Bertrici,
1110 701 1197 746 utrum
1212 701 1345 751 secretus.
1368 709 1402 746 an
1417 691 1554 762 publicus,
1577 700 1669 747 utram
1692 705 1710 748 t

910 777 1124 833 Christianorum
1142 781 1287 845 consortio,
1304 788 1382 834 nuta
1399 796 1517 850 corpore
1535 788 1563 835 et
1576 781 1711 850 sanguim
1791 831 1795 840 ,

910 866 1018 920 Domini
1029 865 1108 920 tuerit
1118 878 1287 938 segregatus,
1304 885 1384 939 quern
1394 869 1511 939 publieae
1520 869 1709 938 deditumpoe·

910 953 1029 1008 nitentiae
1038 955 1243 1019 nouaudisti,et
1253 959 1363 1010 modum
1381 957 1459 1011 istium
1468 957 1608 1025 ejectionis
1617 957 1652 1011 de
1661 972 1709 1026 pe·

910 1042 1001 1096 rochia
1019 1059 1080 1096 mea
1099 1058 1181 1097 nosse
1200 1046 1411 1100 convenitzTihi
1430 1046 1592 1116 respondeo,
1609 1045 1671 1116 quia
1685 1044 1709 1100 si

910 1136 985 1185 tanto
996 1132 1085 1185 studio
1096 1147 1191 1186 sacros
1202 1149 1322 1187 canones
1332 1134 1550 1202 perscrutateris,
1568 1142 1596 1188 ut
1615 1134 1709 1188 moda·

910 1227 970 1272 rata
981 1218 1145 1274 discretione
1157 1229 1182 1273 te
1193 1220 1219 1273 in
1231 1221 1413 1288 subjectorum
1420 1222 1465 1274 tibi
1473 1222 1577 1276 actibus
1584 1237 1708 1294 gereres,

910 1321 944 1358 ne
961 1306 987 1358 in
1005 1314 1161 1360 sanctarum
1177 1308 1376 1377 Scripturarum
1400 1309 1583 1363 auctoritatem
1608 1309 1710 1378 prndi-

908 1394 1096 1466 cationemque
1125 1396 1258 1463 majorum
1283 1395 1447 1462 oll'euderes,
1474 1405 1499 1450 et
1525 1397 1551 1449 in
1567 1397 1633 1466 ipsis
1657 1396 1706 1451 tibi

909 1482 1038 1550 subjectis
1061 1498 1189 1537 servares
1211 1485 1284 1552 quod
1307 1485 1436 1554 scriptum
1461 1493 1501 1538 cst
1524 1501 1530 1537 :
1552 1485 1709 1554 Diligenter

908 1587 1025 1640 agnosce
1034 1573 1145 1626 uultum
1155 1572 1263 1643 pecoris
1277 1574 1331 1634 tsi,
1339 1576 1367 1626 et
1375 1587 1570 1642 amnerpreges
1579 1576 1640 1627 tuos
1651 1588 1713 1627 eon·

911 1659 1003 1713 sidera
1019 1661 1109 1727 (Pron.
1127 1668 1219 1728 xxvr);
1239 1667 1289 1713 et:
1307 1660 1423 1719 Perinde
1437 1658 1585 1731 parietem,
1607 1664 1637 1716 et
1650 1659 1711 1716 vide

911 1747 1145 1810 eborninotioner,
1162 1764 1231 1818 quas
1247 1749 1295 1802 isti
1309 1750 1423 1818 saciant
1438 1749 1483 1802 tric
1505 1749 1615 1816 (lineri.
1636 1750 1708 1819 vm),

912 1842 1010 1903 quanta
1025 1834 1173 1888 intentione
1188 1835 1233 1888 illa
1246 1835 1325 1906 legis,
1339 1835 1410 1889 uude
1421 1844 1467 1889 tua
1477 1845 1712 1891 commentacom-

910 1921 996 1992 pilare
1021 1938 1161 1992 procuras,
1192 1931 1325 1993 quatenus
1355 1922 1475 1987 effrenis,
1500 1933 1527 1978 et
1550 1924 1608 1979 sine
1631 1924 1710 1979 ullius

912 2010 1086 2075 coercitione,
1105 2011 1176 2065 tiam
1192 2011 1359 2065 voluntatum
1376 2018 1482 2065 tuarum
1499 2027 1622 2080 currere,
1642 2021 1669 2068 et
1682 2013 1709 2066 in

911 2097 1037 2153 affectum
1053 2099 1145 2153 cordis
1161 2100 1278 2153 transire
1294 2100 1452 2170 praevaleas,
1475 2101 1544 2154 benc
1558 2099 1711 2170 intelligere

912 2201 1008 2256 posses
1024 2194 1050 2240 et
1066 2188 1187 2255 modum,
1205 2203 1259 2257 quo
1275 2188 1405 2242 toleratus
1420 2197 1446 2242 et
1463 2196 1605 2259 correptus
1624 2196 1650 2242 et
1664 2189 1711 2244 diu

912 2283 1085 2345 exspectatus
1100 2275 1159 2341 luit,
1177 2292 1257 2347 quem
1272 2277 1365 2331 audire
1379 2277 1499 2346 potuisti,
1523 2278 1591 2332 sicut
1606 2293 1669 2332 eura
1682 2276 1713 2332 in

912 2363 1070 2432 penitentia
1085 2364 1194 2432 publica
1208 2364 1324 2434 positum
1340 2364 1409 2420 diois
1423 2373 1449 2418 te
1463 2380 1518 2419 nou
1543 2365 1660 2432 audisse,
1685 2371 1712 2421 et

912 2451 981 2505 scire
996 2467 1044 2505 cur
1058 2452 1110 2507 hac
1131 2453 1285 2507 conditione
1311 2453 1398 2508 isdem
1422 2453 1565 2517 Bertricus,
1589 2453 1635 2523 qui
1657 2468 1713 2509 nott

913 2545 953 2592 cst
967 2538 1002 2594 de
1016 2555 1078 2593 mea
1092 2542 1333 2611 parochiamque
1348 2542 1382 2595 de
1398 2557 1458 2595 mea
1466 2540 1617 2611 provincia,
1627 2557 1710 2613 regu·

911 2626 1004 2681 lariter
1018 2643 1079 2681 cum
1094 2627 1150 2681 suis
1166 2629 1240 2682 exire
1260 2629 1422 2700 praecipitur.
1447 2629 1481 2682 Et
1506 2628 1633 2698 quoniam
1656 2643 1719 2698 qut<

911 2722 1001 2769 niente
1018 2715 1069 2770 hoc
1084 2714 1239 2785 interrogas
1254 2732 1298 2769 me
1314 2716 1398 2772 latere
1408 2731 1462 2770 nou
1471 2724 1571 2786 potest,
1581 2720 1711 2788 paratur,

909 2802 983 2870 juxta
999 2802 1070 2857 Petri
1085 2818 1190 2864 vocem,
1205 2804 1476 2874 adratirt'actionern
1486 2806 1565 2860 omni
1575 2806 1711 2876 poscenti,

913 2898 1041 2959 quantum
1059 2891 1132 2944 Deus
1146 2891 1264 2956 dederit,
1280 2893 1492 2963 responderene
1506 2908 1540 2946 eo
1552 2909 1617 2964 qnoe‘
1628 2893 1713 2949 inune

63 2979 118 3048 qun
130 2979 289 3035 existimat
302 2993 332 3033 re
347 2978 455 3050 aimirici
469 2979 553 3043 scire,
565 2979 692 3034 nandum
701 2981 862 3052 tritonem·
914 2981 956 3032 est
970 2994 1018 3049 spe
1034 2979 1058 3045 (l
1071 2980 1146 3034 Petr.
1164 2981 1216 3048 tu),
1229 2978 1277 3033 tibi
1287 2995 1319 3033 ex
1328 2980 1380 3034 hac
1390 2979 1539 3050 questione
1548 2979 1711 3050 respondeo,

63 3067 354 3138 cdmortvmoporteat
364 3067 610 3133 enmrcirethor.
620 3068 692 3132 vrul;
706 3076 733 3122 ct
745 3085 751 3121 :
762 3069 863 3140 Siquis
878 3031 903 3095 C
918 3066 980 3136 quia
995 3066 1094 3120 Pilatus
1108 3067 1261 3132 veritatem,
1278 3083 1360 3138 quam
1381 3076 1443 3124 ante
1464 3067 1558 3123 oculos
1579 3068 1711 3137 corporis,

65 3154 866 3226 tvltintervosrapiensesre,stultarfiat,ntritsnptenr
916 3169 968 3210 nou
994 3163 1085 3208 autem
1113 3164 1174 3209 ante
1198 3155 1294 3210 oculos
1316 3156 1560 3220 urentishabebut,
1583 3155 1713 3227 quidest

63 3240 83 3309 (1
94 3244 163 3299 Cor.
185 3241 241 3307 tul,
258 3249 284 3297 et
300 3259 307 3296 :
322 3241 413 3298 Nolite
430 3220 593 3315 prudentes-⁹
614 3259 674 3299 erre
701 3244 776 3315 apud
803 3261 865 3300 vor·
915 3244 1043 3298 veritas?
1062 3244 1153 3313 (tauri.
1177 3249 1260 3310 xvur)
1282 3243 1471 3315 interrogavit,
1496 3252 1523 3297 et
1546 3243 1639 3298 audire
1659 3257 1713 3301 noo

60 3334 198 3402 metipsos
205 3331 296 3400 (Rom.
308 3330 372 3400 x11);
388 3339 415 3384 ct
431 3348 438 3385 ε
454 3331 513 3387 ll'on
523 3332 584 3385 alta
594 3333 747 3403 rapientes,
759 3333 806 3387 sed
818 3333 866 3388 lra-
915 3330 1023 3396 meruit,
1040 3330 1111 3400 quia,
1128 3338 1157 3383 ut
1172 3330 1237 3384 dicit
1253 3331 1280 3385 S.
1298 3331 1456 3401 Gregorius,
1466 3346 1550 3402 qaam
1560 3347 1618 3385 non
1632 3332 1712 3385 inue-

55 3421 174 3476 nitibur
184 3421 398 3474 eonsentientes
408 3419 509 3488 (ibid).
523 3420 621 3474 Beatus
636 3435 743 3491 quoque
759 3420 865 3492 Grego·
915 3420 960 3473 nit
981 3419 1128 3482 humilem,
1145 3421 1249 3474 veritas
1267 3420 1344 3489 fugit
1357 3422 1481 3473 mentem
1490 3438 1500 3486 ,·
1515 3426 1541 3472 et
1553 3434 1560 3470 ι
1574 3418 1625 3484 Qai
1647 3418 1713 3486 ficte

49 3505 106 3565 rius
122 3509 157 3563 in
174 3506 297 3578 epistola
311 3522 359 3561 sua
373 3507 448 3571 dicit,
464 3507 592 3579 quoniam
609 3508 717 3563 domnae
740 3507 866 3563 Domini·
916 3511 1056 3579 querant,
1072 3506 1202 3561 inuenire
1220 3508 1371 3561 Dominum
1395 3523 1542 3579 nunqnam
1566 3510 1714 3561 merentur

46 3607 85 3655 tar
102 3596 224 3652 salutes
238 3595 371 3649 mandans
386 3596 448 3650 ideo
463 3610 517 3649 non
543 3596 691 3666 rescripsit,
717 3597 780 3666 quia
804 3612 866 3651 cum
917 3596 940 3661 tl
954 3595 1014 3651 Cor.
1032 3596 1062 3664 1');
1079 3603 1105 3649 et
1121 3594 1207 3649 isdem
1225 3611 1232 3647 :
1248 3596 1298 3650 Dei
1312 3596 1411 3660 virtus,
1422 3599 1450 3650 et
1462 3595 1512 3649 Dei
1526 3595 1678 3666 sapientia,
1695 3611 1713 3649 a

40 3693 124 3742 esset
142 3683 248 3739 Latina
263 3682 289 3738 ei
304 3682 401 3739 Graecc
416 3683 538 3738 scribere
551 3684 645 3750 voluit,
666 3684 866 3755 parvipendens
916 3685 997 3755 cnjus
1012 3684 1086 3754 facie
1101 3688 1143 3738 est
1158 3684 1300 3755 sapientia
1311 3684 1606 3751 etintettectnstl’rat.
1619 3681 1712 3753 xcut);

36 3763 80 3832 illi
98 3771 285 3837 rescribere,
301 3771 430 3842 quoniam
445 3773 560 3827 acarde
584 3773 709 3842 pensavit
732 3789 793 3845 quae
816 3789 866 3843 per
916 3780 943 3826 et
960 3788 966 3824 :
984 3772 1443 3838 Qnidocettreminemscientiarn,
1456 3775 1713 3844 contraquemnon

33 3871 221 3922 ⁸ermonem
236 3859 265 3915 iu
280 3860 382 3930 scripto
397 3861 525 3930 suscepit.
552 3862 592 3915 De
612 3876 645 3916 eo
669 3861 742 3932 quod
766 3861 835 3932 petis
850 3875 867 3918 a
917 3864 960 3914 ert
975 3862 1127 3930 snpientia,
1144 3877 1201 3915 non
1212 3864 1255 3915 est
1269 3860 1430 3929 prudentia,
1442 3875 1500 3915 non
1510 3863 1553 3914 est
1563 3859 1714 3916 consiliant

33 3959 88 4010 ure
107 3960 142 4007 te
157 3947 274 4014 instrui,
290 3947 315 4002 si
328 3949 465 4004 llertricus
479 3949 513 4003 de
535 3964 596 4004 mea
620 3958 692 4004 esset
714 3950 864 4019 provincia,
917 3949 1007 4017 (Pron.
1018 3950 1250 4020 xx1);qniqueest
1260 3950 1473 4014 uia,veritas,et
1484 3947 1714 4018 vitationnntv),

30 4049 99 4098 bon
135 4044 239 4092 autem
268 4052 302 4091 ex
329 4037 439 4107 propria
466 4036 604 4107 parochia,
630 4035 745 4108 qualiter
773 4054 805 4093 ex
833 4053 867 4093 eo
917 4035 960 4089 via
975 4035 1078 4091 scilicet
1093 4036 1308 4091 conversationis
1332 4045 1441 4100 sancta,
1468 4036 1568 4090 veritas
1587 4034 1716 4091 doctrino

31 4138 170 4188 neturus
186 4139 292 4190 essem,
307 4123 354 4179 illo
368 4125 527 4196 inspirante,
544 4125 590 4197 qui
618 4126 727 4197 cognita
746 4125 867 4197 nequitia
918 4122 1026 4189 divinar,
1051 4125 1107 4179 vita
1130 4124 1301 4179 beatitudiuis
1317 4125 1500 4195 sempiterne,
1517 4122 1672 4189 cantitetur,
1687 4123 1715 4178 id

31 4218 98 4274 sihi
117 4213 283 4270 dicentium
299 4229 306 4265 ι
325 4215 464 4284 Magister,
481 4216 587 4269 scimur
601 4217 666 4286 quio
681 4231 770 4269 verax
786 4231 824 4279 es,
838 4218 867 4270 et
918 4219 968 4278 est,
985 4212 1078 4266 laudat
1092 4222 1206 4283 patrem,
1223 4214 1289 4284 qnia
1304 4213 1448 4279 abscondit
1462 4229 1494 4267 ea
1511 4213 1715 4284 asapientibnr

33 4309 131 4363 bians
141 4303 201 4358 Dei
211 4301 243 4355 in
253 4303 372 4356 veritate
382 4302 575 4366 docer,etncn
584 4306 627 4357 est
637 4303 762 4357 tihicnra
774 4303 807 4357 rte
817 4304 868 4357 nli·
918 4304 947 4354 et
959 4301 1148 4373 prudentibus
1164 4302 1229 4370 (iso.
1255 4304 1295 4368 v),
1320 4301 1355 4354 de
1379 4300 1476 4370 quibus
1501 4300 1713 4370 scriptumest:

32 4409 113 4464 orso,
123 4390 865 4462 nonenimrespicispersonambominum,dienobis,
882 4382 909 4442 D
925 4390 1019 4461 t'oequi
1028 4390 1170 4460 rapientes
1179 4390 1246 4443 estis
1255 4389 1285 4442 in
1299 4388 1389 4443 oratis
1398 4389 1507 4453 uestris,
1524 4391 1552 4441 et
1562 4402 1714 4442 coramve-

32 4485 68 4540 δι’
89 4482 174 4537 licet
188 4493 309 4533 censum
325 4478 393 4532 dare
409 4479 522 4547 aaran,
537 4495 576 4532 an
590 4478 765 4547 norr(ldattlr.
783 4481 866 4548 xxti),
918 4478 1086 4548 birmrtipsis
1101 4476 1266 4547 praetentus,
1278 4493 1338 4548 qne
1348 4477 1482 4532 revetavit
1496 4475 1623 4546 parcatis
1634 4475 1712 4543 (Lac.

33 4566 221 4640 respondeo
237 4565 284 4620 tibi
301 4581 307 4619 :
323 4566 500 4637 Interrogabo
516 4576 541 4620 te
556 4575 582 4621 et
596 4582 649 4639 ego
664 4584 747 4622 unum
762 4583 867 4622 senno-
917 4570 958 4635 x),
974 4564 1055 4619 idest
1071 4565 1228 4632 humilibus,
1246 4565 1383 4635 quoniam,
1398 4565 1450 4631 Qui
1461 4564 1568 4619 resistit
1579 4564 1713 4634 superbis,

34 4671 129 4715 nern.
150 4654 288 4711 Rescribe
303 4654 369 4708 mihi
383 4656 569 4724 perordinem
585 4664 658 4710 etex
678 4656 792 4728 integro,
804 4669 869 4727 qua·
918 4653 1072 4708 ininitibns
1089 4654 1138 4708 tint
1153 4656 1277 4725 gratiam
1292 4656 1364 4721 ttae.
1382 4655 1432 4719 rr),
1449 4660 1475 4706 et
1491 4669 1497 4704 :
1519 4652 1615 4716 t'cttes,
1632 4649 1660 4703 id
1675 4657 1717 4704 est

35 4741 116 4803 liter
134 4758 196 4816 ego
212 4741 263 4797 teci
278 4751 305 4797 et
319 4741 384 4809 dixi,
401 4751 427 4797 et
441 4743 559 4814 qualiter
574 4751 601 4797 tu
616 4742 703 4799 iecisti
727 4752 754 4799 et
778 4743 868 4798 dixisti
918 4741 1044 4807 humiles,
1062 4743 1244 4798 abundabant
1260 4746 1404 4813 trutinato
1420 4741 1507 4806 (Psnt.
1525 4738 1612 4808 cxiv),
1632 4738 1717 4793 idest

38 4831 75 4891 in
108 4831 223 4904 placito
250 4829 397 4885 confinium
426 4832 614 4902 parochiarum
641 4842 814 4898 nostrarum,
841 4840 868 4887 tc
917 4831 1238 4902 eloquiidivioipnbulo.
1257 4830 1402 4884 llisitada
1420 4828 1717 4898 bisquinonsuutda

43 4921 233 4978 conhibente
248 4919 374 4974 condicto
389 4919 423 4974 de
439 4920 595 4974 Amalberto
610 4921 775 4991 parochiano
795 4936 867 4989 meo,
918 4936 978 4973 mea
992 4920 1131 4990 parochia,
1154 4920 1201 4974 sed
1225 4935 1313 4988 nequc
1335 4919 1369 4970 de
1391 4933 1450 4970 mea
1476 4917 1622 4986 provincia.
1649 4918 1718 4971 Cum

44 5012 101 5082 qui
120 5010 152 5062 in
171 5017 217 5062 tua
232 5008 360 5077 parochia
377 5016 404 5063 et
418 5024 479 5062 mea
494 5008 634 5079 provincia
660 5009 783 5079 legaliter
798 5024 868 5064 uxo-
918 5017 1009 5062 autem
1025 5026 1068 5062 me
1083 5006 1298 5077 interrogaveris
1307 5006 1340 5058 de
1352 5005 1404 5058 tuis
1414 5006 1597 5075 parochianis,
1609 5004 1717 5061 confido

47 5113 117 5154 rem
136 5097 257 5166 accepit,
272 5104 300 5150 et
313 5096 341 5149 in
355 5097 512 5167 parochiam
527 5113 616 5151 meam
632 5097 715 5161 duxit,
741 5114 821 5168 quem
840 5106 867 5151 tu
918 5097 945 5151 in
956 5097 1167 5152 clementissima
1178 5094 1265 5165 gratia
1276 5094 1323 5146 Dei
1335 5093 1450 5148 dicentis
1462 5112 1469 5148 :
1482 5096 1566 5166 Aperi
1578 5111 1607 5149 os
1623 5098 1715 5159 taam,

50 5183 257 5256 irregulariter
271 5185 523 5249 excommunicasti,
541 5194 567 5240 et
587 5202 700 5240 uxorem
724 5201 801 5240 suam
825 5186 868 5241 le·
918 5189 946 5239 et
961 5202 1008 5256 epo
1024 5186 1177 5256 adimplebo
1191 5182 1264 5236 titud
1278 5183 1366 5250 tl’snt.
1394 5191 1493 5247 cxxx),
1518 5182 1645 5254 quoniam
1671 5180 1717 5253 qui

55 5275 165 5346 galiter
179 5281 331 5343 acceptam,
348 5289 409 5344 quae
423 5289 473 5344 per
487 5275 644 5328 mandatum
659 5274 706 5329 tibi
730 5275 869 5347 suggessit
918 5274 984 5327 mibi
1012 5273 1086 5327 dedit
1111 5272 1231 5342 regimen
1257 5270 1417 5341 discipliane,
1445 5270 1518 5324 dabit
1545 5278 1570 5324 et
1594 5268 1717 5339 spiritum

60 5362 197 5433 quoniam
211 5361 286 5416 idem
301 5361 341 5416 vir
354 5361 414 5430 eJ'us
429 5377 492 5418 curn
507 5378 540 5418 ea
555 5378 609 5418 non
624 5371 717 5433 posset
736 5379 867 5419 concum-
919 5361 1065 5431 sapientiae,
1096 5376 1149 5432 quo
1179 5359 1309 5415 salutaria
1337 5360 1385 5414 tihi
1412 5358 1516 5414 valeam
1540 5358 1715 5429 respondere.

64 5446 141 5520 bere,
156 5451 193 5505 de
216 5449 347 5521 parochia
370 5465 431 5506 mea
453 5450 525 5522 apud
549 5450 707 5508 uudunum
732 5451 767 5506 ad
794 5460 868 5508 tuum
918 5448 1041 5521 Denique
1056 5449 1090 5505 de
1106 5448 1246 5520 hocquod
1260 5447 1326 5505 mibi
1349 5446 1454 5517 obiicit,
1477 5454 1505 5502 te
1528 5445 1719 5520 actoremque
