3794 6104
612 252 788 311 hatstohtt
809 251 854 305 ET
882 253 1054 309 hhchhtt.

1603 250 1655 310 eta
1732 233 1735 237 ’

93 388 200 454 dimus,
217 372 319 450 uotum,
346 387 372 440 in
396 385 535 440 servitium
548 383 741 455 magnitudinis
758 399 807 437 re·
822 375 849 435 A
863 378 911 433 tria
926 366 1098 450 suggessisti,
1115 385 1249 449 quatenus
1272 385 1365 431 nostro
1380 375 1428 430 tihi
1443 391 1491 431 ore
1505 374 1656 447 apostolico

92 493 195 548 :quem
212 476 328 547 petimus
345 482 373 527 ut
388 491 438 544 pro
461 482 555 528 nostro
581 488 674 527 amore
690 471 808 543 benigne

93 565 163 621 atis:
180 572 206 619 et
222 564 284 636 quia
300 563 378 618 nobis
394 578 426 618 ac
442 561 519 617 robis
541 560 629 616 tidelis
644 561 744 626 existit,
761 575 807 614 ro-

93 670 107 709 s
122 653 311 708 excellentiam
327 662 443 706 vestram
453 660 480 705 ul
497 651 681 721 episcopatum
696 646 808 703 Vercel-

93 741 242 798 ¹Ecclesiae
257 740 364 811 placido
388 740 478 794 animo
504 738 637 799 tribuatis,
662 744 805 808 qrratenus,

93 829 240 896 suxiliante,
257 846 307 899 per
321 837 441 883 nostram
467 844 499 883 ac
514 835 630 882 uestram
646 824 806 879 munilicen-

93 917 239 990 episcopali
255 919 382 971 duntaxat
406 918 509 971 honore
524 916 635 986 politus
652 914 730 968 nohis
745 928 806 968 om-

102 1006 221 1062 existere
234 1006 357 1060 devotior
372 1015 452 1076 atque
467 1002 674 1074 tideliorpossit.
686 1003 753 1057 Data
769 1016 806 1056 ru

94 1094 170 1150 ensis
183 1094 265 1157 iunii,
283 1094 429 1149 indictione
444 1108 493 1147 su.

333 1191 479 1246 ccxxix.

258 1304 297 1342 ,ιιι
318 1303 553 1342 nntsrutnru.

314 1388 405 1453 (Anno
425 1388 498 1453 attin

93 1484 133 1556 pit
149 1499 211 1537 conr
233 1484 268 1536 ort
293 1486 424 1538 ltonmme
447 1483 578 1536 licclcsirr
602 1482 738 1549 grerrrium
757 1494 803 1534 re·

93 1557 194 1613 intem:
218 1558 312 1609 rrrmret
335 1558 366 1606 ul
389 1554 420 1606 irr
446 1553 494 1606 ber·
510 1567 604 1606 errrore
616 1554 802 1621 perseveret:

93 1626 212 1681 sortitur
242 1625 461 1679 benedictionem
489 1622 689 1693 apostolicam,
718 1638 803 1693 quarn

859 466 1083 523 benediceremus
1098 481 1147 537 pro
1166 473 1220 520 tuae
1243 464 1338 520 salutis
1354 472 1510 536 augmento,
1525 464 1553 519 id
1567 464 1657 536 ipsum

857 555 973 610 libenter
995 555 1117 610 fecimus.
1145 555 1215 609 Nam
1239 554 1266 607 in
1290 554 1334 609 die
1357 553 1532 609 ascensionis
1548 553 1657 608 Domini

857 643 927 698 inter
941 658 1019 700 sacra
1034 644 1181 698 missarum
1206 642 1338 698 solemnia
1354 658 1438 714 super
1452 657 1559 698 sacrum
1572 641 1657 697 altare

858 731 885 785 S.
904 730 973 786 l‘etri
989 732 1103 802 apostoli
1119 732 1299 798 celebrantes,
1317 729 1432 786 elevatis
1447 746 1557 785 sursum
1572 729 1658 785 mani·

857 820 908 873 hus
921 820 1107 876 benediximus
1130 819 1188 889 tibi,
1213 828 1240 875 et
1264 819 1338 875 omni
1352 817 1454 890 populo
1468 827 1514 874 tuo
1528 817 1657 891 omniqua

858 915 934 963 terrm
949 916 1009 976 tuae,
1034 918 1064 963 ut
1083 907 1127 962 hic
1151 916 1177 962 et
1205 907 1233 962 in
1260 908 1390 963 aeternum
1406 921 1520 978 corpore
1534 905 1614 960 simul
1630 913 1657 962 et

856 996 944 1051 anima
958 997 1086 1059 salvatus,
1103 1005 1127 1051 et
1146 996 1325 1067 principatum
1351 1003 1486 1051 terrenum
1507 1011 1587 1067 quem
1603 995 1655 1050 ha·

857 1086 915 1147 bes,
932 1101 1063 1156 prospere
1079 1101 1111 1140 ac
1126 1085 1257 1141 securiter
1278 1101 1377 1157 regere
1402 1083 1492 1155 possis
1513 1089 1541 1151 et
1552 1082 1582 1138 in
1596 1098 1654 1140 coe-

855 1173 915 1229 lesti
930 1172 1043 1247 regione
1058 1181 1118 1243 post
1134 1180 1248 1228 mortem
1263 1188 1324 1228 cum
1334 1173 1392 1227 Deo
1403 1172 1518 1228 feliciter
1533 1172 1655 1243 gaudeas

855 1269 881 1315 et
894 1261 920 1315 in
936 1270 1097 1332 perpetuum
1119 1277 1230 1332 regnes.
1247 1260 1281 1314 Et
1296 1261 1360 1331 quia
1375 1261 1447 1316 hunc
1462 1260 1553 1331 ipsum
1567 1261 1653 1316 toan-

854 1365 917 1404 nem
945 1350 1138 1421 presbyterum
1171 1348 1218 1403 tibi
1241 1356 1267 1404 et
1289 1348 1369 1404 nohis
1392 1363 1487 1404 rerum
1501 1346 1609 1404 hdelem
1624 1348 1652 1403 in

853 1438 979 1493 omnihus
1008 1454 1070 1492 esse
1098 1436 1300 1511 cognoscimus,
1321 1436 1445 1492 dedimus
1469 1435 1507 1491 illi
1531 1445 1651 1493 nostram

853 1525 1029 1596 apostolicam
1045 1526 1188 1597 epistolam
1203 1524 1380 1581 deserendam
1389 1524 1450 1598 regi
1464 1524 1650 1596 Bulgaromm.

854 1615 917 1670 ldeo
938 1614 1056 1686 petimus
1078 1622 1106 1668 ut
1129 1630 1179 1686 pro
1200 1629 1291 1670 amore
1316 1614 1402 1670 sancti
1424 1613 1495 1669 Petri
1517 1622 1543 1670 et
1557 1620 1652 1669 nostro

93 1695 181 1755 lethi:
198 1694 338 1755 bortatur.
358 1698 389 1748 ιιὶ
408 1695 557 1758 perrrrittot
580 1693 703 1761 legatum
718 1708 802 1746 Situm
818 1717 914 1787 Bcum
930 1710 974 1757 tua
989 1703 1046 1773 ipse
1063 1702 1171 1758 licentia
1185 1702 1350 1774 legationem
1370 1704 1442 1758 hanc
1455 1709 1579 1761 nostram
1594 1701 1653 1758 sine

93 1767 189 1822 stolam
204 1765 389 1835 bulgarorum
404 1765 522 1834 deferre.

93 1869 147 1919 tcto
164 1860 218 1916 tuin
233 1863 380 1916 hulmum.

93 1958 204 2023 egentes
218 1946 364 2005 nobilitatis
379 1958 432 2004 tum
446 1949 560 2017 litteras,
578 1964 644 2021 quas
658 1965 709 2020 per
724 1950 803 2005 toan-

93 2039 267 2095 renerahilem
291 2039 477 2110 presbyterum
502 2053 674 2094 communem
695 2038 804 2093 fidelem

98 2128 244 2194 mandasti,
264 2137 390 2199 quantam
416 2127 496 2181 sulem
521 2134 546 2181 et
568 2127 702 2183 sinceram
716 2127 803 2183 devo·

93 2233 107 2272 n
122 2217 194 2274 cirea
206 2217 355 2272 Ecclesiam
368 2224 523 2271 sancitorum
535 2216 720 2287 apostolorum
731 2215 804 2271 Petri

93 2304 129 2361 uli
141 2322 172 2362 ac
188 2306 259 2361 cirea
274 2322 324 2360 nos
344 2306 445 2359 habeas
468 2306 528 2360 luce
551 2305 651 2360 clarius
666 2305 800 2361 norimus.

93 2393 126 2464 ia,
147 2394 205 2449 Deo
228 2392 345 2453 larente.
375 2393 454 2465 ‹puasi
477 2393 592 2449 dilectus
615 2392 686 2448 filius
709 2401 803 2449 sancto

99 2483 228 2550 alachis,
246 2482 291 2554 qui
308 2499 357 2552 per
371 2482 489 2536 divinam
507 2482 626 2555 gratiam
642 2482 729 2538 vicem
744 2483 803 2551 ejus

93 2587 139 2632 us.
155 2570 243 2625 tidelis
257 2571 284 2624 in
301 2570 427 2624 omnibus
438 2580 463 2625 ct
478 2570 609 2625 obediens
623 2586 684 2625 esse
698 2571 801 2642 cupias,

92 2658 142 2715 iter
155 2658 299 2730 pralitrris,
315 2668 367 2713 tua.
383 2659 516 2714 nohilitati
531 2659 629 2731 dignas
644 2659 724 2714 talde
738 2676 803 2732 gra-

93 2764 111 2802 rs
124 2748 209 2804 nostri
226 2749 391 2819 apostolatus
407 2748 501 2802 litteris
512 2748 619 2820 agimus
634 2756 803 2819 paternoque

854 1792 982 1847 tarditate
996 1790 1129 1862 perficiat,
1151 1799 1181 1845 ut
1204 1798 1230 1845 et
1252 1799 1366 1862 propter
1379 1790 1433 1846 hoc
1447 1798 1501 1847 tuae
1514 1790 1653 1847 dilectioni

854 1879 1018 1952 multiplices
1041 1881 1142 1951 gratias
1166 1878 1323 1935 habeamus.
1349 1878 1414 1934 Data
1438 1877 1652 1936 vademortis

854 1967 936 2037 iunii,
951 1967 1099 2024 indictione
1112 1981 1164 2022 ιιιι.

1187 2100 1321 2162 CCXXX.

854 2215 890 2255 an
909 2214 1085 2258 stomnorss
1108 2217 1144 2256 nr
1165 2217 1289 2259 acrama
1315 2216 1469 2259 ιιιιιιιιιιιιιο
1487 2217 1646 2263 muheres.

1158 2301 1250 2365 (huno
1266 2301 1341 2373 aba.)

922 2399 1035 2471 Excipit
1049 2415 1094 2455 eos
1107 2399 1144 2454 od
1159 2399 1431 2457 ermanaricum
1444 2401 1585 2472 gremium

995 2471 1154 2535 redeuntes,
1166 2475 1263 2528 monet
1276 2476 1310 2526 ct
1317 2476 1507 2543 perseverent.

890 2565 1023 2622 Omnibus
1046 2567 1247 2622 venerabilibus
1268 2568 1465 2635 sacerdotibus,
1483 2575 1509 2623 at
1522 2567 1650 2625 miserae

853 2654 964 2724 populo.

890 2751 956 2806 Cum
970 2751 1073 2806 litteras
1084 2751 1216 2823 principis
1228 2753 1311 2808 vestri
1326 2753 1470 2820 Branimir,
1486 2766 1555 2826 quas
1570 2753 1649 2809 achis

93 2855 108 2907 r,
123 2845 214 2908 utpote
230 2836 419 2891 charissimum
435 2835 528 2895 hlium.
546 2836 580 2889 ad
596 2835 728 2907 gremium
743 2849 805 2891 san·
855 2855 904 2910 per
918 2840 1047 2895 ioannem
1063 2841 1245 2897 uenerabilem
1261 2842 1453 2913 presbyterum
1467 2841 1526 2913 ipse
1542 2841 1647 2909 direxit,

93 2923 142 2982 dis
156 2925 311 2996 apostoliea.
333 2925 429 2980 matris
454 2932 515 2991 tuae,
537 2925 570 2980 de
585 2925 661 2992 cujus
677 2924 803 2980 videlicet
854 2928 1017 3001 legeremus,
1034 2944 1089 2985 non
1104 2928 1192 2985 solum
1214 2929 1287 2985 illius
1307 2930 1490 2996 devotionem,
1506 2931 1555 2987 sed
1569 2931 1650 2987 etiam

93 3014 151 3071 imo
166 3014 240 3070 sonte
265 3022 358 3084 patres
384 3014 421 3068 tui
444 3013 572 3068 melliflua
586 3022 689 3069 sanctae
700 3013 803 3084 praedi·
819 3024 823 3031 ·
856 3014 918 3071 fidei
933 3026 1031 3074 vestrae
1046 3017 1229 3074 sinceritatem
1243 3026 1269 3073 et
1283 3018 1466 3086 dilectionem,
1483 3034 1564 3092 quam
1578 3019 1652 3077 circa

93 3103 116 3159 is
130 3111 260 3175 potavere
276 3103 382 3167 llrrenta,
407 3103 565 3157 redeuntem
584 3102 755 3173 suscipimus,
772 3082 833 3157 etC
849 3114 973 3161 sanetum
988 3107 1096 3162 Petmm
1109 3108 1294 3177 apostolorum
1308 3107 1459 3178 principem
1475 3115 1501 3164 et
1514 3108 1586 3164 circa
1600 3124 1650 3164 uos

93 3192 167 3248 dibus
182 3192 371 3263 amplectimur·
385 3192 466 3258 ulnis,
488 3199 569 3262 atque
583 3191 731 3262 apostolica
746 3207 797 3246 ro-
848 3194 981 3260 haheatis‚
998 3195 1187 3265 cognovimus.
1212 3195 1246 3249 Et
1266 3195 1331 3267 quia
1346 3194 1418 3250 velut
1433 3193 1649 3251 charissimifilii

105 3281 271 3355 benignitate
280 3282 386 3341 iorem:
404 3289 430 3335 ut
442 3281 569 3352 gratiam,
581 3279 797 3336 benedictionem
847 3283 881 3335 ad
895 3290 1016 3338 sanctam
1032 3284 1183 3339 Romanam
1197 3281 1352 3348 ecclesiam,
1368 3284 1441 3338 unde
1454 3289 1582 3353 parentes
1597 3298 1648 3338 va·

93 3379 270 3442 uotorumque
285 3369 355 3425 l'etri
371 3386 401 3424 ac
417 3368 491 3423 Pauli
517 3369 704 3440 apostolorum
718 3368 796 3438 prin·
848 3379 919 3425 stros
933 3370 1062 3426 mellillua
1077 3378 1178 3426 sanctae
1191 3369 1393 3443 predicationis
1408 3371 1539 3443 dogmata
1553 3383 1647 3427 susee-

94 3468 143 3527 ,et
157 3469 277 3514 nostram
295 3465 416 3529 superte
431 3458 534 3512 hahens
549 3456 686 3523 diffusam,
702 3473 718 3510 a
732 3456 797 3512 risi·
847 3460 920 3529 pisse
935 3459 1094 3533 agnoscitis,
1110 3466 1164 3514 toto
1178 3459 1269 3514 animo
1280 3466 1391 3530 totaque
1403 3459 1540 3515 voluntate
1555 3458 1648 3515 redire

93 3556 141 3603 set
154 3547 334 3602 imisibilibus
359 3546 491 3605 hostibus,
518 3545 563 3617 qui
579 3545 658 3599 saluti
673 3547 797 3600 humanae
847 3547 971 3618 cupiatis,
982 3555 1106 3601 nostram
1121 3547 1299 3618 apostolicam
1313 3547 1465 3617 gratiamet
1475 3546 1646 3604 henedictio-

93 3634 121 3691 ui
134 3644 161 3692 et
176 3636 308 3705 impedire
324 3652 378 3689 non
399 3641 516 3700 cessant,
533 3633 626 3687 salvus
642 3649 751 3704 semper
765 3649 796 3689 ac

93 3724 235 3789 meristae,
263 3732 437 3794 optatamque
461 3723 495 3776 de
515 3722 631 3777 inimicis
656 3722 796 3778 victoriam

847 3652 908 3691 nem
925 3636 1027 3692 hahere
1042 3650 1210 3708 magnopere
1224 3635 1422 3704 desiderantes,
1438 3651 1536 3710 magna
1551 3651 1646 3693 sumus

847 3723 944 3795 repleti
957 3723 1058 3780 laetitia.
1071 3724 1105 3778 Et
1119 3723 1181 3779 ideo
1196 3723 1316 3780 brachiis
1327 3723 1446 3781 extensis
1462 3738 1511 3779 ros
1526 3724 1646 3795 amplec-

93 3812 207 3885 spcssis
223 3813 331 3866 hahere.
348 3813 417 3865 h'am
434 3819 533 3882 quanto
549 3811 608 3881 ipse
629 3819 656 3866 te
671 3812 728 3866 Deo
742 3811 796 3865 hu-

93 3902 225 3956 ’subdere
241 3901 395 3971 sanctisque
420 3900 505 3969 ipsius
526 3899 637 3954 obedire
651 3899 796 3970 praeceptis

94 3989 143 4055 ris,
173 3999 252 4061 atque
280 3990 365 4059 ipsius
394 3988 582 4044 sacerdotibus
613 3997 638 4042 et
667 3988 795 4043 ministris

93 4094 130 4134 em
158 4079 278 4133 debitum
307 4093 357 4147 pro
380 4094 471 4131 amore
496 4077 603 4131 Domini
626 4076 794 4145 exhibueris,

93 4182 168 4237 super
182 4183 277 4221 omnes
293 4165 417 4220 inimicos
432 4175 494 4220 tuos
518 4174 543 4219 ct
566 4165 682 4221 rebelles
697 4166 794 4221 adrer-

99 4254 153 4311 eris
180 4255 273 4326 procul
297 4254 380 4308 dubio
402 4254 489 4310 victor
511 4263 537 4308 et
561 4261 668 4324 potens
685 4253 795 4308 Etideo

847 3811 936 3879 timui,
961 3820 1128 3884 paternoque
1155 3826 1249 3868 amore
1272 3811 1430 3883 recipimus,
1452 3818 1480 3869 et
1493 3811 1645 3884 apostolica

846 3901 972 3957 volumus
986 3908 1096 3973 semper
1106 3900 1270 3972 benignitate
1286 3900 1388 3970 lovere,
1404 3900 1428 3957 si
1444 3915 1493 3956 vos
1508 3901 1579 3957 hane
1592 3916 1644 3957 vo·
1666 3956 1670 3967 ,

846 3990 977 4046 luntatetn
1003 3998 1030 4045 et
1054 3989 1230 4061 sponsionem
1253 3997 1372 4046 vestram
1394 3989 1538 4063 usquead
1561 3987 1645 4046 finem

846 4079 989 4135 sinceriter
1016 4078 1173 4146 habueritis,
1205 4086 1232 4134 et
1254 4077 1370 4135 lideliter
1388 4078 1547 4145 tenueritis;
1570 4079 1643 4152 quia,

846 4167 954 4224 dicente
969 4167 1084 4223 Domino
1094 4184 1101 4221 :
1112 4167 1166 4234 Qm'
1180 4168 1534 4241 perseveraveritrrrqeetn
1544 4167 1643 4236 finem,

847 4256 891 4311 hir
905 4256 1001 4311 salros
1025 4257 1082 4310 erit
1109 4253 1219 4325 (hatti.
1245 4254 1295 4322 x);
1320 4260 1345 4309 et
1369 4254 1494 4325 apostolo
1517 4253 1601 4309 Paulo
1615 4253 1645 4310 id

93 4360 140 4398 nus
154 4344 313 4398 industriam
329 4352 402 4397 tuam
426 4351 455 4396 ut
473 4342 501 4396 in
515 4342 641 4397 omnihus
656 4342 710 4397 tuis
725 4341 794 4396 acti·
846 4342 934 4412 ipsum
948 4341 1053 4395 dicente
1070 4341 1238 4410 :Participes
1251 4340 1324 4395 enim
1338 4339 1437 4395 Christi
1454 4339 1518 4396 facti
1528 4340 1604 4407 eatis,
1621 4340 1645 4397 ei

93 4448 149 4488 eum
165 4449 273 4502 semper
288 4448 345 4502 prae
360 4431 447 4487 riculis
462 4431 574 4495 babeas,
587 4430 683 4484 linteas
697 4438 723 4485 et
737 4437 794 4484 teto
808 4436 936 4496 Dtamen
950 4428 1055 4484 initium
1070 4427 1133 4483 hdei
1148 4444 1235 4499 usque
1251 4427 1286 4482 ad
1296 4426 1379 4482 linem
1388 4425 1496 4482 firmum
1506 4427 1645 4483 retineatis

93 4521 202 4585 ‚eorda
220 4521 357 4591 quoniam,
380 4520 487 4574 dicente
510 4519 651 4574 l‘salrnista
669 4537 674 4573 :
692 4521 794 4574 beuter
845 4516 936 4588 (llelrr.
953 4516 1006 4588 ιιι),
1023 4515 1194 4587 Quapropter
1211 4523 1297 4572 estote
1313 4513 1409 4572 fideles
1424 4515 1493 4583 Deo,
1509 4523 1537 4571 et
1550 4523 1644 4572 sancto

93 4610 157 4681 ’gei
172 4612 252 4664 timet
268 4610 429 4674 ltorrrimrm,
443 4610 472 4663 in
485 4608 627 4663 rnorrdutis
639 4610 699 4677 cjcs
715 4608 795 4678 cepit
846 4606 936 4671 Petro,
952 4603 1021 4660 sicut
1035 4604 1196 4671 mandastis,
1216 4620 1302 4678 usque
1326 4604 1360 4659 ad
1382 4610 1509 4671 mortem,
1526 4611 1553 4659 et
1568 4603 1643 4659 acci·

100 4718 110 4753 .·
118 4702 218 4770 potem
233 4700 264 4751 iu
280 4702 357 4752 terra
372 4698 427 4752 crit
437 4713 532 4752 sauneri
551 4699 610 4766 ejus
621 4695 708 4763 (Pru-l.
725 4695 792 4766 aar).

93 4784 145 4840 ein
158 4785 309 4858 Evangelio
327 4803 333 4838 ε
353 4787 404 4854 Qui
420 4801 471 4847 mc,
492 4784 587 4856 inquit,
610 4785 714 4855 diligit,
732 4800 793 4839 ser-

93 4891 217 4930 nmeum
232 4875 362 4937 scraubit,
375 4878 401 4929 ct
417 4876 502 4928 l'oter
514 4890 590 4928 tracus
606 4873 704 4944 diliget
718 4889 792 4943 sign,

93 4977 148 5017 rttm
164 4965 318 5025 cent'crrrtts,
338 4967 365 5017 ct
387 4963 564 5017 tractationem
579 4961 654 5032 rrptrd
671 4977 736 5016 curn
750 4962 767 5031 s
783 4991 795 5001 ·

93 5051 209 5121 stidore.
229 5066 299 5119 ιιι),
317 5050 396 5118 Quod
415 5066 475 5104 curn
500 5049 536 5103 ita
551 5049 593 5113 sit,
611 5049 633 5101 si
648 5048 701 5103 tuis
716 5048 810 5117 bonis¹

94 5154 126 5193 us
141 5139 167 5193 in
183 5139 309 5209 praesenti
324 5138 475 5194 lucentibus
487 5139 571 5191 Deum
587 5135 793 5210 glorificaveris,

98 5227 153 5283 eris
168 5228 331 5297 sempiterna
346 5227 372 5281 in
382 5228 471 5280 l'uturo
480 5227 538 5280 sine
548 5226 631 5280 dubio
639 5227 792 5291 decoratus,

93 5332 124 5371 un
139 5315 197 5386 ipse
221 5333 269 5386 per
292 5316 405 5385 lloysru
429 5316 480 5370 hoc
503 5332 531 5369 se
553 5313 645 5369 iacere
670 5321 793 5381 testatur,

110 5423 117 5459 z
137 5406 330 5473 Glorifieorrtcs
342 5421 386 5459 me
395 5403 553 5474 glorificabo
563 5404 659 5474 (theg.
670 5401 795 5472 u).Sicut
813 5426 819 5440 ·

101 5500 194 5548 nostro
209 5492 365 5564 praesulatui
380 5508 428 5562 per
438 5492 494 5559 jam
510 5491 593 5546 iatum
606 5491 794 5562 presbyterum

178 5615 295 5671 Parnoi.
314 5614 437 5670 CXXVI.
461 5647 467 5657 ·

843 4693 924 4764 pietis
940 4708 1069 4749 coronam
1084 4693 1156 4758 r'itae,
1172 4709 1253 4765 quarn
1268 4691 1422 4765 repromisit
1436 4692 1511 4748 Deus
1525 4690 1643 4764 diligen·

845 4781 915 4836 tibus
931 4798 970 4838 se.
985 4782 1047 4836 Non
1061 4781 1132 4838 enim
1148 4781 1234 4837 sacris
1248 4780 1414 4837 orationihus
1428 4779 1529 4835 nostris
1542 4792 1644 4835 memo·

845 4870 915 4924 riam
930 4869 1014 4926 vestri
1024 4886 1115 4926 eoram
1128 4870 1243 4925 Domino
1253 4867 1364 4925 assidue
1371 4866 1512 4938 iacientes,
1520 4867 1645 4923 manibus

846 4975 954 5014 sursum
970 4959 1006 5014 ad
1021 4958 1165 5014 Dominum
1181 4956 1303 5023 elevatis,
1328 4955 1506 5028 omnipotenti
1521 4956 1579 5012 Deo
1594 4969 1644 5012 uos

845 5064 897 5102 una
912 5063 974 5104 cum
988 5045 1088 5102 dilecto
1103 5044 1158 5101 tilio
1174 5051 1268 5100 nostro
1277 5043 1398 5115 principe
1408 5051 1644 5102 restrocommen·

845 5136 952 5201 damus,
968 5143 995 5190 et
1009 5134 1083 5189 omni
1099 5132 1289 5188 benedictione
1304 5131 1420 5203 spiritali
1435 5132 1513 5189 robis
1528 5130 1644 5187 henedi-

844 5224 931 5279 eimus
946 5224 973 5278 in
988 5222 1096 5278 Christo
1119 5223 1184 5278 Jesu
1208 5222 1324 5277 Domino
1347 5230 1450 5287 nostro,
1472 5228 1501 5276 ut
1516 5221 1601 5278 hicet
1616 5221 1645 5276 in

844 5321 977 5367 aeternum
992 5326 1108 5380 corpore
1125 5310 1205 5364 simul
1220 5316 1247 5366 et
1262 5309 1352 5365 anima
1364 5308 1502 5365 benedicti
1513 5309 1646 5379 existatis,

844 5409 870 5456 et
892 5400 1101 5470 inperpetuum
1124 5398 1243 5454 Domino
1268 5397 1421 5471 gaudeatis.
1446 5397 1516 5458 Data
1538 5412 1580 5457 rrt
1601 5397 1647 5457 die

845 5488 947 5545 mensis
962 5486 1044 5555 lunii,
1060 5486 1207 5544 indictione
1223 5501 1273 5569 stt.
1347 5554 1350 5560 Ι

1505 5614 1540 5679 Μ
