3794 6104
610 228 786 287 aristote*
815 225 859 283 ΕΤ
886 223 1059 281 DECEEl'd.
1602 219 1655 281 m

99 374 215 417 milwe
229 359 331 433 legem,
355 365 500 431 querentes
515 357 643 412 dixerunt
665 370 716 427 pel·
738 351 805 409 iliud
819 353 1036 427 Αωιηιῃίωῃς,
1052 380 1148 421 omnes
1176 380 1226 435 per
1252 362 1412 435 prophetam
1433 361 1584 434 alloquitur,
1609 361 1654 420 di.

97 457 172 523 Pium
183 449 234 504 ¹¹⁰⁰
248 447 445 504 'mummium
460 462 515 501 ⁰⁰¹²
530 461 612 516 P⁰⁸⁵⁰
623 441 744 507 defendi,
757 441 804 511 iu·
855 470 921 511 cens
937 456 1039 517 :licite
1056 469 1092 510 nc
1107 457 1200 511 taceas
1214 453 1277 518 tibi,
1294 468 1330 509 ue
1343 453 1476 515 sileanct
1486 452 1654 524 acquiescas

97 537 233 595 aestatim
247 544 276 591 ut
288 534 430 607 praefatum
445 532 641 590 monasterium
659 531 804 587 Girbertus
854 545 938 608 pm,
953 539 1426 613 ppe‚1nepjpwpppppaespmmachq
1442 557 1449 593 :
1467 562 1478 587 ,
1496 537 1568 594 ,pupi
1585 553 1653 609 ppo.

97 642 152 699 pus
167 625 294 680 redderet
307 623 395 687 nobis,
412 631 558 694 etptnnnm
569 619 719 677 invasionis
738 618 804 673 mihi
855 631 959 687 ,1011oe
968 631 1042 687 sepis
1065 629 1173 703 pmufi
1186 645 1203 685 q
1214 628 1342 702 prasenti
1356 628 1411 695 die,
1437 629 1536 691 donec,
1556 626 1653 697 dispo.

97 723 193 771 ΜΝ·
208 714 266 767 N0⁵
279 728 389 783 poenam
404 727 455 782 Pf⁰
470 711 529 779 elus
546 717 710 782 villielmi*
725 707 805 777 luisti
855 728 935 775 nante
963 719 1090 785 Domino,
1115 718 1239 775 doctrina
1267 717 1407 775 catholice
1432 715 1496 771 fidei
1524 713 1657 771 manserit

97 819 122 859 ¹¹
136 818 192 856 ¹¹⁰²
205 801 370 872 fisssssslefstv
386 799 554 870 reliquimus
571 796 804 853 eifflttssassleffflffl
856 808 1012 874 Salv-atonis,
1032 807 1166 879 predium
1184 805 1410 870 ecclesiasticum,
1439 812 1656 876 quantaecunque

97 889 153 961 mni
174 890 330 961 inteillllfflss
346 889 500 959 recepimus
519 907 526 953 ἑ
543 887 688 958 ipsumque
717 886 803 940 advo-
855 898 889 953 sit
903 897 1098 970 magnitudinis
1114 897 1156 951 vel
1170 895 1335 968 exiguitatis,
1357 895 1407 948 sub
1430 902 1561 965 perpetua
1585 891 1654 946 alie-

135 979 243 1034 Detssde
277 979 373 1034 ducem
408 977 471 1032 illuc
507 976 729 1041 irssssssmlilesslsssv
759 974 804 1047 (lui
855 985 1016 1040 natiouevcl
1030 985 1242 1040 commutatione
1257 984 1292 1038 ad
1318 981 1462 1052 cujuslibet
1475 981 1537 1050 jura
1560 989 1653 1035 trans·

102 1068 155 1123 boc
169 1066 341 1137 corporalem
350 1065 520 1121 traditionem
532 1065 566 1119 dc
585 1063 712 1119 omnibus
722 1063 804 1117 rebus
856 1073 927 1129 ferse
942 1073 1030 1129 licem,
1047 1094 1057 1122 ‚
1075 1073 1110 1127 Ει
1134 1087 1169 1128 ex
1196 1072 1312 1143 epistola
1327 1086 1405 1142 papa
1419 1069 1590 1141 simplicii«
1622 1068 1656 1124 Ut

97 1155 129 1213 lii
143 1154 303 1210 monaslelii
318 1170 335 1208 a
350 1153 463 1224 [traeitlltt
475 1153 602 1208 Git'betlo
617 1152 720 1222 accepit
743 1151 803 1223 epi·
855 1177 911 1217 non
925 1161 1007 1217 licent
1023 1161 1181 1232 episcopum
1198 1159 1337 1215 titulorum
1353 1174 1463 1215 suorum
1473 1157 1587 1229 praedin,
1604 1171 1653 1213 sau

97 1286 101 1299 ·
855 1249 986 1322 quidquid
997 1250 1068 1319 juris
1083 1265 1178 1305 eorum
1194 1248 1283 1310 fuerit,
1300 1247 1421 1320 quolibet
1435 1248 1517 1304 modo
1532 1246 1654 1302 dlectare

97 1332 217 1391 fideliam
231 1332 325 1386 dll'ifw
342 1330 428 1385 fletus
441 1331 589 1400 illlssffllflt'v
602 1346 653 1401 ⁹80
669 1337 694 1384 ⁰¹
709 1344 804 1384 Omnes
856 1339 899 1395 vel
913 1346 1082 1395 commutare
1100 1355 1107 1394 :
1124 1338 1170 1410 qui
1186 1354 1252 1392 vero
1268 1337 1319 1392 lroc
1334 1351 1419 1408 apere
1433 1335 1588 1400 tentaverit,
1611 1348 1655 1390 or·

97 1420 128 1493 pi
143 1422 222 1490 hujus
233 1419 350 1485 concilii,
379 1435 411 1472 es
427 1417 804 1474 auctoritateliomininostri
854 1427 926 1481 dinis
949 1427 993 1483 gui
1014 1426 1178 1482 detrimento
1204 1426 1346 1498 plectatur,
1365 1448 1375 1473 ι
1394 1426 1460 1479 ltem
1483 1424 1510 1478 in
1532 1424 1654 1479 eodem:

97 1510 194 1574 inrisu,
211 1524 259 1578 per
272 1524 361 1578 quem,
379 1516 404 1561 et
414 1524 463 1578 per
479 1524 576 1577 ipsum,
593 1516 619 1561 et
630 1507 656 1560 in
672 1522 725 1578 quo
735 1522 804 1561 con·
857 1515 935 1584 «Qui
963 1515 1072 1586 petierit
1094 1514 1226 1586 praediutn
1254 1512 1386 1577 ecclesiae,
1416 1521 1443 1567 et
1471 1511 1656 1582 acceperitis

97 1598 191 1661 omnia,
219 1597 270 1651 sub
286 1596 358 1651 omni
382 1597 556 1650 anathemate
582 1596 758 1663 detestamus,
778 1603 803 1649 ct
854 1603 1149 1674 propriojur03autsi
1163 1602 1224 1674 quis
1249 1602 1471 1674 presbyterorum
1493 1608 1538 1654 nui
1561 1599 1655 1655 dispo.

97 1686 199 1753 tamus,
226 1694 252 1740 <³¹
268 1685 544 1752 0¹0⁰11¹¹1¹¹¹111⁰³¹¹¹¹¹⁵2
570 1693 599 1739 ¹¹²
623 1683 712 1738 nullus
740 1699 1039 1768 s110·pqttorurn,nec
1067 1707 1122 1747 non
1149 1690 1324 1746 defensorum
1352 1688 1427 1744 denti
1456 1686 1656 1758 subscripserit,

97 1792 146 1831 ”¹1¹
161 1783 317 1830 ¹¹0slf0ft¹m
333 1774 359 1828 5¹¹
380 1775 430 1828 ¹¹³0
445 1781 539 1828 Simila
562 1773 710 1842 ⁸P0S²⁰fi⁰³
730 1772 805 1838 St‘de.
858 1781 1032 1837 anathemate
1054 1780 1174 1836 feriatur.
1209 1800 1221 1829 ι
1247 1779 1314 1833 ltem
1344 1777 1372 1831 in
1409 1776 1558 1832 canonibus
1575 1794 1581 1830 ;
1599 1799 1611 1823 α
1629 1775 1658 1831 Si

97 1872 166 1921 :tore
176 1863 304 1928 Domino,
315 1862 496 1927 deservimus,
510 1877 628 1933 unquam
640 1861 682 1916 vel
694 1876 808 1932 usquam
857 1869 1004 1941 episcopus
1019 1869 1128 1925 condito
1142 1875 1305 1923 tenemento
1315 1864 1419 1938 aliquid
1434 1865 1468 1920 de
1477 1863 1658 1921 commemini

97 1952 189 2007 ntibua
212 1952 256 2008 vel
276 1949 375 2006 futuris
402 1950 571 2020 temporibus
595 1950 743 2023 quidquam
773 1950 808 2004 de
854 1957 924 2027 jur'n
952 1957 1120 2029 proprietate
1147 1955 1289 2027 legaverit,
1310 1954 1391 2008 aliter
1405 1968 1459 2008 non
1475 1952 1585 2020 valebit,
1602 1951 1657 2009 niti

97 2059 103 2096 t
135 2040 225 2107 rebus,
255 2055 305 2094 1¹²0
334 2039 490 2107 imperim,
523 2055 572 2095 1¹00
595 2055 653 2115 103,
683 2054 733 2092 nec
754 2037 807 2092 ulla
857 2045 1008 2101 tanatumtle
1018 2045 1089 2116 juris
1103 2044 1205 2116 proprii
1219 2043 1348 2100 bonitate
1374 2041 1582 2114 suppleverit.»

97 2130 283 2199 alispotcstas
309 2127 482 2195 beneficiare,
504 2136 680 2193 commutare,
702 2143 732 2182 ac
757 2127 807 2182 sub
892 2135 978 2206 lpitur
993 2143 1047 2189 tam
1062 2150 1115 2207 epo
1130 2149 1209 2206 quam
1223 2148 1320 2189 omnes
1344 2129 1466 2202 episcopi
1495 2129 1576 2199 nnus
1591 2145 1657 2187 con·

104 2218 258 2276 concedere
266 2232 316 2287 per
324 2215 413 2270 futura
423 2224 548 2287 tempora
568 2216 664 2287 possin
672 2231 723 2272 nee
736 2232 807 2287 pon-
857 2222 922 2289 citii,
938 2222 1113 2278 insidiatores
1126 2238 1159 2278 en
1174 2223 1226 2278 boc
1239 2219 1406 2277 monasterio
1425 2217 1583 2289 apostolice
1609 2233 1657 2275 aa·

97 2304 354 2376 iusdemdioecesiS.
371 2305 492 2373 ancujus
510 2305 667 2375 parochiam
690 2304 808 2375 pertinet
857 2312 913 2381 dis,
927 2319 953 2366 et
968 2311 1032 2366 huic
1046 2311 1208 2382 presbytero
1223 2309 1246 2364 si
1261 2307 1359 2380 aliquis
1380 2307 1541 2363 adversatus
1563 2305 1655 2372 fucrit,

97 2395 162 2467 ipae,
176 2410 228 2450 nee
242 2409 339 2448 omnes
354 2393 476 2463 ejusdem
491 2393 633 2463 potestatis
657 2393 807 2465 quidquam
857 2398 921 2464 tale,
946 2400 1038 2457 coelus
1066 2406 1264 2471 perpetrantes,
1295 2412 1391 2453 ornnes
1418 2411 1436 2452 a
1463 2395 1657 2452 communione

97 2483 183 2541 nitate
198 2483 325 2553 accipere
347 2481 433 2552 ipsius
457 2481 617 2537 monasterii
642 2483 751 2537 audeat.
773 2481 808 2536 Et
857 2487 958 2543 Christi
971 2488 1095 2559 corporis
1109 2502 1143 2544 ac
1162 2484 1337 2542 fraternitatis
1358 2482 1506 2549 consortio,
1522 2483 1580 2539 sive
1594 2498 1656 2539 om-

97 2589 116 2629 a·
134 2572 201 2628 nulli
224 2570 335 2627 omnino
365 2570 447 2626 liceat
467 2586 577 2642 quoquo
601 2572 683 2626 modo
705 2572 732 2625 in
764 2570 807 2625 fris
857 2575 1153 2632 niumeinictianorum
1178 2573 1295 2647 cassegio
1311 2580 1523 2645 sequestramus,
1537 2571 1653 2627 damna·

97 2660 265 2731 utaliquam
287 2658 495 2714 minorationem
520 2658 561 2714 vel
586 2658 701 2715 forciam
726 2660 806 2733 inffe—
857 2681 927 2730 ntus,
953 2673 980 2720 et
1003 2665 1053 2719 sub
1081 2664 1156 2719 omni
1183 2665 1353 2718 anathemate
1378 2660 1655 2717 excommunicamus.

97 2748 189 2807 aeuus
203 2757 295 2804 autem
310 2765 324 2801 a
339 2748 466 2818 prasenti
490 2748 606 2804 concilio
630 2748 721 2803 omnia
748 2749 806 2804 ltaec
857 2753 916 2808 Sint
930 2752 970 2808 illi
994 2752 1130 2808 maledicti
1158 2752 1185 2806 in
1206 2750 1325 2820 civitate,
1355 2748 1493 2806 maledicti
1521 2749 1550 2805 in
1563 2763 1656 2820 agro3

97 2837 230 2895 ttiictum
257 2834 451 2892 monasterium
481 2851 543 2891 cum
557 2837 685 2892 omnibus
700 2852 806 2909 appen·
856 2840 1134 2898 maledictusfmctus
1149 2849 1348 2895 terraconam.
1371 2838 1430 2894 Sint
1445 2837 1592 2895 maledicta
1615 2836 1657 2893 ln·

110 2934 139 2982 et
160 2925 301 2990 cathedra,
317 2924 370 2979 alia
390 2923 450 2979 loca
466 2925 575 2980 mobilia
590 2925 804 2997 immobiliaque,
856 2931 957 2986 teriora
973 2945 1068 2986 eorum
1080 2939 1106 2984 et
1120 2929 1268 2984 exteriora.
1286 2926 1391 2982 Coelnm
1408 2926 1482 2997 quod
1501 2925 1658 2998 superinos

97 3016 379 3073 ercumtimentium
390 3018 545 3088 largitatem
556 3014 727 3070 inibicollata
743 3030 804 3070 esse
834 3027 909 3091 ,est
925 3019 960 3074 sit
974 3035 1092 3084 areum3
1126 3026 1153 3073 et
1174 3027 1246 3073 terra
1261 3032 1344 3088 quam
1373 3014 1472 3084 calcat,
1500 3015 1535 3070 sit
1562 3014 1657 3071 ferrea.

97 3113 163 3170 dur,
181 3105 242 3160 huic
258 3107 366 3162 Amulio
376 3108 539 3179 presbytero
563 3112 589 3160 et
610 3103 804 3159 archidiacono
831 3106 846 3130 ²
860 3107 955 3164 Oratio
970 3124 1065 3163 corum
1079 3116 1141 3162 ante
1156 3108 1243 3163 Deum
1254 3106 1363 3161 veniant
1374 3105 1402 3160 in
1411 3111 1574 3176 peccatum:
1590 3105 1660 3161 sicut

97 3193 169 3251 statis
185 3194 310 3250 ecclesiia
325 3196 528 3252 confirmamus.
544 3194 630 3262 liuius
650 3193 689 3247 rei
717 3191 804 3263 pratia
859 3197 945 3250 balan
960 3202 986 3251 et
1001 3196 1103 3251 Abiron
1130 3202 1191 3250 eant
1207 3194 1326 3250 viventes
1350 3193 1378 3247 in
1392 3191 1538 3248 infernum.
1555 3189 1659 3247 Omnes

97 3282 224 3337 andamm
239 3284 317 3338 vobis
331 3285 400 3340 banc
415 3284 538 3340 notitiam
558 3282 592 3336 ad
610 3281 760 3352 rependum
774 3287 801 3335 et
857 3285 980 3355 quicum
1003 3284 1057 3338 illis
1081 3280 1312 3354 participaverint,
1341 3289 1386 3334 sut
1414 3296 1476 3337 cum
1501 3279 1541 3335 eis
1568 3279 1658 3335 cibum

97 3372 611 3429 onetbeneoedifrcandumcoenobium
628 3371 684 3436 ;ita
701 3377 807 3424 sancet
857 3371 1032 3443 sumpserint,
1063 3380 1109 3425 sut
1135 3371 1242 3426 candos
1267 3385 1363 3427 eorum
1391 3367 1537 3424 maledicta
1563 3368 1658 3424 audire

97 3459 126 3529 b,
141 3460 257 3532 singulis
272 3463 480 3533 quibuscunque
496 3460 585 3528 annis,
595 3457 737 3530 pensionis
753 3473 805 3513 no·
857 3460 1039 3528 decreverint,
1055 3459 1175 3517 scientes
1189 3460 1261 3515 hanc
1275 3456 1503 3523 maledictionem,
1513 3472 1575 3512 curn
1589 3456 1660 3513 luda

97 3547 125 3603 in
140 3549 290 3604 rationibus
300 3550 493 3606 ecclesiasticis
510 3568 524 3604 r
540 3547 645 3620 arpenti
661 3545 805 3613 solidiana,
857 3548 982 3605 Scariotb
1010 3547 1151 3615 traditore,
1180 3545 1282 3601 Cltristi
1311 3544 1459 3616 participes
1488 3542 1563 3599 liant.
1579 3546 1658 3615 Aqua

97 3638 370 3710 oaxttaeeipientes,
394 3639 446 3709 piac
461 3637 632 3709 paternitatis
648 3633 804 3707 suffragium
856 3653 953 3693 eorum
979 3634 1105 3709 putrefiat
1120 3657 1127 3701 ;
1144 3637 1235 3691 vinum
1262 3650 1358 3691 eorum
1390 3633 1518 3690 scaturiat
1534 3653 1541 3699 ς
1559 3648 1656 3705 panem

101 3728 269 3782 monasterio
290 3736 385 3783 contra
400 3744 496 3784 omnes
518 3725 678 3781 infestantes
697 3724 804 3795 impen-
856 3741 949 3781 eorum
977 3725 1074 3798 mbipo
1097 3733 1248 3790 consumet,
1279 3723 1439 3795 vestimenta
1462 3737 1556 3778 eorurn
1585 3722 1657 3779 tinea

97 3814 220 3869 tudeant.
231 3816 302 3870 Nulli
320 3833 386 3872 vero
400 3817 513 3871 dubium
528 3825 580 3882 est,
607 3814 715 3879 fratres,
732 3813 805 3885 quod
855 3815 990 3871 comedat.
1006 3814 1041 3871 Et
1054 3813 1204 3885 quidplura
1218 3813 1232 3869 ‘t
1247 3812 1350 3869 Omnes
1367 3810 1573 3869 maledictiones
1587 3810 1657 3867 Novi

98 3902 151 3959 lica
172 3904 293 3959 Ecclesia
315 3914 403 3960 mater
424 3906 459 3959 sit
468 3904 590 3960 onmium
615 3901 804 3972 ecclesiarum,
856 3919 889 3959 ac
904 3903 1011 3959 Veteris
1036 3903 1203 3958 Testamenti
1228 3901 1337 3957 veniant
1362 3916 1447 3971 super
1474 3899 1545 3967 illos,
1570 3915 1657 3971 usque

97 4008 111 4046 s
126 4008 177 4048 nos
188 3994 292 4064 regulis
312 3993 465 4049 nullatenus
480 3993 607 4049 convenit
631 3992 742 4047 deviare
758 3999 805 4046 :et
855 3993 919 4046 dum
934 3992 968 4046 ad
983 3991 1094 4063 &gnam
1109 3991 1321 4047 satisfactionem
1337 3998 1364 4046 ct
1378 3990 1544 4063 condignam
1563 3989 1654 4061 posui-

97 4080 175 4136 filius
190 4083 239 4137 Dei
255 4082 429 4138 venitfacere
447 4082 615 4136 voluntatem
639 4080 735 4144 Patris,
765 4079 804 4134 sic
855 4081 967 4136 tentiam
980 4081 1076 4136 matris
1087 4080 1218 4137 Ecclesiae
1233 4081 1350 4136 veniant.
1366 4079 1486 4134 imanes
1499 4077 1657 4150 apostolicas

109 4169 274 4226 voluntatem
290 4181 385 4227 restrae
407 4170 541 4243 impleatis
561 4170 664 4234 matris,
682 4186 742 4241 qum
764 4177 804 4223 est
855 4170 929 4225 sedis
944 4170 1017 4225 Petri
1031 4170 1158 4240 apostoli,
1173 4169 1299 4224 omnibus
1314 4167 1413 4223 Christi
1435 4166 1559 4224 aeclesiis
1588 4167 1657 4224 bene

97 4258 139 4326 ia,
155 4261 232 4329 cujus
256 4269 347 4331 caput,
375 4270 402 4315 ut
424 4259 585 4330 praedictum
607 4268 658 4322 est,
683 4258 804 4314 Romana
855 4252 948 4312 valste'
957 4257 1023 4314 dicit
1037 4258 1090 4312 ista
1104 4257 1286 4312 servantibus.

101 4348 236 4404 Ecclesia.
249 4348 330 4404 Pater
343 4366 412 4422 erqo
428 4356 521 4405 noster
536 4349 595 4403 sine
611 4348 694 4403 dubio
719 4348 802 4408 Deus,
891 4345 1053 4401 llincmsrus
1067 4344 1230 4401 libanensis
1244 4344 1470 4415 archiepiscopus
1485 4341 1585 4409 firmat,
1601 4347 1657 4401 Aa·

97 4439 230 4503 screavit,
250 4447 279 4494 et
297 4448 385 4493 mater
405 4447 497 4493 nostra
508 4437 643 4500 Ecclesia,
674 4452 734 4507 quae
753 4451 803 4490 nos
818 4424 956 4507 Dsigisus
970 4431 1476 4505 Senonensisarchiepiscopusfirmat,
1491 4431 1657 4488 Aurelianus

97 4526 182 4582 demo
209 4527 367 4597 spiritaliter
392 4526 577 4599 regeneravit,
606 4534 633 4580 et
662 4524 725 4579 ideo
759 4529 804 4596 qui
855 4523 1046 4594 lugdunensis
1060 4522 1282 4594 archiepiscopus
1297 4520 1396 4590 lirmat,
1417 4523 1571 4594 Rostapnus
1592 4524 1657 4578 Ara-

97 4615 253 4685 .pecunias
267 4604 294 4671 et
323 4615 455 4671 Ecclesia
481 4614 583 4680 aufert,
619 4612 759 4669 fraudatur
778 4622 804 4668 et
855 4612 967 4667 latensis
984 4611 1206 4684 archiepiscopus
1233 4610 1333 4678 lirmat,
1363 4611 1518 4683 sigebodus
1547 4609 1655 4665 Narbo·

97 4703 229 4758 bomicida
243 4704 270 4757 in
285 4712 433 4774 conspectu
454 4703 553 4773 judicis
571 4703 636 4772 justi
648 4702 804 4772 essedepu·
855 4701 949 4756 nensis
963 4700 1186 4772 archiepiscopus
1210 4700 1309 4767 lirmat,
1333 4699 1497 4755 leudericus
1513 4698 1656 4755 wando-

97 4808 108 4847 ·.
139 4791 216 4847 Unde
245 4792 376 4863 seriptum
399 4801 460 4847 est:
483 4792 528 4863 qui
551 4791 621 4862 rapit
663 4791 802 4861 pecuniam
854 4790 946 4845 nensis
960 4790 1180 4862 arcltiepiscopus
1195 4789 1292 4857 lirmat,
1319 4792 1489 4846 lutet-annus
1516 4788 1655 4845 Viennen-

97 4879 114 4935 ti
129 4879 171 4934 sui
190 4880 360 4950 iniquitatem
385 4879 447 4935 facit
464 4900 470 4946 ;
488 4880 533 4952 qui
558 4890 650 4934 autem
673 4879 804 4951 pecunias
852 4878 890 4933 sis
909 4879 1129 4951 archiepiscopus
1158 4878 1254 4944 lirmat,
1271 4877 1446 4933 Frautlrarius
1479 4876 1654 4934 bituricensis

97 4967 251 5024 sEcclcsiae
267 4970 367 5033 tulerit,
383 4970 560 5040 sacrilegium
577 4969 661 5032 l'ncit;
691 4969 763 5024 unde
777 4985 803 5030 ct
854 4967 1076 5040 archiepiscopus
1096 4968 1196 5040 signat,
1213 4967 1367 5021 ,tanoaldus
1382 4967 1547 5022 Turonensis
1571 4966 1657 5022 archi·

97 5055 136 5129 pui
147 5058 291 5127 pecuniam
307 5057 449 5125 fraudavit,
467 5075 528 5129 quie
543 5058 638 5112 usibus
658 5057 801 5129 Ecclesia,
854 5056 1000 5127 episcopus
1016 5056 1114 5121 lirmat,
1127 5057 1215 5111 Berno
1226 5055 1433 5111 catalaunensis
1449 5056 1593 5127 episcopus
1605 5052 1655 5110 lir-

97 5146 259 5216 auperibus,
287 5163 356 5217 quos
372 5146 495 5202 Ecclesia
510 5147 725 5217 pasceredeltet,
743 5146 802 5201 dis·
853 5153 915 5209 mat,
931 5145 1051 5200 loannes
1067 5145 1280 5201 dodomacens's
1302 5144 1526 5216 archiepiscopus
1551 5143 1652 5211 lirmat,

97 5233 253 5302 taturjussu
283 5235 443 5301 salvatoris,
472 5235 549 5303 cujus
575 5235 662 5292 ricem
682 5232 803 5308 episcopi
851 5233 1015 5289 aldebertus
1039 5232 1249 5288 silvanectensis
1277 5233 1423 5304 episcopus
1450 5232 1551 5297 lirmat,
1577 5232 1652 5289 lsaac

120 5338 172 5376 nec
193 5323 283 5377 solum
313 5322 367 5388 fur,
389 5324 437 5378 sed
460 5333 485 5378 et
500 5323 577 5392 latro,
602 5334 629 5378 et
651 5324 802 5395 sacrilegus
853 5321 1033 5394 lingonensis
1058 5321 1204 5392 episcopus
1228 5320 1326 5383 firmat,
1373 5320 1529 5392 lngclvinus
1570 5320 1656 5377 Parisi

97 5419 173 5465 sest.
193 5412 231 5465 lte
250 5412 350 5466 talibus
366 5413 448 5476 enim,
478 5413 505 5466 id
532 5412 633 5483 estqui
661 5411 802 5468 facultates
850 5411 995 5481 episcopus
1011 5408 1109 5477 firmat,
1126 5409 1234 5465 Otulfus
1250 5409 1412 5465 frenassine
1443 5408 1654 5481 episcopusin·

97 5498 129 5554 im
148 5500 265 5571 rapiunt,
284 5500 409 5556 fraudant
439 5500 481 5556 vel
502 5500 636 5556 cirferunt.
669 5502 801 5558 Dominus
853 5508 916 5563 mat,
957 5499 1118 5573 lnpomarus
1164 5498 1351 5555 laudunensis
1382 5497 1527 5571 episcopus
1556 5498 1654 5572 lirmat,
