3794 6104
508 293 687 354 aristote
713 292 760 351 ΕΤ
783 292 957 356 ΒΕΟΒΕΤΑ.

329 451 392 507 xp,
780 424 810 487 Α
1177 443 1255 499 xiil.

902 543 939 585 en
956 544 1106 587 nourcaos
1125 545 1149 586 s.
1170 546 1289 588 vanesrr
1312 546 1529 592 urrasarsusrs.

1127 612 1218 689 (Anno
1232 620 1307 693 ste.)

820 705 975 774 Confirmet
1002 707 1099 763 omnio
1125 712 1259 765 contente
1288 711 1321 766 in
1349 708 1502 784 diplomate
1523 712 1617 771 Caroli

1120 780 1311 851 imperatorie.
1343 790 1345 796 “

97 578 239 622 tetmarus
257 581 311 621 eno
329 580 507 622 neutericum
526 579 673 622 amasset.

280 680 370 751 (duno
386 680 460 752 ste.)

97 821 769 966 ffgaeiguclr‘eirqiziiitsc.'ieritiigplrigerre‘ffmcgtrimae,
854 863 981 919 loannes
995 865 1150 936 episcopus,
1167 882 1261 923 servus
1277 883 1418 924 servorum
1441 869 1502 942 Del,
1526 869 1617 927 fratri·

97 963 767 1036 tbmeaeemptamacteneramtterotooeetorat.
820 951 871 1006 bus
897 953 1055 1009 ffl⁰¹¹⁸⁸²0ffi
1082 955 1112 1008 Β·
1141 955 1260 1026 V0d³⁵²ir
1290 957 1363 1028 quod
1391 964 1501 1013 V0⁰³¹¹¹I
1527 958 1617 1014 Νθῧῑ·

819 1039 916 1107 liacus,
939 1039 983 1097 vel
1010 1041 1136 1108 Atrebas,
1165 1043 1212 1097 ubi
1239 1044 1298 1114 Ipse
1326 1045 1354 1100 S.
1385 1045 1520 1102 vedastus
1547 1061 1616 1103 eon·

820 1127 908 1184 sessor
922 1128 1022 1185 Christi
1036 1144 1151 1201 corpore
1166 1131 1280 1202 quiescit
1293 1132 1321 1187 in
1336 1141 1507 1205 perpetuum.

856 1216 883 1273 Si
910 1216 1069 1272 utilitatibus
1098 1233 1237 1273 servorum
1271 1220 1322 1275 Dei
1356 1220 1400 1291 pie
1429 1221 1617 1279 consuluimus
1647 1230 1649 1234 '

819 1305 935 1377 locaque
963 1304 1071 1362 christo
1099 1305 1187 1361 dicata
1216 1307 1372 1379 apostolicis
1400 1308 1524 1365 fulsImus
1551 1326 1616 1366 san-

820 1393 964 1462 ctionibus,
990 1410 1044 1465 quo
1071 1393 1154 1450 divini
1179 1394 1268 1451 cultus
1289 1396 1445 1466 servitores,
1471 1397 1536 1453 Inibi
1558 1399 1617 1455 Deo

820 1490 967 1549 recantes,
997 1499 1013 1537 a
1040 1483 1212 1556 turbinibus,
1246 1492 1273 1541 et
1299 1486 1382 1542 seriis
1411 1487 1618 1559 tempestatibus

821 1571 990 1628 secularium
1005 1572 1161 1629 munientur
1180 1573 1350 1642 excursibus,
1373 1574 1439 1631 nihil
1463 1576 1516 1633 hoe
1538 1576 1620 1632 holo-

98 1672 143 1714 ιω
158 1671 268 1728 semper
284 1664 346 1713 sunt
361 1658 537 1715 concedende
551 1674 613 1730 quas
626 1658 772 1716 rationabi·
820 1667 914 1715 caueto
942 1660 1047 1731 gratius
1074 1661 1249 1734 Redemptori
1269 1669 1364 1718 nostro
1385 1664 1524 1720 credImus
1549 1662 1620 1722 otie-

97 1752 211 1819 agruunt
225 1744 380 1816 desideriis,
395 1753 499 1818 eportet
515 1754 544 1802 ut
558 1747 695 1803 devotioni
709 1762 772 1804 con·
786 1747 949 1836 Brendum.
977 1747 1038 1817 Qua
1057 1748 1092 1804 de
1116 1764 1147 1805 re
1174 1749 1235 1805 luce
1264 1750 1364 1806 clerius
1391 1759 1466 1822 patet
1493 1752 1621 1808 omnibus

97 1832 148 1906 piac
170 1833 382 1890 constructionis
405 1835 549 1891 auctoritas
572 1835 601 1890 in
619 1835 771 1909 privilegiis
822 1834 955 1892 Ecclesiae
968 1835 1041 1902 tiliis,
1058 1837 1121 1909 quie
1136 1837 1312 1893 cbarissImus
1326 1838 1398 1895 tilius
1412 1847 1507 1896 noster
1530 1842 1619 1897 Cero-

97 1921 139 1978 dis
150 1921 261 1978 minime
272 1921 425 1995 denegetur
441 1940 448 1977 :
464 1923 547 1995 igitur
557 1923 619 1996 quia
629 1923 773 1996 postulasti
823 1923 866 1978 lus
899 1939 964 1992 rea,
993 1924 1089 1981 adiens
1113 1924 1205 1981 limina
1234 1926 1452 1983 beatissImorum
1478 1928 1620 2001 apostolo-

97 2018 231 2083 quatcnus
245 2011 440 2066 monesterium
464 2011 614 2069 Salvatoris
639 2028 654 2066 a
678 2019 772 2069 sancto
823 2028 883 2067 rum
911 2012 984 2069 Petri
1012 2020 1039 2068 ct
1067 2013 1165 2081 PauII,
1199 2013 1348 2093 honorilice
1376 2031 1393 2070 e
1419 2016 1498 2072 nobis
1536 2032 1620 2074 exce·

97 2098 336 2170 oerchiepiscopo
351 2108 538 2157 constructum
552 2101 580 2155 in
594 2100 654 2157 leco
664 2101 711 2171 qui
724 2116 773 2156 eo·
822 2108 895 2173 ptus,
914 2108 1060 2173 postquem
1083 2101 1241 2159 solemniter
1263 2109 1325 2160 vota
1346 2104 1423 2178 regia
1445 2105 1621 2176 persolvisset

97 2187 186 2244 >mnia
201 2203 267 2260 erge
280 2188 369 2258 ripam
380 2187 497 2243 tluminis
508 2188 774 2263 Fuldaheprivilein
822 2189 856 2244 ad
892 2189 1047 2260 sepulcrum
1072 2190 1102 2245 B.
1133 2190 1217 2257 Petri,
1250 2190 1295 2247 die
1322 2192 1468 2248 nativitatis
1494 2192 1619 2261 Domini,

97 2276 221 2333 ostolicas
240 2276 412 2332 adminiculis
435 2276 580 2332 decoretur
604 2284 632 2331 ut
655 2277 705 2333 sub
726 2277 773 2346 ju·
824 2277 852 2332 in
879 2277 996 2334 ecclesia
1022 2278 1108 2349 ipsIus
1132 2279 1162 2334 Β.
1187 2279 1259 2335 Petri
1279 2281 1466 2352 apostolorum
1489 2280 1621 2354 priupris

98 2380 133 2420 ne
148 2372 248 2421 sanctae
262 2372 361 2420 uostrae
375 2364 418 2421 cui
433 2366 491 2420 Deo
515 2373 628 2421 auctora
648 2365 773 2421 deservi·
824 2366 984 2440 dignitatem
1008 2366 1174 2438 imperialem
1195 2383 1246 2438 per
1267 2367 1467 2440 impositionem
1490 2383 1622 2442 manuum

97 2452 185 2510 etesia
199 2453 375 2509 constitutum
389 2453 490 2508 nullius
511 2453 623 2510 alterius
643 2453 775 2511 Ecclesiae
824 2462 978 2511 nostrerum
1005 2454 1120 2525 adeptus
1148 2463 1198 2511 cst.
1227 2455 1332 2512 Dehinc
1362 2473 1417 2513 nou
1444 2457 1534 2513 minus
1562 2457 1621 2513 sin-

97 2539 210 2597 tionibus
225 2540 410 2609 submittatur;
425 2556 476 2614 pro
499 2558 551 2614 qua
575 2558 603 2598 re
626 2541 679 2614 piis
698 2542 774 2598 desi·
825 2558 888 2600 care
915 2558 996 2615 quam
1023 2543 1120 2599 devote
1148 2559 1163 2598 a
1192 2543 1271 2599 uobis
1299 2544 1409 2617 expetiit
1436 2553 1466 2600 ut
1492 2546 1522 2600 B.
1551 2545 1622 2602 Petri

97 2636 207 2694 mentes,
224 2630 275 2684 lrec
288 2637 379 2684 nostra
393 2629 552 2685 auctoritate
576 2630 604 2685 id
628 2629 700 2701 quod
724 2647 774 2685 ex·
824 2632 1008 2701 apostolorum
1023 2631 1163 2702 principis,
1184 2629 1318 2702 simulque
1342 2632 1511 2703 apostolatus
1534 2632 1622 2688 nostri

97 2714 220 2773 *effectui
235 2718 430 2788 mancipamus,
447 2725 473 2774 et
488 2718 549 2774 ideo
564 2733 673 2773 omnem
688 2719 776 2787 cujus
824 2718 985 2775 auctoritate
1000 2719 1211 2774 decerneremus
1230 2719 1404 2793 privilegium
1427 2721 1555 2777 Romana
1578 2726 1622 2776 et·

97 2804 201 2863 eclesiae
224 2806 394 2861 sacerdotem
418 2805 446 2860 in
466 2805 580 2877 pretato
608 2804 776 2862 monasterio
825 2811 878 2879 que
911 2806 1068 2877 apostolice
1104 2807 1178 2863 sedis
1215 2807 1404 2879 astipulatione
1442 2809 1621 2876 roboretum,

97 2893 273 2966 nquemlibet
287 2893 389 2950 habere
404 2901 448 2948 aut
462 2895 648 2951 auctoritatem
676 2901 777 2965 praeter
826 2892 953 2950 tratribus
972 2894 1030 2965 jam
1053 2894 1118 2950 dicti
1147 2895 1306 2951 monasterii
1329 2894 1495 2952 contessoris
1523 2896 1620 2952 Christi

100 2981 293 3055 apostolicam,
321 2982 496 3052 prohibemus
521 3000 527 3036 :
552 2982 665 3054 insuper
686 2983 777 3038 locum
826 2982 954 3053 vedasti,
982 2998 1034 3054 per
1061 2982 1134 3055 quod
1163 2982 1253 3038 stabili
1281 2983 1342 3053 jure
1366 2999 1399 3040 ac
1426 2985 1485 3040 sine
1513 2992 1623 3056 pertur-

97 1085 235 1141 Iabennat,
248 1085 308 1132 tttst.
323 1085 441 1133 dimensis
460 1086 598 1139 Iuldensls.
609 1098 667 1145 pag.
679 1090 742 1144 ¹88.)

97 1190 301 1262 eoepiscopus,
316 1206 417 1246 servus
432 1206 574 1247 serrorum
598 1192 658 1262 Dei,
685 1194 769 1251 Sme-

97 1278 209 1351 eligioso
223 1277 314 1333 abbati
338 1279 505 1334 venerabilis
529 1281 688 1336 monasterii
711 1282 768 1337 Do·

98 1366 209 1432 vetoris,
225 1374 252 1421 et
263 1381 312 1436 per
326 1373 352 1422 te
365 1365 393 1421 in
416 1367 512 1422 cedem
534 1367 684 1423 venerabili
707 1384 769 1424 mo-

120 1454 328 1510 successoribus
356 1454 409 1509 tute
442 1454 586 1510 abbatibus
613 1456 640 1511 in
667 1472 770 1528 perpe-

98 3085 142 3127 em
157 3085 218 3127 cum
232 3069 359 3126 omnibus
382 3069 468 3137 cellis,
493 3071 627 3139 ecclesiis,
651 3070 776 3138 decimis,
827 3070 934 3126 batione
956 3071 1128 3143 possiderent
1153 3071 1302 3128 claustrum
1324 3087 1356 3129 ec
1379 3072 1538 3144 praedictum
1561 3088 1624 3128 mo-

97 3174 111 3227 t,
127 3173 161 3215 ac
175 3158 279 3215 cunctis
294 3159 376 3214 rebus
391 3158 456 3224 suis,
482 3166 537 3215 tam
562 3159 603 3214 ets
626 3174 695 3231 quas
715 3175 778 3215 mo·
793 3121 977 3215 Cnasterium
992 3166 1020 3215 ct
1033 3175 1114 3215 omne
1129 3160 1201 3232 quod
1225 3160 1265 3215 eis
1286 3175 1335 3231 per
1356 3177 1436 3216 suurn
1458 3168 1623 3231 praeceptum

97 3262 206 3319 empore
222 3255 294 3302 tenet
310 3246 352 3302 vel
366 3246 497 3318 possidet,
509 3262 589 3319 quam
605 3263 666 3318 quae
680 3246 778 3302 suturis
828 3256 1003 3304 concesserat
1025 3264 1056 3304 ac
1077 3246 1278 3302 Gallicanorum
1300 3247 1492 3319 cpiscoporum
1512 3248 1624 3303 decreto

97 3335 151 3391 bus
165 3335 265 3404 injure
279 3334 364 3405 ipsius
377 3335 430 3391 loci
453 3334 544 3391 divine
568 3335 655 3406 pietas
676 3350 778 3408 augere
828 3335 925 3390 muniri
951 3334 1063 3392 lecerat.
1093 3335 1178 3404 liujus
1206 3335 1246 3391 rei
1275 3335 1377 3408 gretie,
1407 3335 1472 3408 quia
1498 3336 1625 3391 eumdem

110 3422 247 3496 privilegii
260 3422 711 3494 nostr-iprreceptionefirmemus:
727 3423 779 3479 hoc
829 3426 981 3494 Augustum
1014 3423 1106 3478 divino
1147 3430 1302 3478 contactum
1338 3438 1431 3478 amore
1463 3423 1491 3478 id
1527 3422 1626 3480 iecisse

97 3509 249 3568 liberantes
262 3511 443 3577 decernimus,
461 3518 489 3566 ut
503 3511 631 3583 congruis
646 3513 779 3584 tempori·
828 3510 1026 3584 perspeximus,
1050 3518 1190 3583 gratanter
1206 3510 1265 3580 ejus
1284 3510 1460 3582 petitionibus
1481 3526 1625 3567 assensum

97 3607 149 3657 trae
164 3598 338 3655 sollicitudini
353 3599 545 3656 ecclesiastIcae
559 3600 704 3667 intimetur,
717 3616 780 3674 qua·
829 3600 1005 3673 praebuImus,
1035 3599 1213 3656 decernentes
1240 3599 1387 3670 apostolica
1411 3599 1571 3656 auctoritate
1594 3617 1625 3656 ea

97 3687 168 3762 ligio
195 3688 346 3745 monastice
374 3688 495 3761 regulari
520 3688 613 3744 habitu
636 3689 776 3761 dirigatur,
830 3704 891 3762 quae
910 3688 955 3744 hic
977 3687 1081 3743 inserta
1101 3687 1236 3743 bebentur
1258 3687 1418 3743 inconvulsa
1440 3702 1562 3745 manere.
1585 3687 1628 3745 td

97 3776 184 3848 &que
197 3777 369 3833 convenienti
383 3777 568 3834 ecclesiastice
592 3777 683 3833 studio
699 3794 780 3834 meu-
830 3777 1001 3833 matrIculem
1027 3775 1131 3833 scilicet
1155 3776 1280 3833 ecclesie
1302 3776 1529 3841 blaisbodvillum,
1554 3777 1627 3845 Bais,

97 3881 149 3926 .ue
164 3863 243 3933 torte,
264 3866 337 3937 quod
360 3866 440 3931 absit,
466 3866 517 3921 sub
540 3867 620 3935 hujus
641 3866 780 3940 privilegii
830 3867 950 3935 Scaeua,
979 3865 1255 3932 llerbodeisternem,
1284 3866 1441 3932 Pomenes,
1470 3865 1628 3922 Herlincur·

98 3998 105 4021 ,
129 3954 236 4010 enimus
259 3970 427 4027 gressusque
450 3954 619 4011 rectitudinis
642 3963 740 4011 vestrae
764 3971 781 4011 a
830 3964 895 4022 tem,
925 3963 952 4010 et
979 3954 1008 4009 in
1034 3953 1236 4009 BonInIcurtem
1263 3967 1384 4020 manses,
1400 3961 1499 4010 etcum
1522 3954 1633 4027 Longo·

97 4043 203 4112 instilla>
216 4043 308 4114 aliquo
323 4043 404 4098 modo
417 4050 615 4115 retorqueatur,
636 4044 780 4100 constitui·
831 4043 973 4118 bragium‚
1002 4043 1140 4109 Ilanium,
1172 4041 1307 4107 lloreele,
1334 4050 1361 4097 et
1387 4042 1630 4115 sceldogotheim,

97 4147 167 4205 oque
191 4147 239 4201 per
262 4131 342 4200 hujus
365 4130 469 4187 decreti
492 4131 578 4186 nostri
600 4131 728 4203 paginam
752 4140 781 4187 ut
830 4133 1027 4202 luventiacum,
1052 4140 1080 4187 et
1108 4131 1135 4185 in
1156 4129 1298 4187 Dominice
1323 4137 1398 4187 curte
1424 4146 1581 4187 mensumn
1605 4139 1632 4187 et

97 4236 140 4292 [ue
155 4219 299 4289 cujuslibet
313 4218 781 4293 Ecclesiaepraeeulvelquacunque
830 4225 859 4280 in
886 4221 1015 4277 Ferreolo
1041 4234 1166 4275 mansum
1194 4235 1213 4273 r.
1243 4217 1285 4273 ta
1311 4219 1468 4274 necessarie
1487 4234 1554 4275 vero
1572 4217 1632 4273 ira-

97 4323 116 4365 e
143 4307 272 4380 predicta
300 4323 418 4378 persona
440 4308 511 4362 banc
538 4307 625 4363 nostri
645 4307 782 4379 pririlegii
831 4317 923 4374 trum,
952 4308 1039 4364 victus
1066 4307 1169 4363 scilicet
1196 4314 1223 4362 et
1250 4313 1347 4376 petus,
1377 4305 1550 4361 medietatem
1578 4306 1635 4369 vici

97 4412 117 4463 r,
148 4411 229 4468 quarn
256 4397 416 4453 auctoritate
444 4395 575 4467 priuprIs
595 4396 780 4467 apostolorum
831 4397 877 4469 qui
890 4404 1002 4453 vocetur
1024 4393 1173 4458 llos-avilla,
1199 4401 1225 4449 et
1247 4393 1389 4449 tabernam
1413 4408 1507 4459 unam,
1532 4393 1632 4449 Filcia·

97 4499 129 4540 us
157 4492 292 4540 temerare
319 4484 479 4552 tentaverit,
510 4485 655 4540 enetbeme
685 4485 729 4550 sit,
758 4491 785 4540 et
798 4470 896 4541 Deum
921 4482 1085 4539 dominicam
1108 4487 1229 4544 curtem,
1255 4478 1442 4546 Theuludum,
1467 4481 1632 4552 bigartium,

97 4572 120 4629 ei
133 4572 286 4643 incurrens,
302 4588 318 4628 e
332 4582 402 4629 coetu
418 4572 539 4629 omniurn
563 4581 720 4629 sanctorum
735 4588 785 4628 ex·
836 4572 1090 4638 lisanam-curtem,
1119 4567 1308 4635 Bemevillem,
1334 4567 1512 4634 Mediolanas,
1536 4568 1636 4624 Putees

98 4660 205 4729 existat,
238 4668 264 4716 et
296 4661 471 4716 nibilominus
496 4659 601 4731 praefati
628 4659 786 4717 monasterii
837 4676 932 4732 aquas,
958 4658 1189 4732 Angeli-curtem,
1216 4656 1293 4712 veliis
1316 4671 1378 4712 cum
1401 4654 1497 4711 camba
1520 4670 1584 4723 una,
1610 4662 1638 4712 et

97 4749 232 4806 sanabis
246 4749 348 4804 indulta
361 4748 556 4822 perpetualiter
577 4748 703 4804 inviolata
720 4764 787 4819 per·
838 4747 945 4804 duobus
972 4745 1146 4814 molendinis,
1178 4745 1291 4818 stagras
1315 4743 1472 4809 saltiacum,
1495 4742 1637 4799 Atiemen-

97 4881 106 4906 ,
137 4838 288 4910 apostolice
313 4840 473 4894 auctoritate
502 4836 628 4893 subnixe.
652 4835 788 4908 Scriptum
840 4836 941 4902 tarius,
970 4836 1055 4902 itast,
1084 4833 1242 4900 biarcheim,
1268 4831 1468 4903 Samaga-him,
1491 4832 1641 4904 precariam

97 4943 165 4983 uum
181 4927 257 4982 Pauli
272 4927 378 4993 notarii,
396 4926 528 4984 senniarii
543 4933 645 4983 sanctae
661 4925 790 4981 Remanae
841 4923 993 4989 Emmonis,
1009 4932 1036 4980 et
1058 4921 1224 4994 Tangigarii
1251 4920 1293 4974 td
1316 4935 1452 4976 cameram
1476 4934 1542 4976 vero
1566 4919 1644 4976 villas

97 5030 124 5072 a
143 5015 171 5070 in
199 5030 293 5070 mense
319 5015 456 5081 Octobris,
480 5013 629 5070 indictione
653 5029 691 5069 vr.
717 5014 790 5070 Bene
843 5013 909 5068 sitas
924 5012 951 5067 in
966 5026 1038 5083 pago
1052 5011 1144 5075 batua,
1162 5022 1223 5080 quoe
1237 5006 1402 5063 cIrcumiluit
1416 5008 1527 5064 ltbenus
1550 5007 1643 5063 bicor-

97 5103 197 5159 Datum
213 5119 231 5156 v
244 5103 315 5158 Non.
334 5101 655 5173 Octobriaspermanum
665 5100 791 5172 Gregorii
845 5102 887 5156 nIs
915 5099 1023 5165 ilarius,
1052 5098 1095 5152 his
1123 5094 1280 5151 nomInibus
1307 5095 1466 5166 llehxnarn,
1497 5093 1645 5165 Wulirurn,

97 5190 198 5248 aimissi
224 5198 252 5247 et
277 5191 445 5262 apocrisiarii
467 5198 568 5247 sanctae
586 5190 661 5246 sedis
681 5196 792 5261 aposto-
845 5204 897 5243 una
926 5202 989 5244 eum
1016 5184 1120 5256 capella
1149 5180 1253 5238 ibidem
1282 5183 1389 5253 posite,
1419 5182 1544 5239 bothelm
1566 5197 1649 5253 super

97 5287 227 5354 regnante
249 5278 414 5351 imperatore
444 5279 560 5334 Domino
583 5278 649 5334 lesu
673 5277 790 5347 Christo,
846 5275 958 5331 fluvium
985 5272 1110 5330 venalem
1138 5271 1227 5326 sitam.
1260 5271 1326 5325 ltem
1355 5271 1382 5325 in
1409 5269 1494 5326 altera
1521 5269 1647 5326 liotbcim

97 5368 254 5428 annicetus
273 5368 376 5424 domiui
398 5366 511 5423 loennis
535 5367 633 5423 summi
655 5363 794 5438 pontificis
848 5377 960 5418 mensos
988 5376 1027 5427 rr,
1057 5367 1187 5431 praetcrea
1211 5358 1292 5415 etiem
1314 5358 1384 5414 ultra
1407 5359 1533 5415 ltbenum
1554 5358 1649 5431 praeli·

97 5456 210 5515 rersalis
238 5471 314 5528 papae
342 5465 368 5512 ct
401 5455 521 5529 episcopi
549 5455 662 5528 primo,
698 5453 792 5510 indict.
849 5452 942 5507 batum
955 5448 1066 5505 tluvium
1079 5462 1192 5502 mensos
1206 5462 1319 5503 numero
1333 5461 1436 5514 xxxva,
1461 5446 1563 5520 pariter
1588 5464 1652 5506 cum

849 5538 926 5599 silvis
950 5535 1176 5617 appendentibus.
1200 5533 1306 5598 nemea
1325 5535 1355 5593 in
1374 5549 1447 5613 pago
1469 5535 1644 5595 ilamensi
