3826 6098
125 241 193 298 tuot
848 294 849 297 ι
898 233 989 293 vrrs.
1390 253 1395 260 «
1707 241 1776 303 loos
1805 312 1810 322 .
1857 197 1859 200 ⁴

123 366 185 439 ipsa
214 363 380 421 monasteria
401 361 557 430 viventium,
586 362 763 418 instrumenta
791 361 926 416 bonorum
941 367 1028 432 nque
1038 363 1071 416 ad
1081 362 1133 418 hoc
1143 358 1232 432 ipsum
1242 359 1271 416 in
1285 375 1353 418 zoua
1367 378 1415 417 sua
1428 363 1567 435 marsupio
1582 381 1643 420 curn
1657 367 1777 423 nummis

123 469 254 526 operum,
272 469 332 525 quae
350 466 444 506 eorum
468 449 566 522 regula
589 455 785 504 commemorat
799 448 872 520 (cup.
890 449 927 518 l),
981 465 1089 521 semper
1103 450 1240 518 utebatur,
1256 458 1283 504 ut
1298 450 1446 522 siquando
1460 451 1632 524 dispensator
1655 454 1776 511 eleemo-

128 557 207 613 aeque
223 549 251 595 ut
268 541 327 611 ipse
342 538 540 595 observaverit.
552 537 635 606 Cujus
650 536 721 592 lacta
735 536 844 608 quidem
859 535 931 590 vixa
981 553 1055 607 synae
1071 554 1127 593 suae
1141 537 1168 591 in
1184 537 1301 592 adventu
1310 538 1416 610 egentis
1427 539 1545 607 deesset,
1555 539 1614 612 ipse
1628 540 1687 597 sine
1701 557 1778 598 mora

128 629 210 685 nobis
224 627 354 699 explicari
368 632 482 698 possunt
499 644 505 680 :
523 626 572 681 sed
595 625 781 697 quotidianam
796 625 854 692 ejus
869 639 930 678 cum
980 624 1092 680 haberet
1114 626 1186 697 quod
1210 626 1297 681 daret.
1323 626 1414 682 luerat
1438 627 1510 682 enim
1525 628 1550 683 ei
1565 629 1728 700 sollicitudo,
1743 645 1778 686 ne

130 717 191 774 Deo
215 715 459 782 conversationem,
477 721 503 769 et
518 712 638 768 animum
661 712 731 769 coelo
755 726 864 783 semper
886 710 931 765 in·
981 711 1041 783 quis
1063 713 1153 767 talium
1169 729 1185 768 a
1199 729 1229 768 se
1244 713 1302 768 siue
1326 713 1458 770 levamine
1482 716 1645 784 abcederet3
1668 717 1779 788 suisque

129 812 245 870 tentum,
260 811 361 858 nostrae
376 801 491 857 tenuitas
505 800 626 856 scientiae
636 815 807 872 nequaquam
822 798 931 855 edicere
982 800 1080 855 similia
1091 801 1192 872 jugiter
1202 800 1417 857 adhortationem
1427 802 1540 869 iaciens,
1552 804 1641 859 dicere
1657 804 1778 861 solebat:

128 892 175 948 vel
191 892 287 946 saltem
310 889 482 961 perpendere
496 890 576 944 valet.
593 888 684 944 Grave
707 887 821 944 ducebat
844 885 931 940 ullum
984 912 995 936 «ι
1012 890 1074 943 Νοιι
1088 889 1248 943 tardandum
1261 898 1303 944 est
1319 897 1347 945 ut
1361 891 1464 946 cunctis
1487 892 1651 962 pauperibus
1665 909 1779 948 succur-

128 986 239 1051 tempus
260 993 377 1035 vacuum
398 977 501 1048 absque
526 992 609 1048 opere
625 975 675 1031 Dei
690 975 842 1047 transigere
859 989 865 1029 :
883 973 933 1028 sed
982 991 1084 1042 ramus,
1101 976 1162 1047 quia
1177 976 1239 1048 quis
1259 976 1294 1032 sit
1316 977 1448 1044 Christus,
1473 979 1516 1035 vel
1540 980 1648 1051 quando
1672 980 1706 1035 ad
1730 995 1782 1036 nos

129 1067 246 1124 orationi
260 1066 351 1131 lectio,
368 1064 478 1121 lectioni
493 1080 602 1135 semper
624 1064 696 1134 apud
710 1063 786 1118 illum
801 1061 933 1118 successit
983 1064 1065 1131 venit,
1081 1063 1250 1136 ignoramus.
1270 1085 1282 1116 ι

129 1155 217 1211 oratio
234 1173 240 1209 :
257 1162 284 1210 et
299 1154 322 1208 si
335 1152 437 1226 aliquid
461 1152 633 1218 accessisset,
651 1152 724 1223 quod
742 1167 804 1206 eum
818 1150 852 1204 ab
866 1164 932 1204 ora·
1285 1188 1397 1244 CAPUT
1414 1189 1466 1244 xv

130 1243 205 1299 tione
219 1241 351 1314 impedite
375 1241 520 1307 videretur,
545 1256 655 1312 semper
677 1248 768 1295 tamen
790 1238 933 1310 quaejusta
1469 1230 1475 1243 '

130 1339 195 1388 sunt
209 1346 304 1402 agens,
322 1330 380 1384 sine
396 1328 596 1384 intermissione
607 1328 765 1383 sentiendus
776 1334 817 1382 est
826 1341 931 1392 orasse,
1019 1312 1125 1366 tntttet
1136 1311 1211 1379 tuttfl
1226 1310 1438 1366 td¹ss0¹¹ttt0¹¹em
1459 1311 1531 1367 betti
1546 1313 1683 1387 Gtesstlttt,
1700 1314 1782 1372 etium

130 1427 161 1475 ua
184 1419 279 1474 beatus
303 1418 383 1474 docet
406 1416 574 1489 Augustinus
597 1435 603 1470 :
627 1416 685 1485 1111,
708 1415 810 1486 inquit,
837 1414 883 1485 qui
906 1413 934 1467 in
984 1400 1184 1470 eleemosynam
1196 1399 1272 1454 verbi
1284 1399 1453 1456 incessanter
1463 1416 1559 1473 agens,
1571 1401 1700 1458 doetrinae
1713 1403 1783 1459 salu-

131 1507 225 1563 divino
248 1514 375 1562 versatur·
398 1504 496 1574 officio,
513 1504 605 1560 omnia
628 1511 705 1575 gesta
729 1503 787 1572 ejus
808 1502 934 1574 dictaque
983 1487 1049 1542 tants
1065 1486 1154 1542 stultu
1165 1486 1268 1560 tudites
1291 1487 1416 1555 instabat,
1433 1488 1558 1545 t000t⁰1¹⁵
1573 1491 1645 1561 ‘llud
1657 1491 1730 1546 idem
1746 1492 1784 1547 tit

131 1610 182 1666 pso
197 1593 318 1651 oratione
334 1599 502 1665 reputamur,
985 1576 1081 1632 doctor
1095 1576 1180 1646 (hom.
1198 1575 1225 1647 6)
1242 1592 1248 1628 :
1264 1575 1328 1630 Plus
1342 1592 1402 1631 esse
1418 1585 1446 1631 ιιι
1461 1577 1539 1632 verbi
1558 1577 1659 1649 pabulo
1679 1579 1784 1635 victura

946 1661 1678 1822 ss:arefieretstellatur,vste
1698 1682 1796 1826 viv

171 1835 330 1910 Vigiliamm
344 1851 423 1891 usum
437 1835 613 1891 moderanter
628 1833 726 1905 egebat
742 1848 748 1887 τ
766 1831 934 1887 abstinenti&
985 1848 1140 1911 excerptum
1155 1838 1308 1910 legentibus
1322 1839 1386 1894 utile
1401 1839 1435 1894 de
1449 1839 1534 1894 nibris
1555 1841 1643 1897 sancti
1657 1841 1787 1914 Gregorii

132 1927 247 1982 modum
260 1925 297 1980 ita
310 1924 440 1991 exercuit,
456 1931 485 1979 ut
501 1939 608 1993 semper
622 1922 660 1976 illi
676 1930 768 1978 essent
778 1921 936 1993 quotidiana
986 1925 1058 1997 lecit,
1075 1935 1101 1981 et
1115 1926 1227 1998 propria
1240 1942 1322 1982 manu
1336 1927 1507 1998 conscripsit,
1523 1929 1706 2000 epistolasque
1720 1945 1777 1984 uon

131 2015 247 2086 jejunia,
262 2021 290 2069 et
303 2012 416 2069 relectio
438 2011 591 2067 satietatem
611 2010 727 2082 fugiens.
744 2010 776 2064 ln
790 2025 844 2081 quo
856 2008 936 2064 vide·
986 2014 1075 2070 nullas
1090 2014 1277 2071 aedificationis
1300 2015 1394 2086 plenas
1415 2015 1451 2069 ad
1474 2015 1599 2071 diversos
1622 2016 1784 2087 composuit,

134 2102 265 2159 licethoc
287 2101 450 2166 attendebat,
473 2108 502 2155 ut
520 2100 597 2169 juxta
620 2099 727 2154 beatum
741 2098 937 2168 Hieronymum
987 2120 1102 2174 quarum
1126 2120 1179 2157 una
1195 2103 1286 2159 estad
1302 2103 1447 2174 quamdam
1471 2102 1521 2158 Dei
1544 2103 1786 2161 ancillaminmo·

133 2186 937 2261 itacorporisfrangeretappetitum,uttarnenadlectiones
986 2191 1105 2246 nasceris
1129 2191 1202 2262 quod
1226 2190 1325 2245 dicitur
1349 2191 1439 2246 Henisi
1453 2199 1466 2226 ⁸
1480 2191 1672 2258 constitutum,
1703 2199 1787 2248 caete-

134 2286 163 2334 οι
185 2277 364 2349 psalmodiam
387 2284 467 2348 atque
490 2276 524 2331 ed
548 2275 639 2330 altaris
653 2290 684 2330 ao
698 2273 870 2345 pontificatus
895 2272 938 2327 sui
987 2295 1088 2350 rasque
1103 2294 1211 2333 sorores
1225 2278 1325 2333 ibidem
1341 2278 1368 2332 in
1383 2278 1433 2334 Dei
1453 2278 1582 2334 famulatu
1596 2279 1786 2337 consistentes.

133 2365 255 2423 officium
265 2365 338 2420 vires
349 2365 373 2420 ei
383 2379 438 2419 non
448 2362 606 2420 deficerent.
622 2384 633 2413 ι
647 2363 719 2417 Nihil
730 2362 802 2417 enim
813 2361 937 2433 prodest,
987 2367 1052 2423 Haec
1066 2374 1156 2422 autem
1172 2365 1272 2422 famula
1288 2367 1348 2432 Dei,
1360 2367 1394 2421 de
1405 2383 1457 2437 qua
1470 2366 1616 2438 loquimur,
1633 2367 1723 2438 neptis
1732 2375 1791 2423 erat

134 2461 165 2510 ut
179 2454 218 2509 ait
239 2452 310 2509 idem
336 2453 518 2522 Hieronymus
542 2451 636 2524 (epist.
661 2455 696 2506 Ἠ
721 2452 757 2506 ad
781 2448 935 2520 hostede),
988 2454 1151 2511 venerabilis
1176 2453 1297 2525 episcopi
1320 2453 1468 2521 Linthardi,
1496 2456 1573 2525 cujus
1602 2471 1685 2526 supra
1713 2470 1791 2510 men·

134 2541 221 2598 biduo
236 2540 378 2612 triduoque
391 2555 507 2595 vacuum
528 2547 636 2609 portare
651 2547 784 2603 ventrem,
800 2537 822 2591 si
836 2537 940 2607 pariter
987 2538 1089 2594 tionem
1108 2537 1231 2603 lecimus,
1249 2538 1293 2608 qui
1309 2553 1339 2592 se
1355 2545 1449 2594 sancto
1464 2537 1524 2594 viro
1538 2554 1599 2593 curn
1614 2537 1688 2592 omni
1703 2538 1790 2596 devo-

134 2631 276 2694 obruatur,
293 2628 316 2683 si
329 2635 522 2699 compensetur
545 2627 682 2682 saturitate
700 2625 843 2696 jejunium.
863 2625 939 2680 illico
988 2625 1069 2680 tionis
1096 2624 1194 2681 aflectu
1221 2625 1259 2679 ita
1287 2624 1459 2692 devinxerat,
1486 2633 1591 2680 utnon
1615 2625 1704 2681 solum
1732 2626 1791 2697 ipse

135 2714 211 2770 enim
237 2728 315 2767 mens
344 2711 450 2782 repleta
476 2710 617 2781 torpescit,
646 2718 673 2765 et
701 2709 812 2781 irrigata
841 2709 939 2763 humus
989 2713 1139 2770 sanctitatis
1153 2713 1212 2782 ejus
1226 2720 1331 2768 amator
1345 2713 1472 2780 existere,
1489 2729 1585 2769 verum
1600 2712 1681 2769 etiam
1697 2729 1793 2770 omnes

135 2802 229 2874 spinas
239 2799 381 2857 libidinum
393 2807 515 2871 generat.
530 2819 541 2848 s
554 2798 633 2868 Quod
646 2797 687 2852 vir
697 2797 756 2863 Dei,
768 2805 796 2852 ut
811 2796 937 2865 diximus,
989 2801 1022 2856 ad
1046 2818 1075 2856 se
1099 2817 1208 2874 quoquo
1238 2802 1319 2857 modo
1343 2801 1509 2872 pertinentes
1533 2800 1571 2855 illi
1597 2802 1792 2859 commendare

134 2891 165 2947 in
180 2905 210 2945 se
223 2904 322 2945 cavere
333 2886 773 2956 volens,moderamenjejuniiita
784 2884 937 2953 custodivit,
990 2889 1131 2956 studuerit,
1148 2889 1285 2960 praecipue
1299 2889 1379 2944 istam
1400 2890 1434 2944 de
1455 2906 1508 2961 qua
1532 2888 1669 2960 loquimur
1689 2890 1724 2945 ab
1747 2889 1793 2945 in·

137 2987 169 3036 ut
182 2978 315 3035 Dominus
329 2977 357 3031 in
372 2976 523 3050 Evangelio
533 2976 643 3031 ludaeos
657 2990 784 3048 arguens,
801 2974 873 3046 quod
888 2989 940 3030 neo
990 2976 1072 3033 santia
1095 2979 1152 3033 Deo
1176 2977 1304 3045 oblatam,
1322 2986 1348 3033 et
1361 2978 1389 3031 in
1410 2977 1566 3050 virginitate
1587 2985 1792 3050 permanentem

136 3065 470 3135 loannem‘jejunantem,
496 3079 547 3120 nec
570 3064 661 3134 ipsum
682 3062 892 3119 manducantem
916 3068 942 3117 et
957 3051 1098 3138 Cneptem
1114 3081 1199 3132 suam,
1216 3082 1276 3137 quae
1292 3073 1318 3121 et
1329 3065 1440 3138 propria
1459 3067 1603 3122 devotione
1626 3067 1787 3138 promeruit,

136 3157 276 3212 bibentem
290 3153 469 3225 susciperent,
485 3151 601 3221 subjecit
609 3152 769 3207 dicens2h't
778 3151 939 3223 justificato
988 3163 1015 3211 ut
1037 3155 1146 3210 unicam
1174 3153 1327 3210 dilectionis
1350 3170 1407 3209 suae
1429 3152 1512 3208 liliam
1534 3154 1576 3209 vir
1599 3162 1707 3211 sanctus
1731 3169 1792 3210 eam

137 3249 183 3302 est
196 3244 339 3317 sapientia
352 3259 370 3298 o
385 3242 456 3310 filiis
470 3242 529 3296 sais
544 3240 654 3312 (datto.
666 3253 706 3304 nr,
719 3239 779 3310 ta);
791 3238 939 3294 ostendeus
989 3242 1130 3298 nominare
1145 3241 1239 3297 solitus
1254 3241 1296 3296 sit.
1314 3239 1381 3309 Quae
1390 3241 1453 3296 lieet
1466 3257 1566 3296 nomen
1580 3257 1657 3297 suum
1673 3241 1790 3300 vitanda

136 3349 188 3406 per
197 3333 250 3389 hoc
260 3330 330 3386 lilios
340 3328 655 3401 sapientiaeintelligere‚
667 3343 719 3384 nec
728 3327 757 3381 in
766 3327 936 3392 abstinendo,
985 3331 1122 3400 Jactantiav
1136 3345 1217 3385 causa
1241 3329 1330 3400 palam
1352 3329 1419 3384 nolit
1442 3328 1522 3398 edici,
1538 3329 1624 3399 ipsam
1649 3337 1740 3385 tamen
1753 3330 1789 3386 ad

137 3435 190 3477 nec
204 3421 232 3475 in
246 3419 433 3474 manducando
449 3433 510 3472 esse
523 3416 664 3486 justitiam,
677 3415 726 3470 sed
741 3414 769 3469 in
782 3414 938 3486 aequanimi-
989 3416 1195 3473 aedificationem
1210 3417 1295 3472 sacris
1309 3416 1468 3487 virginibus,
1485 3416 1606 3488 quamvis
1630 3417 1713 3473 tacito
1735 3433 1789 3473 uo·

136 3517 194 3565 tate
217 3506 350 3563 tolerandi
372 3506 500 3577 inopiam,
517 3514 543 3560 et
557 3504 764 3575 temperantiam
780 3518 830 3574 pen
849 3502 938 3557 abun·
988 3506 1062 3561 mine
1076 3506 1134 3576 ejus
1149 3506 1182 3560 ad
1198 3521 1280 3577 quam
1304 3504 1460 3574 specialiter
1483 3504 1582 3574 scripta
1596 3512 1654 3572 est,
1669 3505 1714 3561 hic
1737 3519 1791 3577 po·

136 3597 259 3654 dentiam
277 3611 333 3651 uon
347 3611 378 3650 se
391 3593 593 3665 corrumpendi,
617 3601 699 3664 atque
721 3599 872 3663 opportune
894 3606 939 3644 su·
988 3609 1054 3649 nere
1069 3593 1241 3648 decrevimus
1256 3591 1396 3662 epistolam
1415 3591 1450 3645 ita
1469 3607 1498 3646 se
1512 3590 1654 3647 habentem
1669 3590 1693 3648 Β.

138 3686 232 3742 mendi
246 3683 289 3740 vel
311 3698 366 3739 nou
386 3682 512 3739 sumendi
526 3698 567 3748 ea,
584 3696 699 3754 quorum
720 3695 776 3736 non
798 3690 881 3747 usus,·
890 3678 940 3732 sed
1027 3702 1038 3731 t
1056 3680 1229 3737 charissimas
1240 3678 1302 3735 liliae
1312 3679 1472 3750 caterisque
1481 3678 1631 3750 virginibus
1641 3687 1667 3735 et
1678 3679 1788 3752 sponsis

137 3771 357 3845 concupiscentia
370 3768 594 3842 reprehendenda
608 3777 658 3825 est.
989 3764 1087 3821 Christi
1100 3766 1279 3830 Ravanarus,
1292 3763 1385 3837 gregis
1400 3763 1451 3818 Dei
1464 3762 1526 3819 vilis
1540 3762 1675 3835 servulus,
1691 3764 1718 3819 in
1734 3765 1787 3822 Do·

988 3853 1063 3909 mino
1078 3852 1203 3908 salutem.

438 3920 551 3977 CAPUT
566 3919 639 3975 XIV·
1027 3962 1038 3991 ι
1055 3943 1150 3996 Frater
1172 3940 1334 4012 adalgarius
1357 3955 1444 4009 nuper
1457 3956 1472 3995 a
1487 3939 1565 3996 vobis
1584 3940 1702 4010 rediens,
1718 3941 1786 3998 dixit

175 4029 314 4102 Quidquid
336 4044 403 4085 vero
429 4027 511 4083 etiam
533 4027 569 4081 ad
592 4041 659 4084 usus
680 4032 707 4081 et
729 4021 939 4079 sustentationes
988 4029 1054 4085 mihi
1068 4031 1188 4101 graviter
1202 4044 1251 4085 vos
1266 4028 1347 4098 serre,
1359 4029 1432 4100 quod
1447 4028 1588 4100 parvitatis
1601 4045 1671 4086 mcae
1683 4029 1787 4086 litteras

138 4134 291 4193 paupemm
304 4117 391 4173 beatae
405 4115 544 4171 memoriae
565 4114 694 4170 decessor
709 4130 774 4168 suus
789 4111 937 4167 institutum
988 4134 1051 4174 raro
1066 4117 1227 4189 suscipiatis.
1240 4116 1320 4186 Quod
1329 4118 1410 4172 modo
1420 4117 1487 4172 mihi
1496 4118 1642 4174 emendare
1656 4119 1785 4189 cupienti,

136 4208 267 4272 habebat,
293 4206 320 4260 in
340 4204 415 4261 nullo
438 4205 491 4259 hoc
513 4202 573 4273 ipse
596 4202 730 4270 disjecit:
756 4201 805 4255 sed
830 4213 938 4254 omnem
989 4206 1053 4279 quid
1068 4206 1187 4260 scribere
1202 4205 1327 4270 debeam,
1348 4204 1416 4258 nihil
1439 4204 1643 4260 convenientius
1658 4206 1783 4273 occurrit,

140 4312 236 4356 nutum
251 4302 278 4350 tt
292 4292 458 4365 diligentiam
472 4290 629 4358 adhibebat,
644 4299 672 4346 nt
687 4289 778 4344 omnia
793 4289 828 4342 ud
843 4286 870 4340 td
885 4294 939 4340 stu·
989 4310 1069 4366 quam
1082 4302 1111 4349 ut
1126 4308 1174 4348 vos
1187 4294 1222 4347 de
1236 4300 1334 4348 vestrae
1357 4291 1502 4347 sanctitatis
1517 4307 1706 4348 commoveam
1718 4308 1787 4365 pro-

139 4394 197 4442 tuta
212 4383 316 4439 nullum
330 4381 386 4436 suis
405 4380 573 4451 temporibus
592 4385 720 4449 cuperent
739 4375 936 4439 detrimentum,
952 4383 1086 4460 Dposito.
1104 4381 1132 4436 Si
1146 4381 1229 4453 igitur
1242 4381 1278 4435 ad
1292 4379 1473 4434 sublissimam
1495 4379 1610 4451 gloriam
1625 4379 1707 4436 vultis
1721 4397 1787 4453 per-

141 4474 191 4531 sed
205 4472 296 4545 potius
309 4486 359 4525 suo
374 4469 493 4540 quotidie
508 4467 597 4522 studio
612 4466 654 4521 his
668 4464 769 4537 aliquid
781 4464 937 4519 adderetur.
989 4470 1097 4539 venire,
1122 4468 1196 4523 omni
1221 4467 1320 4523 virtute
1346 4466 1576 4538 incorruptionem
1604 4469 1727 4540 corporis
1754 4484 1787 4527 ac

141 4564 207 4619 Erat
221 4560 295 4617 enirn
309 4573 361 4630 pro
375 4557 554 4630 indigentium
569 4554 703 4611 levamine
717 4551 848 4624 hospitale
871 4566 939 4606 0011·
990 4559 1099 4630 spiritus
1127 4556 1252 4612 excolere
1278 4556 1394 4610 debetis.
1417 4555 1557 4611 Interionis
1581 4555 1653 4611 enim
1676 4556 1732 4613 lotu
1755 4573 1787 4614 ac

141 4652 264 4708 stitutum
278 4648 306 4702 in
327 4647 483 4719 episcopatu
507 4645 575 4714 elus,
600 4644 634 4699 ud
658 4642 729 4715 qu⁰d
753 4648 825 4695 tuntn
848 4637 940 4694 subst-
990 4646 1090 4719 pabulo
1116 4644 1250 4716 puritatis,
1275 4643 1474 4699 subministrari
1503 4659 1616 4699 necesse
1643 4651 1685 4700 est
1706 4649 1787 4702 etlam

142 4740 252 4796 diorum
266 4735 424 4792 sufficientia
438 4735 565 4805 deputata
579 4740 630 4801 est,
647 4738 675 4787 ut
689 4744 824 4802 nusquam
845 4727 940 4798 copio-
990 4732 1131 4791 exterioris
1154 4731 1272 4787 hominis
1293 4731 1460 4797 castitatem,
1485 4746 1598 4803 eamque
1624 4731 1725 4805 jugiter
1752 4732 1788 4789 ad

142 4829 200 4884 sius
229 4825 274 4882 vel
300 4822 446 4896 sapientius
474 4822 527 4878 hoe
554 4821 644 4892 ipsum
670 4825 846 4890 procuratum
880 4830 941 4871 ense
990 4821 1223 4896 persevemntiam
1250 4827 1389 4890 perpetuae
1421 4820 1632 4891 incorruptionis
1663 4819 1788 4877 animari.

142 4916 272 4974 sciamus.
301 4912 355 4968 Sed
384 4918 410 4967 et
438 4917 516 4966 extre
550 4909 751 4980 episcopatum,
787 4905 942 4976 ubtuunuuu
991 4912 1047 4967 111ae
1070 4926 1188 4982 namque
1212 4916 1274 4962 sunt
1297 4923 1368 4963 verae
1390 4914 1471 4978 atque
1491 4908 1655 4979 incormptae
1668 4909 1790 4982 virgines
1872 4955 1876 4960 .

141 5005 249 5069 tuinutt
266 5015 375 5071 tempu?
393 4998 554 5055 cunstitutOS
577 4996 704 5060 nubebat·
731 4993 777 5065 ‘lut
799 4991 943 5064 pentinum
993 4999 1104 5065 Christi,
1119 5013 1174 5054 non
1189 5013 1248 5069 quae
1263 5003 1396 5062 metuunt,
1413 4996 1463 5051 sed
1476 4995 1575 5067 quibus
1589 5012 1645 5051 non
1657 4996 1722 5053 libet
1736 4996 1791 5052 lor·

142 5094 171 5150 in
187 5088 314 5148 saccellis
327 5089 363 5144 ad
375 5087 496 5143 dandum
511 5084 676 5157 pauperibus
690 5088 829 5156 gestarent
845 5097 852 5134 :
868 5079 942 5150 ipse·
993 5087 1087 5143 nicasi,
1099 5085 1179 5155 Quod
1194 5083 1304 5151 donum,
1320 5084 1406 5155 siper
1420 5083 1472 5139 Dei
1485 5083 1602 5156 gretiam
1617 5083 1728 5156 adeptas
1742 5099 1792 5140 vos

177 5235 191 5263 ⁸
200 5225 273 5279 lodo
284 5224 351 5275 Nova
362 5221 467 5285 norisio,
480 5221 552 5284 vulgo
572 5219 720 5275 Nteaberse,
734 5215 860 5278 collegium
872 5224 945 5263 cano·
995 5223 1071 5275 quens
1082 5208 1184 5274 epistola
1196 5208 1304 5272 pertinet
1315 5207 1346 5257 ad
1359 5207 1491 5271 capitulum
1504 5209 1546 5270 lb,
1565 5211 1591 5258 ut
1603 5209 1672 5271 patet
1683 5220 1714 5259 ex
1726 5207 1793 5261 lda-

143 5312 267 5372 nicarum,
279 5309 354 5360 trium
366 5309 482 5359 horarum
497 5305 586 5357 itinere
598 5303 629 5354 ab
642 5302 701 5353 urbe
722 5299 901 5361 Paterbmnna,
915 5307 945 5347 ex
996 5307 1046 5357 mo,
1059 5295 1097 5344 cui
1117 5293 1247 5356 capitulum
1263 5290 1292 5341 16
1304 5291 1377 5342 estid
1389 5290 1452 5354 quod
1466 5296 1521 5356 post
1532 5292 1659 5355 epistolam
1673 5294 1793 5359 sequitur,

131 5395 307 5450 nomenante.
995 5375 1338 5442 integrunabipsoretatun
1351 5375 1442 5438 ineap.
1456 5375 1498 5426 ιι.

176 5472 190 5511 l
202 5479 300 5533 abhinc
312 5475 444 5541 capitulum
458 5473 489 5525 tc
501 5473 597 5525 orditur
617 5469 744 5536 Philippus
756 5469 852 5527 caeam
867 5469 893 5516 at
904 5475 946 5514 se·

258 5585 381 5642 Parnon.
396 5580 520 5641 (lxxvi.
1593 5531 1629 5586 ³²
