3794 6104
207 218 255 274 hii
652 214 824 275 hutoutht
853 208 1053 273 nttEhENSts
1080 211 1355 272 anoutumscort.
1802 212 1857 269 3Ὶί

205 339 336 401 uolebant
350 357 483 409 crescere,
499 351 526 399 et
542 342 575 397 de
589 341 690 398 infimis
704 342 740 397 ad
754 355 860 397 summa
874 335 1038 397 trenched
1051 337 1137 405 major
1153 338 1208 393 suis
1223 338 1288 394 velit
1303 354 1365 395 esse
1376 338 1522 410 prioribus,
1547 337 1722 409 liberarique
1744 333 1786 393 iili
1810 337 1855 406 cit,

207 432 515 503 constantinopolitane
525 447 591 487 uero
604 430 705 502 praesul
715 430 856 496 Ecclesiae,
869 426 933 500 quid
945 442 1001 481 am·
1052 425 1159 496 quantis
1178 427 1295 497 potuerit
1316 426 1460 497 splendere
1484 427 1648 490 virtutibus,
1665 439 1785 496 quarum
1800 440 1854 484 uon

206 520 279 594 plius
293 535 376 593 quam
389 528 532 575 assecutus
547 528 588 575 est
602 519 792 590 concupiscit?
815 526 861 572 aut
884 515 948 588 quid
963 514 1002 569 illi
1052 513 1129 568 aliter
1143 515 1280 586 particeps
1296 516 1356 581 erit,
1367 515 1419 570 nisi
1434 515 1564 572 charitate
1579 515 1669 587 magis
1682 513 1856 571 rolueritor·

207 609 374 677 satisfaciet,
390 609 413 664 si
428 617 509 664 tantae
524 609 598 663 urbis
613 607 815 679 magnificentia
829 615 855 662 et
869 603 1001 661 claritudo
1051 603 1120 667 nari,
1138 619 1218 674 quam
1233 604 1379 659 ambitione
1394 604 1521 660 distendi.
1538 605 1616 660 lianc
1628 610 1718 658 autem
1734 602 1854 673 improbi

205 713 261 755 uon
282 695 402 753 sufficit?
424 697 577 767 Superbum
594 697 674 751 nhnis
688 694 1000 755 estetimmodcratum,
1051 691 1180 746 desiderii
1209 693 1413 763 conceptionem
1445 709 1582 764 nunquam
1615 692 1728 764 quidem
1761 691 1855 748 debuit

204 785 278 842 ultra
291 785 417 856 proprios
432 785 564 841 terminos
578 785 702 848 tendere,
720 792 747 840 et
769 782 928 853 antiquitate
943 780 1001 836 cal·
1050 779 1119 834 intra
1133 779 1224 835 cordis
1239 781 1279 836 sui
1294 782 1417 852 recipere
1433 791 1567 837 secretum
1584 799 1592 836 ι
1609 781 1659 836 sed
1673 797 1738 835 cum
1751 779 1853 837 illitre-

205 880 276 940 cata,
292 872 411 928 alienum
421 873 466 941 jus
480 872 550 928 uelle
574 872 743 943 praeripere,
768 878 849 942 atque
871 876 900 923 ut
922 867 1002 922 unius
1051 875 1107 922 tres
1126 877 1152 922 et
1166 869 1321 941 coepiscopi
1335 870 1389 924 mei
1403 869 1448 942 qui
1464 869 1522 926 vice
1534 885 1597 925 mea
1612 869 1732 927 aderaut
1755 869 1853 925 obria-

205 969 313 1018 crescat
328 960 458 1032 dignitas,
484 969 523 1016 tot
548 960 819 1030 metropolitanorum
842 957 1001 1029 impugnare
1051 965 1121 1022 rent,
1138 958 1171 1010 ab
1186 956 1278 1012 illicito
1301 957 1421 1030 appetitu
1443 974 1477 1012 ex
1500 973 1594 1013 eorum
1619 957 1719 1013 saltem
1740 964 1853 1015 contra·

205 1049 355 1123 primatus,
371 1049 523 1122 quietisque
538 1048 704 1118 prouinciis,
722 1055 748 1103 et
762 1047 827 1101 olim
842 1054 942 1101 sanctae
957 1062 1002 1114 sy·
1050 1044 1167 1099 dictione
1183 1054 1328 1101 cessasset.
1357 1047 1427 1102 Nam
1451 1053 1478 1101 et
1501 1054 1600 1102 vestrae
1621 1045 1733 1116 pictatis
1748 1046 1852 1117 apices,

205 1138 271 1193 nodi
283 1138 402 1194 Nicmnac
425 1137 610 1192 moderatione
634 1135 790 1206 dispositis,
808 1134 910 1189 bellum
924 1148 1002 1188 nouae
1051 1141 1077 1187 et
1091 1132 1177 1202 ipsius
1191 1134 1459 1204 scriptadeclarant‚
1474 1135 1579 1206 legatos
1594 1134 1669 1190 sedis
1683 1134 1851 1205 apostohcae,

205 1225 417 1298 perturbationis
430 1224 634 1295 informatque
648 1232 677 1277 ut
688 1222 882 1278 venerabilium
893 1223 1001 1277 Petrum
1051 1220 1120 1275 sicut
1134 1223 1260 1291 oportuit,
1286 1223 1500 1278 contradictione
1523 1222 1677 1291 justissima
1704 1222 1851 1289 restitisse,

205 1315 317 1371 decreta
327 1313 475 1377 solvantur,
487 1313 667 1384 quorumdem
678 1312 867 1382 episcoporum
877 1309 1001 1380 prolerre
1051 1316 1080 1363 ut
1095 1309 1306 1366 inexcusabilior
1320 1319 1393 1365 esset
1406 1311 1601 1382 praesumptio,
1617 1327 1679 1382 quae
1693 1326 1727 1368 se
1742 1325 1795 1366 nec
1808 1311 1852 1366 in·

204 1408 381 1469 consensum,
392 1400 436 1456 cui
451 1408 490 1455 tot
503 1400 731 1454 annorumseries
746 1399 853 1470 negauit
864 1396 999 1453 effectum.
1051 1407 1161 1468 crepata
1175 1399 1307 1455 cohibuit.
1328 1400 1406 1455 Unde
1430 1399 1492 1470 quia
1513 1399 1639 1455 convenit
1665 1397 1734 1454 fidei
1754 1408 1852 1455 uestrae

204 1489 275 1545 Nam
294 1488 481 1560 sexagesimus
512 1489 568 1542 sere
596 1504 683 1542 annus
714 1489 794 1556 hujus
822 1485 1003 1543 conhibentia
1052 1485 1094 1540 uel
1109 1487 1212 1558 gloriae,
1229 1495 1258 1541 ut
1272 1487 1340 1543 sicut
1355 1487 1469 1543 haeresis
1482 1489 1539 1543 heo
1553 1502 1603 1558 per
1617 1502 1669 1544 xos
1683 1496 1788 1560 agente
1802 1487 1850 1542 de-

206 1577 405 1647 essejactatur,
429 1591 483 1648 qua
508 1593 537 1630 se
559 1576 705 1647 praedictus
729 1576 872 1646 episcopus
886 1575 1002 1630 aestimat
1051 1582 1151 1631 structa
1174 1584 1233 1641 est,
1256 1575 1293 1631 ita
1316 1575 1396 1630 etiam
1418 1576 1506 1631 omnis
1529 1575 1646 1631 ambitus
1677 1575 1850 1641 retundatur,

205 1664 346 1733 adjuvari,
373 1663 473 1720 lmstra
497 1665 611 1735 cupiens
635 1664 662 1719 id
685 1664 736 1718 sibi
760 1663 912 1734 prodesse,
929 1662 1002 1734 quod
1014 1693 1041 1752 Β
1052 1663 1124 1734 agite
1145 1664 1216 1735 quod
1231 1673 1257 1719 et
1269 1664 1427 1719 Christianae
1446 1673 1488 1719 est
1502 1663 1646 1736 probitatis
1661 1671 1689 1719 et
1705 1664 1810 1738 regim,
1825 1672 1852 1720 ut

172 1761 179 1770 ”
205 1757 289 1809 etiam
311 1752 335 1808 si
357 1752 502 1825 quisquam
526 1769 608 1806 ausus
630 1761 670 1807 est
693 1752 783 1822 velle,
806 1750 894 1806 nullus
909 1760 1001 1806 tamen
1052 1751 1356 1824 praedictus‘episcopus
1370 1761 1463 1823 parcat
1477 1752 1617 1824 patribus,
1642 1752 1772 1810 consulat
1792 1753 1852 1823 paci

201 1841 288 1913 potuit
297 1841 429 1898 obtinere.
449 1861 459 1891 r
478 1842 518 1897 De
534 1842 586 1897 hoc
600 1841 753 1912 siquidem,
781 1840 844 1911 quia
877 1839 1000 1910 appella·
1050 1856 1139 1910 neque
1153 1841 1204 1895 sibi
1219 1841 1333 1896 aestimet
1348 1841 1553 1913 licuisse,quod
1567 1841 1749 1898 Antiocheam
1758 1841 1852 1899 Bcclc·

203 1929 305 1986 tionem
320 1929 481 1986 clericorum
497 1946 530 1984 ex
546 1929 701 1985 sardicensi
719 1929 834 1984 concilio
858 1928 892 1982 ad
917 1927 1000 1982 finiti·
1051 1928 1117 1994 sire,
1141 1929 1198 1983 sine
1220 1930 1275 1984 ullo
1293 1930 1436 2000 exemplo,
1460 1936 1554 1986 contra
1575 1937 1675 1985 statuta
1704 1945 1849 1989 canonum.

203 2034 263 2076 mes
286 2017 446 2089 episcopos,
470 2025 497 2072 et
522 2017 731 2088 appellationem
754 2016 944 2088 episcoporum
966 2015 1001 2072 ad
1051 2018 1209 2087 episcopum
1226 2018 1351 2073 ordinare
1365 2018 1539 2089 presumpsit
1555 2035 1561 2072 :
1580 2017 1654 2089 quod
1676 2032 1731 2075 noa
1755 2034 1848 2076 amore

203 2105 298 2162 sedem
313 2105 519 2177 apostololicam
545 2106 597 2160 sibi
620 2106 703 2161 voluit
726 2121 875 2178 arrogare,
892 2114 918 2160 et
937 2105 999 2159 uni-
1051 2105 1207 2175 reparanda
1221 2105 1303 2173 fidei,
1329 2115 1355 2162 et
1378 2107 1455 2177 pacis
1471 2106 1578 2174 studio,
1594 2113 1746 2163 retractare
1759 2123 1849 2165 cessa·

204 2193 317 2250 versalia
331 2202 359 2248 et
372 2192 504 2265 appellari
512 2201 538 2248 et
548 2203 654 2260 esse,et
667 2195 751 2265 legati
761 2194 833 2248 sedis
844 2193 1001 2265 apostolice
1050 2194 1148 2248 ximus.
1174 2194 1315 2250 abstineat
1336 2211 1403 2267 ergo
1427 2195 1461 2249 ab
1485 2195 1738 2252 ecclesiasticarum
1758 2195 1849 2266 injuris

202 2282 232 2338 in
247 2282 351 2352 synodo
366 2282 592 2350 reclamaverunt,
609 2282 695 2336 isdem
707 2284 802 2335 beatus
817 2282 870 2336 Leo
885 2282 919 2335 ad
929 2283 1001 2335 llar-
1050 2282 1226 2354 regularum,
1242 2292 1269 2336 et
1288 2282 1396 2339 illicitos
1411 2283 1529 2338 declinet
1549 2298 1690 2350 excessus,
1715 2299 1752 2341 ne
1770 2301 1801 2340 se
1816 2284 1848 2340 ab

204 2370 308 2424 danum
322 2373 476 2440 Augustum
492 2369 586 2425 scribit
600 2370 694 2424 dicens
709 2371 802 2442 (epici.
819 2369 881 2440 ὃἹ);
896 2391 907 2418 a
921 2369 1000 2439 Apud
1050 2370 1196 2426 uniuersali
1211 2371 1352 2438 Ecclesia,
1368 2372 1433 2426 dum
1447 2371 1560 2427 inimica
1578 2373 1641 2442 paci
1661 2379 1748 2429 tentat
1760 2372 1848 2429 ahsci·

204 2457 406 2523 Christianum,
430 2466 456 2512 et
479 2474 542 2514 vere
565 2458 741 2529 religiosum,
768 2473 884 2529 rereqne
905 2458 999 2512 ortho-
1050 2459 1096 2513 dat
1112 2476 1119 2511 :
1135 2475 1215 2530 quem
1230 2467 1294 2528 opto
1308 2460 1396 2531 magis
1411 2460 1689 2530 irreprehensibiliter
1721 2469 1848 2533 agentem

205 2546 304 2602 doxum
319 2546 470 2617 principem
480 2547 587 2618 loquor,
604 2546 718 2600 multum
736 2546 876 2601 Anatolius
891 2545 991 2616 episco·
1051 2542 1176 2614 diligere,
1192 2558 1272 2613 quam
1289 2544 1317 2597 in
1332 2544 1382 2599 hac
1397 2543 1631 2615 praesumptione,
1647 2560 1710 2617 quae
1725 2544 1802 2601 illum
1815 2545 1848 2601 ab

203 2651 255 2706 pus
269 2634 382 2706 proprio
397 2635 513 2689 detrahit
527 2634 633 2700 merito,
650 2635 673 2689 si
686 2634 779 2690 illicito
789 2650 915 2690 crescere
926 2640 1000 2704 optat
1051 2630 1177 2685 omnibus
1193 2645 1320 2700 separare
1335 2633 1445 2701 poterit,
1461 2633 1622 2703 perdurare.
1650 2653 1661 2683 ι
1679 2634 1717 2689 Et
1731 2633 1795 2706 quia
1809 2633 1848 2689 ri-

202 2731 358 2796 augmanto.
376 2723 480 2778 Habeat
491 2723 695 2794 sicutoptamus
707 2723 1000 2793 constantinopolitana
1050 2717 1119 2772 dens
1135 2718 1364 2775 hamelius-nullo
1379 2721 1461 2775 modo
1476 2737 1505 2776 se
1519 2736 1600 2791 posse
1619 2720 1662 2777 vel
1677 2737 1730 2792 per
1743 2738 1793 2788 se,
1809 2722 1850 2778 uel

203 2811 301 2867 civitas
315 2810 434 2883 gloriam
445 2826 533 2876 suam,
545 2820 571 2865 et
582 2820 740 2882 protegente
751 2811 800 2866 Dei
810 2811 932 2873 dextera,
944 2811 1001 2865 diu·
1050 2823 1099 2877 per
1112 2807 1318 2877 imperatorem,
1335 2808 1457 2865 obtinere
1472 2810 1545 2880 quod
1560 2809 1664 2878 voluit,
1681 2826 1713 2866 se
1728 2810 1793 2866 inde
1806 2826 1849 2865 re·

203 2906 284 2953 turno
299 2899 451 2954 clementior
465 2906 564 2952 vestrm
579 2897 683 2953 fruatur
697 2900 830 2969 imperio:
847 2899 899 2953 alia
909 2907 999 2953 tamen
1050 2895 1206 2959 crediderit,
1224 2896 1297 2950 idem
1311 2903 1421 2952 sanctus
1443 2898 1497 2953 Leo
1519 2898 1712 2962 demonstrat,
1728 2898 1850 2955 scribens

202 2986 272 3040 ratio
296 2994 337 3040 est
356 3001 447 3040 rerum
471 2986 659 3052 saecularium,
685 2987 736 3041 alia
757 2987 909 3042 divinarum
926 3003 932 3041 :
949 3003 1000 3041 nec
1051 2983 1084 3037 ad
1099 2984 1224 3037 eumdem
1239 2985 1392 3039 Anatolium
1412 2987 1506 3056 (epist.
1529 2986 1661 3056 parvul:
1685 3008 1697 3038 ι
1716 2987 1744 3042 Si
1760 2987 1849 3052 firmo,

202 3081 300 3145 practer
314 3073 386 3127 illam
400 3081 524 3146 petram,
541 3091 621 3145 quarn
637 3075 768 3129 [lominus
783 3075 809 3128 in
824 3048 1035 3130 fundamentoC
1050 3072 1145 3142 iuquit,
1163 3072 1430 3144 incommutabilique
1453 3075 1591 3145 proposito
1614 3074 1726 3132 dilectio
1741 3086 1786 3131 tue
1800 3092 1849 3132 cu·

203 3162 272 3218 mire
286 3162 393 3233 posuit,
418 3162 522 3217 stabilis
544 3163 597 3217 erit
616 3163 671 3217 ulla
692 3164 873 3228 constructio;
890 3164 1000 3235 propria
1051 3177 1108 3215 ram
1122 3160 1215 3231 gratiae
1230 3162 1381 3216 communis
1396 3163 1543 3228 habuisset,
1555 3163 1621 3218 nihil
1637 3163 1763 3235 prolecto
1779 3166 1850 3236 quod

203 3251 302 3323 perdit,
319 3251 365 3323 qui
380 3250 499 3306 indebita
514 3252 691 3322 concupiscit.
708 3252 777 3306 Satis
803 3252 837 3306 sit
858 3253 997 3323 praedicto,
1049 3249 1133 3302 ullam
1148 3248 1311 3305 anxietatem
1326 3250 1372 3303 tibi
1387 3251 1523 3320 ingereret
1534 3251 1693 3307 exstitisset.
1704 3253 1769 3310 Non
1779 3254 1850 3311 euim

202 3339 277 3410 quod
287 3347 386 3394 vestrm
401 3339 510 3411 pietatis
524 3339 634 3407 auxilio,
652 3350 678 3394 et.
693 3340 746 3394 mei
762 3339 863 3395 laveris
873 3357 997 3408 assensu,
1049 3336 1155 3391 sinebat
1170 3337 1258 3405 ratio,
1273 3346 1301 3391 ut
1316 3339 1374 3406 ejus
1390 3339 1549 3394 charitatem
1570 3355 1750 3410 spernerem,
1770 3359 1850 3413 quem

202 3427 387 3500 episcopatum
401 3436 484 3483 tantae
499 3428 575 3483 urbis
597 3428 723 3484 obtinuit.
753 3430 814 3484 Non
837 3429 1000 3499 dedignetur
1049 3440 1141 3480 amore
1156 3424 1250 3496 pacis,
1268 3433 1294 3480 et
1308 3426 1398 3481 studio
1413 3428 1574 3498 reparandas
1601 3428 1745 3487 minoricae
1775 3431 1848 3498 fidei,

201 3515 303 3589 regiam
318 3516 471 3583 civitatem,
487 3532 568 3587 quam
583 3517 758 3590 apostolicam
774 3516 864 3572 iacere
879 3533 934 3572 non
947 3533 999 3587 po·
1048 3513 1119 3569 inter
1134 3514 1193 3584 ipsa
1209 3514 1380 3585 episcopatus
1395 3516 1546 3571 rudimenta
1559 3516 1704 3585 juvissem,
1713 3526 1814 3590 optans
1824 3520 1851 3576 ia

201 3606 253 3655 test
267 3600 371 3670 sedem,
387 3616 438 3655 nec
454 3599 509 3655 ullo
524 3601 606 3656 modo
622 3609 722 3671 speret,
740 3601 813 3672 quod
827 3600 998 3671 peraliorum
1049 3603 1241 3658 ecclesiasticis
1254 3604 1327 3658 curis
1343 3604 1424 3659 talem
1438 3605 1540 3660 habere
1551 3615 1724 3674 consortem,
1739 3616 1771 3664 ut
1786 3608 1891 3665 mini-

202 3686 459 3758 offensionespossit
469 3688 997 3759 augeri.Privilegiaenimecclesiarum,
1048 3691 1082 3746 de
1099 3691 1198 3746 sanctis
1213 3693 1430 3762 praecursoribus
1440 3694 1502 3761 tuis,
1512 3694 1684 3751 necJouunis
1698 3696 1891 3766 spiritalem.-

201 3783 358 3831 sanctorum
372 3776 480 3830 Petrum
495 3777 644 3831 canonibus
661 3776 795 3842 instituta,
813 3785 839 3830 et
852 3777 998 3831 venerabi·
1047 3779 1240 3850 copiosamque
1268 3780 1439 3847 doctrinam,
1465 3798 1517 3839 nec
1539 3783 1731 3841 auctoritatem
1758 3785 1873 3853 Attici,

202 3862 236 3917 lis
250 3862 369 3918 Nicaeum
384 3862 480 3933 synodi
495 3862 549 3916 fixa
563 3863 700 3930 decretis,
725 3863 797 3917 nulla
818 3872 931 3933 possunt
945 3864 998 3919 im·
1048 3881 1099 3921 nec
1109 3849 1269 3924 industriam
1279 3868 1378 3935 Procli,
1388 3870 1527 3925 neclidem
1538 3871 1611 3927 beati
1620 3871 1883 3933 Flananideessn

201 3948 337 4020 probitate
361 3949 498 4016 conuelli,
524 3950 598 4005 nulla
619 3951 737 4006 novitate
762 3951 870 4006 uiolari.
899 3954 930 4006 ln
945 3968 998 4022 quo
1048 3955 1186 4020 sentirem,
1203 3957 1280 4011 etita
1295 3958 1391 4013 studiis
1407 3958 1459 4012 tuis
1479 3967 1579 4026 uterer,
1591 3968 1621 4014 ut
1635 3960 1880 4021 nnltnsaaderot

202 4053 286 4109 opere
300 4038 446 4093 auxiliante
462 4039 569 4094 Christo
591 4037 707 4094 fideliter
729 4041 923 4111 exsequendo,
948 4056 998 4095 ne·
1048 4043 1090 4097 rel
1106 4042 1169 4098 lidei
1183 4045 1323 4100 catholicae
1338 4046 1490 4114 resultare,
1507 4047 1550 4103 vel
1564 4047 1686 4104 Nicaenis
1701 4051 1867 4109 venerabi-

202 4141 280 4183 ocsse
296 4135 395 4183 estune
410 4135 632 4196 perseuerantem
661 4128 789 4182 exhibere
818 4127 996 4184 famulatum:
1047 4130 1111 4185 lium
1126 4133 1236 4187 Petrum
1252 4134 1353 4206 regulis
1369 4135 1514 4190 contraire.
1530 4135 1584 4191 Sed
1599 4151 1662 4192 cum
1677 4136 1867 4209 ininjuriuu

202 4213 330 4287 quoniam
348 4214 516 4287 dispensatio
539 4215 605 4270 mihi
629 4217 729 4271 credita
744 4225 801 4279 est,
818 4226 844 4271 et
859 4218 894 4272 ad
908 4234 998 4272 mcum
1048 4235 1191 4288 canonum,
1209 4231 1237 4276 ut
1251 4223 1388 4292 agnoscis,
1404 4223 1452 4277 illa
1467 4231 1568 4279 tentata
1577 4224 1641 4294 sint,
1657 4242 1724 4297 quas
1740 4228 1860 4285 ombus

200 4311 293 4368 tendet
316 4320 438 4382 reatum,
455 4313 477 4366 si
491 4320 665 4383 paternarum
691 4313 793 4385 regulae
815 4315 996 4384 sanctionum,
1047 4309 1177 4366 Ecclesiis
1187 4311 1346 4366 scandalum
1361 4312 1509 4366 maximum
1522 4321 1698 4384 generarent,
1714 4317 1785 4387 quid
1799 4333 1860 4388 ap-

200 4415 261 4472 que
275 4399 303 4456 in
318 4400 423 4470 synodo
438 4400 548 4457 Nicaeae
563 4402 597 4456 ad
621 4403 701 4456 totius
727 4403 858 4459 Ecclesiae
873 4404 995 4474 regimen
1008 4398 1097 4458 Dtius
1112 4413 1141 4453 uc
1156 4399 1306 4454 modestius
1330 4399 1467 4463 lacerem.
1491 4417 1569 4472 quam
1584 4409 1614 4457 ut
1628 4409 1655 4458 tc
1670 4403 1851 4473 primamne

198 4487 301 4560 Spiritu
314 4489 365 4545 Dei
380 4489 539 4554 instruente,
552 4497 613 4543 sunt
624 4491 749 4555 conditae,
761 4507 815 4557 me,
825 4493 899 4563 quod
913 4494 993 4558 absit,
1046 4486 1079 4541 ab
1096 4488 1145 4542 hac
1159 4487 1307 4543 intentione
1321 4487 1497 4555 discederes,
1513 4489 1633 4546 fraterno
1646 4491 1744 4549 animo
1758 4494 1850 4550 missis

197 4576 361 4632 conhibente
375 4576 528 4643 violentum
554 4586 580 4632 et
603 4578 690 4646 major
715 4578 749 4632 sit
770 4581 841 4649 apud
857 4597 900 4634 me
915 4581 995 4635 unius
1046 4574 1143 4629 litteris
1157 4576 1358 4630 admonerem?
1372 4577 1407 4632 ad
1423 4593 1491 4648 quas
1506 4595 1569 4633 cum
1581 4595 1637 4635 non
1664 4582 1842 4647 rescriberes,

196 4663 287 4720 fratris
302 4665 437 4730 uoluntas,
447 4681 528 4736 quam
544 4666 678 4720 universae
689 4667 785 4721 domus
799 4668 906 4723 Domini
921 4684 994 4724 com-
1044 4663 1103 4733 ipse
1119 4673 1144 4717 te
1158 4681 1173 4717 a
1188 4665 1315 4735 colloquii
1331 4665 1383 4720 mei
1399 4666 1535 4723 consortio
1551 4669 1698 4737 separasti.
1723 4670 1843 4742 Denique

197 4753 287 4807 munis
301 4752 411 4809 utilitas.
427 4754 462 4808 Et
476 4753 537 4810 ideo
553 4754 642 4810 sciens
658 4755 807 4827 gloriosam
822 4757 993 4812 clementiam
1044 4751 1169 4820 indcium
1180 4753 1843 4826 lacui,sedelementissimoprincipicustoditidei

198 4847 317 4895 vestram
332 4842 524 4897 ecclesiastieae
534 4843 640 4897 studere
656 4844 818 4907 concordie,
836 4853 862 4899 et
876 4845 918 4899 his
933 4862 994 4916 quae
1031 4839 1178 4911 ,frequenti
1193 4842 1345 4897 litterarum
1359 4842 1488 4912 petitione
1504 4844 1650 4917 suggessi,
1667 4854 1698 4901 ut
1712 4862 1766 4917 pro
1780 4863 1840 4918 pace

195 4926 317 5000 pacilicae
335 4940 486 4999 congruunt
501 4931 595 4987 unitati
614 4931 765 5002 piissimum
779 4941 911 5003 praestare
925 4950 992 4989 con·
1043 4928 1231 4997 ecclesiarum,
1250 4946 1330 5001 quam
1345 4931 1393 4986 tibi
1407 4931 1523 4987 maxime
1537 4932 1673 5003 prodesse
1687 4936 1840 5008 cognoscit,

197 5031 318 5082 sensum,
335 5033 435 5087 precor
450 5028 476 5072 et
492 5021 586 5075 sedula
610 5021 786 5092 suggestione
801 5038 850 5077 vos
865 5023 990 5090 obsecro,
1042 5017 1102 5071 haec
1117 5033 1176 5088 quaa
1191 5034 1263 5073 nunc
1278 5034 1294 5072 a
1311 5026 1355 5073 tua
1374 5019 1519 5076 dilectione
1533 5019 1602 5076 lacta
1616 5029 1681 5077 stunt
1695 5022 1840 5094 impleren-

195 5113 225 5159 ut
239 5121 323 5160 ausus
338 5105 497 5175 improbos,
514 5109 609 5164 unitati
623 5110 781 5165 Christiane
797 5112 909 5182 pacique
924 5126 991 5166 con-
1043 5113 1095 5160 tut·
1119 5106 1168 5160 Cui
1192 5106 1340 5162 ineil'ubiles
1361 5109 1466 5178 gratias
1488 5124 1542 5180 ugo
1559 5152 1566 5172 ,
1588 5110 1664 5181 quod
1693 5112 1840 5170 secundum

193 5194 299 5261 trarios,
315 5194 349 5248 ab
365 5194 440 5249 omni
462 5194 568 5264 pietatis
594 5206 691 5252 vestrae
712 5198 842 5254 abdicetis
866 5215 990 5265 assensu,
1042 5194 1223 5250 eruditionem
1239 5195 1354 5265 Spiritus
1374 5197 1478 5262 saneti,
1504 5198 1581 5266 cujus
1603 5205 1646 5253 est
1668 5200 1771 5257 virtute
1784 5201 1840 5272 ple·

193 5288 220 5337 et
235 5280 327 5336 fratris
341 5282 396 5337 mei
410 5282 525 5336 Anatolii
540 5284 690 5340 nocituram
704 5287 772 5356 ipsi,
793 5287 814 5341 si
833 5287 989 5357 perstiterit,
1041 5281 1180 5347 nissimus,
1206 5283 1368 5338 sacerdotali
1391 5284 1518 5355 dignatur
1541 5286 1653 5341 studere
1676 5289 1839 5355 concordie,

191 5368 365 5439 cupiditatem
399 5370 544 5426 salubriter
577 5375 762 5443 comprimatis
787 5392 793 5430 ;
816 5392 850 5429 ne
874 5392 907 5430 ea
930 5392 991 5447 qum
1041 5369 1129 5426 sciens
1144 5371 1195 5426 sihi
1210 5372 1346 5426 orationes
1361 5374 1569 5443 supplicantium
1590 5374 1732 5446 copiosius
1746 5376 1840 5449 prolu-

191 5463 289 5510 uestrae
304 5458 398 5527 gloriae
408 5467 488 5531 atque
500 5460 856 5532 temporibnsinimicasunt
867 5464 988 5534 cupiens,
1040 5475 1126 5533 turae,
1148 5468 1171 5522 si
1184 5467 1276 5522 famuli
1300 5470 1379 5523 unius
1401 5471 1509 5527 Domini
1528 5472 1556 5527 in
1579 5471 1655 5528 nullo
1670 5474 1754 5531 uate
1769 5489 1839 5533 vm
