3794 6104
51 246 108 303 125
733 239 922 302 erismae.
1652 247 1704 303 tao

52 369 246 442 tiam,inquit,
259 367 1020 442 oomtnttesasatnartereetmoseoemadaparente
1034 369 1194 440 meruimus,
1210 380 1398 442 promerentes
1427 385 1544 442 regnum
1568 368 1628 439 Dei,
1645 370 1709 442 quia

53 460 171 515 modum
187 463 217 515 ιι
226 460 274 514 itti
287 459 361 530 (Act.
372 459 434 530 xv),
444 457 627 516 aedificaturus
637 466 695 514 erat
705 457 857 514 Ecclesiam
906 475 964 514 noe
972 464 1041 515 aaut
1047 459 1193 531 condigne
1200 461 1346 532 passiones
1353 460 1437 531 bojas
1447 460 1624 532 temporisad
1631 461 1709 530 satae

52 555 151 619 aperto
165 547 263 604 lancea
276 547 371 614 latere,
387 548 421 603 de
437 563 491 620 quo
509 548 635 619 produxit
650 562 750 619 aquam
758 555 784 603 et
795 561 858 601 san·
907 548 1165 620 resupinatumque
1179 549 1352 604 revelabitur
1361 549 1393 603 ιι
1406 548 1650 619 ιιιιι(ιιιιι.ιιιι)
1662 567 1669 613 ;
1681 554 1709 603 ιι

53 637 178 710 guinem
205 636 305 708 quibus
334 651 407 692 nuno
435 636 545 692 lavaero
568 637 673 709 rigatur
695 643 721 692 et
747 634 856 707 poculo.
907 635 935 690 in
949 635 1026 690 istius
1041 636 1137 708 agonis
1151 642 1298 694 scammate
1312 645 1460 704 certantes,
1476 637 1536 692 sino
1545 636 1643 692 viatico
1654 652 1708 691 nou

54 725 81 780 id
97 726 302 781 estmundatur
315 739 385 797 aqua
400 724 578 795 baptismatis,
603 732 630 780 et
649 741 699 795 per
717 722 800 779 iidem
819 723 857 777 illi
907 723 1028 780 valemus
1043 724 1202 780 subsistere.

55 814 251 884 incorporatur
263 821 355 884 potato
374 813 508 886 sanguine
529 812 734 884 redemptionis,
755 810 857 882 justifi-
944 813 1081 869 Primitiva
1102 814 1269 880 Ecclesia,id
1280 824 1320 870 est
1330 813 1424 870 fideles
1433 814 1460 868 ιι
1471 814 1583 870 exordio
1592 830 1709 872 nascen-

54 910 113 958 eata
129 901 231 972 spiritu
247 900 476 957 sanctificationis.
494 903 548 958 lloc
570 905 780 957 sacramentum
794 918 858 956 mu·
908 903 943 957 tis
958 902 1089 958 Ecclesiae
1104 903 1259 958 vendebant
1272 904 1361 958 omnia
1386 920 1447 975 quae
1470 904 1658 974 possidebant,
1682 911 1710 959 et

56 1006 143 1062 prtum
159 995 205 1046 est
220 992 251 1046 itt
268 990 378 1048 Christo
388 995 416 1046 et
430 992 461 1046 ιιι
470 992 595 1046 Ecclesia
609 990 721 1062 (liplvcs.
736 991 765 1060 v)
780 1005 858 1060 :qua
909 991 1083 1055 deferrebant
1099 992 1303 1061 possessionum
1318 1008 1425 1047 suarum
1441 993 1557 1063 pretium
1573 993 1608 1048 ad
1623 993 1709 1064 pedes

56 1079 153 1134 eodem
170 1078 274 1150 Spiritu
290 1088 386 1135 saneto
411 1078 446 1133 ab
468 1078 642 1134 immaculato
666 1078 749 1133 divini
777 1078 858 1134 sontis
908 1080 1105 1149 apostolorum,
1116 1081 1247 1135 docentes
1258 1081 1422 1136 nondebere
1437 1081 1588 1137 orationali
1599 1082 1710 1137 bomine
1763 1068 1767 1074 ⁵

57 1177 133 1224 utero
149 1183 219 1224 snos
234 1176 381 1240 regenerat
394 1176 483 1236 natos,
500 1182 553 1238 quo
575 1175 601 1222 et
623 1167 657 1221 de
680 1167 783 1221 illibata
804 1167 859 1224 vir·
910 1168 1016 1233 serviri,
1033 1169 1081 1223 sed
1092 1168 1226 1222 dominari
1251 1168 1360 1234 divitiis,
1373 1176 1399 1224 ιι
1411 1168 1448 1222 ιιι
1462 1170 1538 1224 eisin
1557 1169 1709 1234 transitum,

57 1257 119 1329 gine
155 1256 281 1311 Christus
312 1263 353 1311 est
384 1264 474 1311 natus.
507 1256 581 1310 ldem
612 1271 729 1327 namque
754 1255 859 1326 primus
909 1257 1711 1329 noncasamarepraeternaperventione.Dequopretio

57 1346 148 1410 borno,
168 1344 232 1416 quia
247 1351 274 1399 et
294 1345 352 1399 Eva
374 1345 435 1414 ipsa
459 1353 499 1399 est
513 1344 610 1411 Adam,
628 1344 753 1400 conditus
767 1352 796 1399 ιι
811 1345 859 1400 do·
910 1345 1082 1400 dividebatur
1098 1345 1223 1417 singulis,
1247 1355 1327 1415 prout
1343 1345 1441 1417 cuique
1456 1361 1525 1416 opus
1550 1352 1617 1401 erat.
1644 1347 1712 1401 Cum

58 1434 208 1488 minaretur
223 1441 385 1489 creaturaea
402 1433 530 1488 Creatore
545 1431 630 1498 lactan,
655 1440 682 1487 ιι
703 1433 859 1504 disponeret
911 1443 1001 1489 antem
1025 1435 1111 1506 gratia
1144 1434 1193 1489 Dei
1221 1435 1303 1504 coepit
1338 1434 1512 1504 multiplicari
1543 1435 1712 1489 credentium

59 1524 152 1578 orbem
168 1531 303 1578 terrerum
319 1522 459 1592 injustitia
475 1530 502 1578 et
525 1522 659 1594 aequitate,
683 1530 708 1578 et
732 1523 760 1578 in
790 1525 862 1581 dire·
910 1539 1050 1588 numerus,
1068 1523 1103 1577 ad
1120 1538 1237 1594 quorum
1252 1523 1476 1578 sustentationem
1490 1539 1545 1607 non
1560 1522 1713 1578 subiciebat

59 1612 144 1668 ctione
177 1612 270 1667 cordis
283 1612 416 1681 judicium
431 1612 574 1681 judicaret,
598 1612 621 1666 si
633 1611 779 1683 inaccepta
800 1613 860 1683 lege
911 1612 991 1683 pretii
1006 1612 1121 1678 reditus,
1139 1613 1266 1682 quoniam
1281 1627 1377 1667 omnes
1392 1613 1426 1666 ad
1445 1613 1498 1668 hoc
1521 1628 1576 1667 non
1602 1612 1712 1675 dabant,

63 1701 121 1756 vitae
145 1708 174 1755 et
206 1700 358 1771 disciplima
390 1699 477 1756 libero
507 1700 620 1756 arbitrio
641 1702 897 1788 permansisset33
912 1716 1002 1772 neque
1017 1701 1144 1756 valebant
1160 1701 1298 1772 compelli,
1314 1709 1343 1755 ιι
1358 1701 1512 1773 aeonjugio
1527 1708 1553 1755 et
1578 1701 1605 1755 in
1629 1707 1714 1756 totum

63 1789 185 1845 videlicet
201 1790 224 1843 si
239 1789 268 1843 in
278 1789 433 1845 Conditoris
448 1790 584 1845 voluntate
603 1799 809 1859 perseverasset
832 1799 861 1845 ut
914 1806 931 1844 ι
945 1789 1091 1844 mundanis
1106 1798 1235 1845 vacarent
1250 1791 1364 1854 actibus,
1375 1806 1408 1843 ne
1419 1789 1549 1845 saeculum
1565 1788 1714 1859 deperiret,

63 1895 110 1934 non
132 1886 283 1948 peccarem
308 1894 359 1933 ιιι
377 1878 435 1948 ipse
455 1887 615 1944 moreretur,
643 1893 695 1934 nec
721 1879 862 1945 mortales,
914 1879 1003 1934 donec
1017 1894 1113 1935 omnes
1128 1878 1174 1949 qui
1190 1878 1313 1933 salvandi
1329 1887 1401 1945 sunt,
1413 1878 1440 1932 id
1453 1885 1492 1933 est
1503 1894 1599 1933 omnes
1613 1878 1716 1949 praede·

62 1984 145 2039 neque
160 1967 260 2022 mortis
270 1982 303 2022 ac
313 1968 446 2038 gehennae
455 1965 527 2022 filios
536 1975 690 2039 generaret.
703 1967 756 2022 Sed
767 1968 865 2023 merito
916 1967 1015 2032 stinati,
1032 1967 1115 2022 veluti
1130 1967 1316 2037 scriptumest
1335 1966 1381 2021 lilii
1396 1967 1457 2033 Dei,
1483 1966 1529 2038 qui
1554 1974 1633 2021 erant
1654 1966 1713 2020 dis-

64 2057 136 2125 hujus
159 2055 374 2126 permansionis,
399 2063 425 2110 ιι
456 2056 632 2110 retributione
649 2056 772 2125 justitiae,
797 2057 866 2114 sicut
914 2056 996 2127 persi,
1018 2054 1046 2110 id
1061 2063 1102 2110 est
1114 2056 1140 2109 ιι
1155 2071 1253 2110 massae
1268 2055 1432 2128 generaliter
1446 2054 1559 2126 perdita·
1574 2071 1607 2109 ex
1621 2054 1714 2109 debito

65 2153 85 2200 et
104 2145 195 2200 saneti
217 2144 308 2216 angeli
331 2152 504 2215 acceperunt,
526 2144 679 2214 accepisset
701 2145 728 2199 in
753 2161 866 2201 munere
915 2143 1056 2199 relictione
1078 2144 1229 2214 conspersi,
1248 2151 1274 2198 et
1300 2160 1332 2199 ex
1361 2159 1401 2209 ea,
1427 2152 1574 2214 antequam
1597 2143 1715 2197 mundus

67 2234 130 2305 quod
146 2233 272 2298 Creator,
289 2233 324 2287 ad
339 2233 417 2301 enjus
444 2232 592 2304 imaginem
614 2240 640 2287 et
663 2233 866 2289 similitudinem
916 2231 1001 2298 steret,
1026 2233 1265 2304 praedestinatione
1298 2232 1359 2299 Dei,
1393 2232 1436 2288 ιιι
1464 2232 1531 2286 nihil
1549 2231 1715 2302 praeteritum

64 2323 182 2378 maditus
198 2330 250 2389 est,
269 2321 348 2376 babet
364 2321 492 2390 essentie,
540 2330 568 2375 ut
588 2336 638 2376 neo
658 2336 774 2392 peceare
797 2323 866 2378 velle
916 2321 1022 2377 transiit
1032 2321 1185 2394 acciditque
1194 2320 1326 2390 laturum,
1340 2321 1431 2386 electi,
1444 2320 1548 2376 scilieet
1557 2320 1647 2393 gratia
1665 2319 1717 2376 Dei

65 2427 105 2466 ιιι
116 2413 177 2480 jam
193 2410 295 2465 cadere
305 2417 409 2480 posset.
427 2410 486 2480 lpsi
502 2418 592 2465 autem
611 2410 719 2466 diabolo
735 2409 865 2467 invidenti
916 2418 1117 2482 congregentur
1133 2411 1161 2464 in
1194 2427 1288 2479 unum,
1320 2410 1348 2464 in
1377 2410 1572 2480 plenitudinem
1589 2408 1716 2466 videlicet

66 2501 117 2571 qnia
130 2500 201 2555 illuc
214 2509 274 2556 erat
288 2485 370 2555 homo
384 2507 510 2555 terrenus
534 2516 584 2570 per
600 2498 718 2554 debitam
734 2500 866 2555 obedien·
917 2499 1038 2556 eoelestis
1056 2515 1087 2555 ac
1103 2499 1276 2569 sempiternae
1290 2498 1433 2566 Ecclesiae,
1445 2497 1481 2552 ad
1496 2513 1575 2569 quam
1591 2496 1658 2552 tanti
1682 2513 1716 2554 ιιι

66 2585 121 2639 tiam
135 2600 317 2651 ascensurus,
343 2583 414 2639 unde
435 2585 494 2654 ipse
515 2583 614 2640 cecidit
633 2600 682 2653 per
708 2584 864 2654 superbiam
916 2588 1073 2642 bominibus
1089 2588 1199 2642 salvatis
1210 2595 1236 2642 ιι
1245 2587 1333 2642 eidem
1346 2586 1483 2641 sociandis
1495 2593 1559 2640 sunt
1573 2585 1716 2642 ascensuri

65 2673 201 2746 angelicus
217 2674 339 2744 spiritus,
358 2682 384 2728 ιι
409 2673 551 2729 mendacia
579 2673 703 2727 suadenti
725 2674 786 2744 plus
808 2689 868 2729 cre·
916 2676 989 2731 unde
1003 2675 1129 2731 diabolus
1144 2690 1205 2730 cum
1220 2675 1278 2729 suis
1304 2674 1468 2746 sequacibus
1490 2674 1597 2740 eccidit,
1621 2674 1714 2745 quanti

66 2763 125 2818 tiens
139 2779 227 2835 quam
245 2762 377 2818 voluntati
391 2762 540 2818 conditoris
565 2763 607 2817 sui
630 2762 772 2829 obediens,
798 2763 867 2817 abu·
916 2765 970 2820 illic
996 2763 1075 2819 electi
1107 2762 1199 2836 angeli
1232 2769 1444 2818 remanserunt:
1474 2769 1504 2817 ιι
1527 2778 1610 2817 unum
1643 2762 1714 2819 ovile

64 2868 99 2907 ans
115 2852 232 2907 arbitrio
253 2851 342 2907 libero
357 2852 478 2907 deseruit
493 2853 590 2919 Deum,
606 2859 633 2907 et
648 2852 772 2906 desertus
792 2853 865 2920 iusta
917 2852 996 2906 unius
1010 2850 1128 2923 pastoris
1143 2851 1257 2918 scilicet,
1274 2859 1301 2907 et
1319 2849 1465 2906 individuae
1488 2849 1714 2922 Trinitatis‘per-

65 2942 156 3005 clleo,
172 2939 304 3012 peccavit
317 2956 350 3018 aa
365 2941 482 3007 cecidit;
499 2948 525 2996 et
538 2956 587 3011 per
601 2941 700 2994 malum
715 2940 784 2996 velle
799 2957 866 3012 per·
916 2949 996 3012 petua
1010 2940 1114 2997 visione
1129 2949 1156 2995 et
1174 2939 1295 3011 perlecta
1319 2939 1485 3012 cognitione,
1510 2955 1570 3010 quae
1593 2947 1635 2994 est
1660 2954 1716 2996 non

64 3029 119 3085 didit
134 3031 212 3085 bonu
225 3046 254 3084 m
272 3045 366 3100 posse,
389 3030 435 3100 qui
456 3045 505 3100 per
528 3045 610 3100 posse
630 3030 732 3085 bonum
756 3029 866 3085 vincere
917 3031 1004 3085 solum
1019 3029 1168 3094 hominum,
1184 3029 1234 3084 sed
1260 3036 1287 3084 ιι
1312 3028 1474 3100 angelornm
1498 3027 1554 3084 vita
1573 3028 1633 3084 sine
1661 3028 1715 3083 line

66 3119 142 3189 potuit
166 3118 240 3173 velle
259 3118 370 3172 malum.
403 3116 465 3185 Qua
496 3118 530 3172 de
564 3134 592 3173 re
615 3117 691 3172 sacta
711 3127 751 3172 est
775 3084 902 3173 massaC
918 3119 1046 3192 gaudeat,
1079 3118 1208 3174 societate
1240 3117 1359 3189 gloriosa
1392 3116 1545 3188 repletum:
1576 3117 1716 3173 constituit

64 3207 217 3276 perditionis
233 3207 315 3261 totius
330 3207 440 3262 humani
454 3206 583 3278 generis.
601 3207 641 3261 De
657 3222 711 3278 qua
730 3207 754 3262 si
776 3205 868 3261 nullus
917 3207 990 3263 idem
1005 3206 1136 3262 Dominus
1151 3214 1177 3260 et
1189 3206 1318 3277 magister
1332 3205 1425 3259 salutis
1439 3221 1490 3275 per
1504 3211 1614 3260 sanctos
1636 3220 1711 3274 suos,

66 3295 216 3351 adsalutem
243 3294 405 3365 eriperetur,
439 3294 694 3365 irreprehensibilis
716 3303 789 3349 esset
817 3294 868 3350 Dei
917 3296 946 3351 in
965 3296 1062 3368 quibus
1076 3303 1103 3350 et
1117 3311 1180 3351 cum
1204 3295 1303 3366 quibus
1326 3293 1497 3365 loquebatur,
1524 3301 1551 3349 et
1573 3309 1623 3364 per
1645 3307 1714 3363 qnos

63 3377 177 3451 iustitia;
210 3383 275 3456 quia
292 3399 359 3439 vero
374 3382 449 3438 multi
480 3383 627 3449 salvantur,
651 3382 798 3438 ineffabilis
826 3391 869 3439 est
917 3400 995 3439 suam
1010 3383 1191 3456 gubernabat,
1208 3391 1234 3438 et
1244 3398 1329 3453 usque
1343 3382 1424 3438 hodie
1435 3382 1538 3438 meritis
1549 3389 1576 3436 et
1585 3381 1715 3452 precibus

65 3473 106 3529 ιιι
120 3475 222 3544 gratia,
234 3472 296 3543 quia
311 3472 347 3527 ab
360 3472 422 3543 ipso
435 3472 530 3527 mundi
544 3472 702 3543 primordio,
720 3471 856 3543 incipiens
917 3473 1052 3545 gubernat
1066 3471 1229 3538 Ecclesiam,
1245 3480 1274 3525 nt
1287 3470 1431 3526 credentes
1447 3485 1502 3524 non
1514 3470 1571 3539 jam
1595 3485 1628 3524 ex
1652 3484 1715 3525 asse

65 3561 91 3615 ab
105 3561 175 3618 Abel
187 3563 272 3630 justo,
289 3560 382 3615 salutis
396 3561 521 3616 humanae
546 3574 690 3631 precones
712 3561 817 3616 mundo
838 3561 867 3616 in
917 3560 1106 3633 possessiones
1122 3567 1148 3615 et
1167 3559 1268 3631 praedia
1293 3558 1489 3623 venundarent,
1517 3557 1565 3613 sed
1590 3558 1624 3613 de
1648 3558 1715 3629 ipsis

67 3666 107 3705 sua
121 3650 281 3706 infirmitate
295 3649 444 3722 languenti,
461 3658 488 3705 et
510 3649 538 3703 in
554 3657 729 3720 peccatorum
753 3665 866 3705 snorum
916 3648 1137 3721 possessionibus
1152 3647 1269 3704 Domino
1280 3654 1482 3704 consecrarent.
1495 3646 1573 3703 Unde
1583 3645 1716 3719 quiquaai

67 3740 176 3795 tenebris
193 3739 354 3805 tabescenti,
369 3739 457 3794 donec
467 3737 525 3809 ipse
536 3737 581 3792 lux
598 3739 691 3793 mundi
706 3738 857 3806 adveniret,
917 3739 1073 3810 specialiter
1087 3738 1177 3794 eidem
1190 3737 1364 3793 dominorum
1377 3735 1494 3792 Domino
1514 3736 1664 3805 adhereat,
1690 3743 1717 3792 ιι

67 3844 106 3897 per
120 3828 290 3900 patriarchas
304 3836 331 3884 ιι
345 3827 416 3900 legis
430 3827 570 3897 doctores,
581 3836 661 3899 atque
676 3828 868 3898 prophetasse
917 3827 1033 3883 ministri
1047 3826 1189 3892 sermonis,
1207 3836 1233 3882 et
1247 3826 1380 3883 donorum
1395 3832 1504 3881 eternae
1518 3824 1717 3897 solatiumque

67 3916 153 3983 iustos,
178 3917 273 3972 verbis
297 3924 323 3972 et
351 3915 485 3987 prodigiis
508 3916 672 3986 praedicans,
699 3917 867 3973 consolando
917 3918 1082 3972 mediatores
1093 3916 1256 3971 interDeum
1265 3923 1291 3970 et
1304 3914 1429 3971 homines
1438 3930 1491 3985 ope
1510 3912 1578 3969 fiunt
1600 3913 1717 3970 assiduae

69 4006 202 4074 premisit.
219 4006 343 4060 Tandem
358 4005 427 4076 ipse,
439 4005 485 4076 qui
501 4021 610 4075 semper
624 4020 709 4060 unum
724 4015 750 4060 et
766 4006 867 4076 ubique
917 4006 1132 4071 intercessionis,
1157 4005 1268 4072 vivant;
1289 4011 1315 4060 et
1338 4003 1366 4058 in
1389 4003 1516 4059 omnibus
1541 4001 1715 4069 necessariis,

70 4099 176 4147 osteum
192 4091 271 4146 Patre
286 4096 313 4144 ιι
329 4089 429 4159 Spiritu
452 4097 544 4144 saneto
574 4090 693 4144 essentia
713 4090 863 4159 maiestatis
918 4095 976 4149 sine
991 4093 1089 4166 quibus
1105 4093 1220 4148 bumana
1235 4092 1369 4164 fragilitas
1380 4107 1436 4147 non
1451 4098 1542 4162 potest
1553 4090 1714 4160 subsistere,

74 4187 175 4250 propter
189 4193 241 4234 nos
263 4178 388 4233 homines
411 4186 437 4233 et
459 4186 572 4249 propter
596 4185 716 4233 nostram
740 4178 865 4249 satutem,
917 4184 997 4240 eisin
1013 4182 1201 4254 eleemosynas
1217 4197 1322 4250 eorum,
1340 4181 1384 4252 qui
1400 4181 1512 4236 easdem
1526 4179 1718 4251 possessiones

72 4281 144 4337 opere
159 4274 310 4338 conceptus
325 4266 447 4335 ejusdem
462 4266 581 4337 Spiritus
607 4267 702 4332 sancti,
727 4274 807 4322 natus
835 4283 868 4323 ιι
918 4273 1034 4328 Domino
1050 4279 1253 4336 consecramnt,
1269 4269 1437 4326 ministretur
1453 4286 1460 4324 ι
1476 4278 1505 4324 ιι
1527 4270 1592 4324 dum
1617 4267 1717 4325 Christi

72 4354 143 4410 llaria
157 4356 275 4428 virgine,
301 4354 329 4411 id
356 4362 398 4411 est
414 4370 447 4411 ex
471 4355 593 4427 virginea
617 4362 750 4411 maternas
775 4355 867 4411 caruis
917 4375 1054 4432 pauperes
1068 4368 1148 4431 atque
1162 4359 1280 4414 ministri
1293 4358 1427 4415 Ecclesiae
1440 4373 1474 4413 ιιι
1489 4355 1579 4411 bis-in
1589 4355 1717 4428 prasenti

72 4445 222 4514 substantia,
239 4445 269 4499 in
290 4444 396 4500 duabus
419 4451 446 4500 ιι
467 4460 500 4499 ιιι
522 4445 628 4499 duabus
651 4445 754 4499 naturis
778 4453 860 4516 atque
876 4444 1065 4504 Dsubsistunt
1080 4448 1193 4519 seculo,
1207 4446 1354 4519 largitores
1378 4445 1583 4518 possessionum
1607 4445 1642 4500 de
1666 4460 1718 4499 sua

72 4533 228 4599 substantiis,
245 4532 392 4588 divinitatis
406 4532 509 4588 seilicet
522 4542 548 4588 et
572 4533 756 4600 humanitatis,
779 4549 860 4589 verus
912 4538 986 4594 fideli
1006 4537 1191 4608 eleemosyna,
1215 4536 1285 4592 sicut
1306 4544 1334 4592 et
1354 4535 1383 4589 iu
1405 4533 1576 4607 baptismate,
1604 4549 1620 4587 a
1644 4533 1715 4589 malo

72 4637 113 4691 per
127 4622 215 4678 omnia
230 4623 315 4688 Deus,
333 4631 358 4677 et
372 4637 453 4678 verus
471 4623 554 4677 homo
577 4623 666 4677 anima
690 4622 815 4678 rationali
835 4631 862 4678 et
914 4626 1036 4682 funditus
1051 4625 1178 4681 conversi
1193 4633 1220 4681 et
1247 4640 1308 4680 eum
1333 4622 1386 4679 fide
1411 4629 1484 4679 ιιιιι
1503 4628 1719 4692 perseverantes

73 4709 178 4768 humana
193 4727 277 4768 carne
291 4711 318 4765 in
334 4710 435 4766 unitate
449 4727 574 4783 personae
590 4711 750 4780 subsistens,
767 4712 802 4766 ad
813 4726 863 4767 nos

73 4814 113 4868 per
125 4800 297 4871 praeentiam
312 4808 459 4871 assumpte
473 4800 586 4855 veniens
608 4800 709 4865 carnis,
734 4800 811 4856 factis
838 4807 864 4856 ιι

73 4886 142 4944 dictis
156 4899 183 4945 et
197 4890 273 4945 aliud
288 4889 315 4943 iu
330 4905 360 4944 se
384 4889 529 4944 credentes
542 4890 673 4946 saeculum
688 4889 821 4953 invitavit,
837 4889 865 4944 id

73 4979 159 5033 estad
183 4979 300 5050 gloriam
327 4978 527 5048 sempiternam,
555 4994 637 5050 quam
658 4978 750 5051 angeli
779 4973 866 5034 saneti

71 5062 161 5122 babent
175 5068 203 5121 in
222 5066 304 5133 curlo,
334 5074 360 5120 ιι
382 5067 417 5121 ad
444 5081 524 5138 quam
543 5067 719 5122 obtinendam
741 5067 865 5123 conditus

72 5151 149 5210 iuerat
162 5156 266 5226 primus
295 5156 386 5210 homo.
397 5156 430 5211 Et
444 5155 573 5227 quoniam
588 5156 622 5210 ad
634 5156 704 5210 illam
720 5155 866 5226 pervenire

72 5257 118 5297 non
132 5259 288 5314 possumus,
305 5243 357 5298 nisi
373 5244 441 5300 sicut
456 5259 507 5299 nos
522 5244 656 5299 docuitde
667 5260 720 5315 quo
735 5244 866 5315 seriptum

73 5340 123 5385 ast:
141 5334 212 5401 datio
226 5335 268 5389 ιιι
284 5333 411 5405 oportuit
423 5334 486 5404 pati
502 5333 655 5397 θινιιιιιιιι,
672 5338 700 5388 ιι
710 5333 820 5389 ιιιιιιι
834 5335 867 5389 ia

71 5421 184 5488 gloriam
199 5439 285 5478 suurn
302 5423 378 5493 (ιιι.
394 5421 487 5492 xxiv),
498 5423 550 5477 dux
562 5429 589 5477 et
598 5422 693 5478 doctor
707 5422 785 5492 hujus
793 5422 867 5478 itine-

73 5519 113 5589 ris,
126 5521 228 5580 seilicet
244 5537 296 5595 per
310 5520 421 5579 labores
436 5536 469 5578 ac
491 5521 610 5587 dolores,
637 5536 706 5593 quos
728 5520 755 5577 in
778 5520 868 5593 primo

915 4715 942 4770 in
957 4715 1035 4770 bonis
1050 4714 1190 4786 operibus,
1207 4714 1370 4769 mundentur
1385 4727 1402 4767 a
1416 4718 1527 4783 peccato
1551 4719 1577 4766 et
1598 4709 1717 4767 effician-

914 4811 957 4859 tur
969 4803 1088 4870 Cbrist0,
1105 4803 1148 4859 eui
1163 4819 1209 4858 eas
1224 4804 1399 4868 devoverant,
1426 4806 1569 4855 consortes
1585 4799 1613 4855 in
1635 4799 1715 4867 coelo,

916 4893 1057 4963 sicutipse
1073 4891 1138 4947 dicit
1153 4892 1180 4946 in
1195 4889 1344 4962 Evangelio
1361 4905 1367 4942 :
1384 4891 1455 4945 Date
1468 4890 1718 4962 eleemosynaliter

916 4997 979 5036 ecce
993 4982 1089 5037 omnia
1104 4980 1210 5036 tnuatdu
1226 4982 1294 5034 ιιιι
1317 4978 1389 5034 vobis
1404 4978 1484 5048 (luc.
1499 4977 1562 5049 nt),-
1584 4986 1612 5034 ιι
1626 4978 1692 5034 item
1708 4995 1715 5031 ι

917 5070 993 5137 Quod
1004 5071 1056 5125 ιιι
1066 5085 1102 5125 ιιι
1111 5069 1239 5124 ιηιιὶιιιιι
1247 5067 1318 5122 meis
1328 5067 1448 5137 fecistis,
1457 5068 1531 5124 milri
1540 5068 1716 5139 fecialial'e·

918 5154 1716 5230 nite,bertedictil’atrismei,percipiterepnumquodvo·

917 5248 957 5304 bia
969 5250 1152 5319 paratumest
1162 5246 1195 5301 ab
1205 5247 1422 5318 originemttndi
1432 5246 1542 5318 (battle.
1553 5243 1635 5315 xxv).
1646 5242 1719 5313 Qua·

917 5343 1029 5407 propter
1043 5335 1113 5390 sicut
1127 5334 1164 5389 illi
1181 5334 1225 5407 qui
1236 5333 1343 5407 seipsos
1358 5350 1390 5392 ac
1405 5334 1514 5392 divitias
1527 5332 1718 5405 etpossassio·

917 5440 967 5480 nes
982 5439 1046 5480 suas
1059 5423 1174 5479 llomino
1190 5424 1264 5480 fideli
1277 5432 1369 5481 mente
1383 5430 1621 5490 consecraverunt,
1632 5423 1717 5479 haere-

917 5514 967 5568 des
991 5512 1041 5570 Dei
1079 5521 1105 5568 et
1142 5513 1300 5572 coheredes
1324 5513 1423 5572 Christi
1444 5529 1493 5585 per
1516 5511 1664 5587 propbetas
1691 5518 1718 5569 ιι
