3826 6098
123 221 174 276 599

600 215 772 273 mucram
786 211 986 272 aasumsrs
1000 175 1276 271 cacamrrscorr.

1723 217 1774 270 600

124 341 259 400 nictatione
278 341 442 413 complicum
466 340 646 408 carlomanni,
662 356 713 413 per
735 340 859 396 diversos
873 355 919 394 ar·
935 340 1013 401 Ater
1026 347 1053 394 et
1067 338 1157 409 ipsum
1172 339 1269 395 solum.
1290 339 1437 409 Utrumque
1457 335 1530 394 enim
1544 335 1699 393 laciendum
1720 347 1773 406 est,

125 429 316 501 chiepiscopos
345 428 498 501 dirigenda,
528 429 651 485 dicentes
668 446 705 483 :r
729 429 770 483 Ea
798 427 924 485 videlicet

127 517 293 582 conditione,
316 524 345 572 ut
368 517 518 572 secundum
545 516 661 571 formam
689 516 797 587 mystici
820 514 924 570 Nicaeni

127 604 244 673 concilii,
257 613 283 658 et
291 603 391 682 Atriam
400 604 548 675 provinciae
556 619 702 671 canonum,
712 605 843 674 juxtaque
857 618 925 673 apo·

127 692 230 749 stolicae
244 693 317 748 sedis
338 692 450 749 decreta
469 691 626 763 pontificum
647 692 747 759 Siricii,
764 691 924 757 Innocentii,

128 780 276 847 Coelestini,
302 781 409 847 Leonis,
433 780 589 851 ubicunque
612 779 722 845 luerint,
747 779 842 835 ultima
865 794 925 849 poe-

127 867 249 934 nitentia,
266 875 293 923 et
308 868 455 924 necessarii
480 867 570 923 viatici
594 868 749 924 communio
771 866 926 938 petentibus

128 970 184 1011 non
198 963 347 1028 negetura
366 956 521 1012 Secundum
541 971 618 1010 suam
632 955 798 1027 singularem
816 954 926 1025 sapien-

126 1043 193 1099 tiam
211 1043 333 1117 corrigit,
358 1044 482 1101 scribens
497 1045 525 1098 in
540 1060 590 1098 sua
604 1043 692 1099 rotula
708 1061 714 1097 ι
733 1063 745 1093 ι
764 1044 804 1097 De
828 1042 926 1098 viatico

127 1131 285 1187 autemillis
305 1132 492 1197 concedend0,
507 1147 562 1186 non
577 1130 630 1186 nisi
644 1146 693 1200 per
714 1129 924 1200 professionem,

126 1218 233 1274 etiamsi
248 1218 276 1274 in
291 1219 385 1274 ultimo
408 1219 461 1288 sint
482 1218 574 1289 positi,
599 1218 724 1274 videlicet
742 1226 771 1272 ut
786 1218 809 1273 si
833 1225 928 1289 postea

129 1307 309 1373 convaluerit,
325 1306 449 1378 quisquis
465 1321 559 1361 eorum
570 1305 716 1362 vitiaticum
731 1306 758 1360 in
772 1303 926 1360 infirmitate

128 1394 234 1466 positus
256 1393 375 1465 petierit,
400 1392 560 1464 proliteatur
587 1408 642 1448 non
670 1393 784 1449 ulterius
808 1409 838 1448 se
865 1392 928 1447 talia

128 1490 261 1545 acturum,
277 1495 367 1551 neque
387 1480 456 1536 talia
478 1481 623 1551 agentibus
638 1497 667 1536 se
691 1481 926 1552 participaturum.

130 1567 267 1636 Quoniam
280 1567 307 1622 in
323 1568 380 1622 suis
394 1568 432 1622 ita
446 1575 555 1624 sanctus
576 1583 648 1639 papa
663 1568 789 1624 Gelasius
813 1568 929 1623 instituit

975 426 1043 481 sicut
1064 427 1227 481 infirmitatis
1255 425 1399 481 diversitas
1424 424 1551 480 admonet
1573 441 1677 494 eorum,
1705 441 1775 498 quos

976 514 1068 586 utique
1083 530 1137 569 non
1152 515 1317 585 perdendos,
1329 514 1379 569 sed
1393 514 1572 586 corrigendos
1582 513 1776 586 curandosque

976 603 1159 673 suscepimus.
1182 624 1193 651 r
1211 602 1279 670 Quae
1293 603 1378 657 verba
1394 601 1539 657 testimonii
1554 617 1571 657 a
1584 618 1614 656 se
1629 601 1655 655 in
1672 600 1777 673 scripto
1814 608 1817 613 '

977 705 1027 745 suo
1041 691 1122 762 positi
1136 691 1159 745 si
1174 691 1336 759 attenderet,
1358 690 1433 745 illam
1453 689 1635 761 perniciosam
1658 704 1777 745 excom-

976 778 1186 833 municationem
1199 779 1233 832 ad
1247 778 1429 848 perditionem
1449 777 1604 843 multorum,
1629 792 1700 849 quos
1722 793 1777 833 non

975 866 1142 938 perdendos,
1165 865 1213 920 sed
1233 866 1411 937 corrigendos
1432 866 1621 937 curandosque
1643 866 1776 937 suscepit,

976 954 1110 1009 intentare
1132 969 1303 1026 nequaquam
1324 961 1510 1025 praesumeret.
1528 953 1588 1022 Quo
1612 961 1710 1009 contra
1726 953 1778 1008 Sa-

977 1041 1070 1098 lomon
1085 1042 1164 1098 dicit:
1175 1043 1253 1098 Sicut
1269 1043 1353 1114 spina
1367 1044 1397 1097 in
1409 1059 1498 1097 mana
1513 1043 1664 1098 temulenti
1676 1061 1686 1097 .·
1698 1043 1739 1097 aic
1750 1046 1779 1096 at

977 1133 1009 1187 ira
1019 1146 1065 1186 ore
1075 1131 1299 1202 staltiparahola
1314 1130 1404 1199 (Prov.
1417 1132 1468 1201 xx).
1487 1131 1521 1185 Ut
1531 1129 1601 1184 enim
1613 1129 1780 1184 temulentus

978 1219 1086 1289 apinam
1100 1218 1127 1272 in
1146 1234 1230 1273 manu
1249 1234 1347 1290 gerens
1373 1217 1493 1287 seipsum
1511 1217 1636 1273 vulnerat
1651 1237 1658 1284 3
1675 1218 1715 1272 ita
1733 1217 1780 1289 qui

978 1306 1101 1362 incautus
1123 1314 1165 1360 est
1187 1306 1413 1377 adloquendum,
1436 1305 1568 1360 sententia
1591 1320 1642 1360 aua
1666 1320 1698 1360 se
1712 1321 1780 1376 per-

978 1394 1052 1450 cutit.
1064 1395 1099 1449 Et
1108 1393 1173 1448 item
1183 1394 1210 1448 in
1221 1395 1318 1449 eodem
1332 1394 1486 1466 testimonio
1497 1393 1592 1448 beatus
1609 1392 1782 1466 Augustinus

978 1482 1066 1536 dicit:
1086 1503 1097 1531 r
1120 1482 1158 1535 lta
1183 1481 1264 1536 etiam
1287 1488 1328 1535 est
1351 1481 1417 1536 ratio
1440 1480 1638 1548 dissimulandi,
1662 1488 1691 1535 et
1713 1479 1782 1535 tole·

979 1569 1054 1623 randi
1073 1568 1160 1623 malos
1178 1569 1207 1622 in
1226 1569 1366 1624 Ecclesia:
1384 1576 1411 1623 et
1426 1576 1467 1623 est
1485 1584 1580 1623 rursus
1601 1568 1672 1622 ratio
1693 1568 1780 1623 casti-

128 1655 281 1711 constitutis
301 1675 311 1722 ;
336 1656 467 1710 sententia
490 1654 651 1726 prefigitur,
682 1657 726 1711 vel
749 1655 860 1727 praesrxa
889 1663 928 1710 est
942 1656 1073 1743 Bgandi,
1086 1655 1251 1728 corrigendi,
1264 1672 1317 1711 non
1329 1656 1498 1721 admittendi,
1509 1654 1782 1711 velacommunione

131 1757 240 1813 semper
258 1743 354 1798 errori.
371 1742 438 1811 Quae
463 1743 595 1798 sententia
612 1744 775 1799 huicerrori
798 1742 927 1814 praefixa,
980 1744 1147 1799 removendi.
1178 1745 1275 1797 Errant
1298 1751 1388 1798 autem
1414 1742 1538 1798 homines
1562 1759 1617 1797 non
1639 1752 1783 1798 servantes

131 1846 271 1902 nunquam
290 1830 400 1886 omnino
425 1830 584 1886 resolvetur.
603 1852 615 1881 ι
634 1831 695 1899 Qua
706 1832 740 1886 de
764 1847 793 1886 re
809 1831 873 1902 quid
889 1837 931 1885 est
979 1832 1111 1898 modurn,
1127 1839 1153 1885 et
1168 1846 1230 1886 cum
1245 1832 1272 1885 in
1291 1846 1373 1886 unam
1388 1839 1492 1902 partem
1514 1831 1650 1902 proclives
1664 1831 1708 1886 ire
1723 1847 1783 1887 coe-

133 1918 212 1974 nobis
227 1919 373 1989 agendum,
390 1918 452 1973 misi
472 1919 604 1973 intremus
619 1920 692 1990 apud
707 1919 780 1973 illum
803 1919 832 1972 in
846 1919 929 1973 scho-
979 1919 1079 1990 perint,
1095 1934 1150 1995 non
1161 1918 1312 1990 respiciunt
1333 1919 1432 1974 divinae
1451 1919 1617 1974 auctoritatis
1632 1918 1688 1974 alia
1702 1919 1783 1974 testi-

132 2004 195 2073 lam,
213 2014 239 2062 et
253 2021 303 2062 nos
326 2006 479 2078 magistrali
502 2006 587 2061 lerula
610 2008 716 2074 doceat,
743 2007 814 2078 quod
838 2006 930 2061 Patres
979 2007 1079 2072 monia,
1102 2007 1199 2078 quibus
1219 2014 1333 2077 possunt
1352 2008 1385 2061 ab
1407 2007 1453 2061 illa
1475 2006 1623 2061 intentione
1642 2007 1781 2075 revocari,

134 2094 180 2165 qui
193 2093 220 2148 in
237 2095 377 2149 Nicaenum
396 2094 540 2150 concilium
564 2102 760 2161 convenerunt,
773 2103 800 2149 et
813 2110 931 2150 canones

133 2181 228 2253 spiritu
251 2181 301 2238 llei
322 2183 457 2251 conditos,
482 2198 682 2254 mansurasque
705 2183 835 2253 usquein
849 2181 930 2236 finem

133 2269 227 2326 saeculi
249 2270 327 2342 leges
345 2269 546 2340 prefixerunt‘l
566 2270 621 2324 Sed
645 2276 671 2324 et
693 2269 813 2340 episcopi
834 2268 932 2324 Atricae

133 2357 291 2428 provincia,
308 2358 378 2412 inter
402 2374 471 2429 quos
486 2365 511 2413 et
526 2357 726 2412 famosissimus
751 2356 930 2429 Augustinus,

134 2459 190 2499 non
203 2459 287 2515 parva
302 2444 400 2499 Christi
413 2445 510 2516 portio,
527 2453 553 2500 et
563 2444 694 2501 Ecclesiae
704 2445 842 2500 catholica
852 2445 932 2498 insti-

135 2532 213 2599 tutio,
229 2540 309 2603 atqrre
322 2531 454 2601 delensIo,
479 2533 588 2599 exstitit,
611 2533 773 2601 nescierunt,
799 2533 842 2588 vel
857 2533 933 2587 obliti

134 2617 267 2676 fuerunt?
281 2620 336 2675 Sed
351 2628 377 2675 et
398 2615 523 2691 Sinicius,
548 2621 730 2688 Innocentius,
759 2620 931 2683 Coelestinus,

136 2708 232 2764 etheo
247 2707 387 2778 percipere
401 2725 455 2764 non
471 2710 639 2780 potuerunt?
654 2710 845 2764 Verumtamen
870 2708 934 2779 quia

137 2795 217 2850 nobis
232 2795 267 2851 da
280 2796 332 2851 hac
347 2810 431 2851 causa
452 2796 549 2851 sufficit
570 2804 717 2863 tantorum,
738 2811 851 2867 quorum
875 2796 933 2850 for-

137 2897 210 2936 mam
233 2881 423 2952 praemisimus,
449 2883 581 2938 catholica
595 2890 622 2938 et
642 2883 767 2937 salutaris
786 2883 932 2949 doctrina,

135 2969 180 3026 cui
194 2984 227 3023 ex
243 2969 390 3039 superlluo,
414 2969 458 3024 vel
472 2970 562 3040 potius
585 2986 619 3024 ex
644 2970 770 3041 angustia
793 2970 932 3040 quiddam,

981 2102 1006 2150 et
1022 2095 1049 2148 in
1064 2110 1096 2150 ea
1111 2111 1170 2165 quae
1182 2110 1215 2150 ex
1235 2094 1358 2165 utrisque
1377 2102 1526 2165 temperata
1544 2102 1595 2161 est,
1620 2094 1736 2149 veritate
1756 2103 1784 2148 et

982 2183 1168 2237 moderatione
1192 2182 1376 2237 consistere»
1394 2185 1427 2237 Et
1450 2183 1472 2235 si
1492 2182 1562 2237 hanc
1585 2181 1782 2237 discretionem

982 2270 1148 2341 corripiendi
1164 2277 1190 2323 et
1205 2269 1467 2337 excommunicandi,
1484 2277 1530 2324 aut
1548 2269 1741 2323 dissimulandi
1756 2277 1784 2325 et

982 2357 1116 2412 tolerandi
1130 2359 1216 2412 malos
1230 2358 1257 2411 in
1267 2357 1399 2423 Ecclesia,
1411 2373 1493 2428 quam
1508 2358 1602 2412 beatus
1613 2357 1784 2429 Augustinus

983 2445 1057 2510 dixit,
1080 2452 1106 2499 et
1130 2461 1162 2500 ex
1191 2445 1283 2500 verbis
1311 2445 1381 2501 sacri
1409 2445 1510 2515 eloquii
1537 2444 1706 2499 ratissimam
1731 2445 1783 2499 de-

983 2533 1152 2598 monstravit,
1169 2531 1252 2587 srater
1272 2532 1435 2587 llincmarus
1453 2533 1596 2588 attendens
1610 2549 1625 2586 a
1639 2540 1784 2602 metropo-

982 2620 1065 2675 litano
1080 2636 1131 2675 suo
1146 2621 1230 2674 semel
1246 2627 1272 2673 et
1289 2621 1408 2676 racundo
1427 2636 1460 2674 ex
1479 2620 1637 2693 evangelica
1656 2620 1784 2686 veritate,

984 2715 1011 2762 et
1023 2707 1172 2778 apostolica
1193 2716 1273 2779 atque
1289 2709 1421 2764 canonica
1439 2709 1608 2778 auctoritate,
1624 2715 1650 2763 et
1664 2707 1786 2764 decretis

983 2797 1139 2866 apostolicae
1159 2796 1232 2851 sedis
1253 2797 1441 2864 commonitus,
1457 2805 1486 2851 ut
1500 2797 1622 2852 eamdem
1643 2796 1785 2867 pernicia·

985 2899 1043 2939 sam
1071 2885 1377 2940 excommunicationem
1404 2884 1565 2950 resolveret,
1594 2885 1622 2939 in
1650 2884 1786 2954 pertinaci

985 2972 1154 3028 contumacia
1170 2988 1221 3027 sua
1235 2972 1262 3026 in
1277 2989 1354 3027 suum
1375 2972 1526 3043 periculum
1539 2987 1593 3028 non
1611 2971 1785 3044 persisteret.

139 3055 217 3127 quasi
231 3055 439 3126 dissimulando,
456 3058 641 3127 superaddere
655 3058 740 3113 voluit
753 3074 784 3113 ac
798 3074 934 3128 praesum-
950 3029 974 3090 C
1021 3061 1120 3115 Contra
1135 3060 1211 3128 euius
1226 3060 1445 3129 inobedientiam,
1467 3060 1512 3132 qui
1526 3060 1601 3129 mihi,
1619 3075 1669 3115 suo
1684 3068 1789 3115 metro·

137 3145 211 3216 psit;
228 3144 355 3217 quoniam
371 3160 434 3199 eum
453 3145 628 3216 repercussit,
645 3152 736 3202 contra
752 3162 831 3216 quam
845 3145 873 3199 in
888 3161 935 3200 sua

138 3232 294 3305 perniciosa
308 3233 585 3291 excommunicatione
607 3249 691 3307 agere
706 3249 760 3289 non
775 3234 910 3304 pertimuit
927 3251 934 3288 ι

140 3329 167 3378 et
180 3322 243 3378 ideo
264 3322 307 3377 sui
329 3337 484 3391 consensus,
503 3322 606 3378 litteras
619 3323 648 3377 in
661 3322 826 3394 praescriptis
850 3335 936 3378 cano-

139 3424 206 3466 num
220 3417 247 3466 et
260 3411 431 3466 decretomm
453 3410 695 3480 apostolicaesedis
708 3408 867 3480 pontificum
882 3408 936 3463 dil·

141 3495 309 3553 finitionibus
323 3501 430 3553 mittere
453 3498 520 3553 mibi
534 3513 615 3553 ausus
636 3497 763 3553 nonfuit.
781 3498 815 3551 Et
838 3498 937 3553 accidit

141 3584 208 3641 illud
224 3586 297 3659 quod
318 3586 449 3658 scriptum
471 3595 530 3642 ast:
547 3586 599 3655 Qui
614 3585 714 3658 lugerit
736 3599 813 3641 arma
836 3586 936 3652 terrea,

140 3673 223 3729 irruet
237 3673 265 3729 in
281 3688 374 3730 arcum
387 3691 501 3731 aereum.
521 3675 592 3730 llum
606 3675 679 3730 enim
695 3675 779 3730 vitare
793 3674 887 3741 voluit,
903 3689 938 3729 ne

142 3770 237 3820 contra
252 3779 308 3818 suae
322 3762 482 3834 perniciosae
501 3762 787 3819 excommunicationis
802 3777 937 3831 praesum-

141 3850 264 3921 ptionem
278 3851 306 3905 in
321 3865 456 3906 consensu
480 3850 531 3904 sibi
549 3851 678 3906 mandato
693 3865 709 3905 a
724 3866 777 3914 me,
795 3849 936 3919 scriberet,

142 3944 169 3992 et
183 3938 217 3992 de
230 3938 291 4008 ipsa
304 3938 517 4008 praesumptione
528 3937 627 3993 illicitae
642 3937 935 4003 excommunicationis,

144 4031 170 4078 et
192 4023 226 4080 de
249 4031 403 4094 contempto
424 4023 568 4097 privilegio
593 4041 650 4080 suae
669 4024 837 4095 metropolis,
859 4032 885 4078 et
903 4025 938 4079 de

985 3147 1115 3218 politano,
1133 3149 1235 3203 litteras
1255 3149 1297 3203 sui
1311 3164 1344 3203 ex
1357 3150 1409 3204 hac
1424 3164 1505 3203 causa
1524 3164 1675 3205 consensus
1690 3158 1789 3205 contu-

985 3237 1100 3291 maciter
1109 3235 1216 3291 mittere
1233 3236 1376 3306 recusavit,
1388 3237 1451 3308 quid
1460 3253 1544 3292 sacrae
1557 3236 1634 3308 leges
1643 3243 1670 3291 et
1681 3237 1789 3307 regulae

986 3324 1087 3390 dicant,
1112 3325 1272 3397 subjungam
1285 3342 1290 3379 :
1303 3325 1438 3380 Honorius
1457 3333 1483 3380 et
1501 3324 1670 3379 Theodosius
1693 3327 1786 3399 augg.

987 3413 1014 3467 in
1036 3412 1116 3483 legali
1141 3413 1213 3468 edito
1237 3428 1295 3478 suo,
1321 3413 1424 3468 directo
1446 3411 1553 3467 Aurelio
1574 3412 1789 3483 Carthaginensi

987 3499 1203 3570 archiepiscopo,
1216 3500 1406 3565 decreverunt,
1436 3499 1557 3555 dicentes
1570 3517 1576 3553 :
1595 3499 1726 3574 «Religio
1738 3501 1789 3554 ita-

988 3605 1041 3660 que
1056 3595 1100 3642 tua
1113 3588 1328 3659 competentibus
1350 3588 1464 3658 scriptos
1483 3587 1625 3642 universos
1640 3587 1789 3659 episcopos

988 3676 1069 3731 faciat
1083 3674 1232 3743 admoneri,
1250 3675 1363 3730 scituros
1383 3674 1541 3730 diffinitione
1562 3676 1737 3730 sanctimonii
1750 3677 1790 3731 tui

988 3764 1058 3818 hanc
1072 3764 1123 3817 sibi
1144 3763 1330 3818 diffinitionem
1353 3778 1415 3819 esse
1434 3763 1607 3833 procriptam,
1623 3771 1653 3818 ut
1667 3764 1788 3836 quicun-

989 3867 1042 3922 que
1070 3851 1234 3906 damnationi
1258 3867 1340 3922 supra
1367 3859 1588 3917 memoratomm,
1619 3868 1673 3923 quo
1699 3859 1788 3923 pateat

988 3954 1066 3994 mens
1079 3953 1157 4008 pura,
1173 3939 1341 3995 subscribere
1360 3939 1444 4009 impia
1457 3939 1638 3995 obstinatione
1652 3940 1788 4013 neglexe-

988 4026 1051 4094 rint,
1082 4026 1253 4098 episcopatus
1274 4026 1421 4091 amissione
1445 4026 1557 4095 multati,
1589 4026 1738 4083 interdicta
1761 4029 1787 4083 in

120 4185 121 4188 Ἴ
143 4109 329 4166 inobedientia
346 4120 439 4168 contra
457 4127 536 4167 suam
555 4112 751 4183 professionem
770 4119 797 4168 et
816 4112 938 4168 subscri·
987 4122 1159 4185 perpetuum,
1176 4113 1283 4185 expulsi
1296 4114 1459 4184 civitatibus,
1472 4114 1663 4170 communione
1677 4115 1789 4186 priven-

141 4198 271 4271 ptionem,
286 4199 315 4256 in
327 4200 458 4269 judicium
478 4216 620 4256 sacrarum
637 4202 739 4274 legum,
759 4208 786 4257 et
804 4216 937 4256 canonum
989 4209 1038 4256 tur.
1059 4218 1069 4250 a
1086 4203 1119 4255 Et
1137 4202 1218 4271 paulo
1237 4209 1321 4272 post:
1341 4203 1422 4258 «Una
1442 4202 1514 4257 enim
1536 4202 1690 4274 eademque
1710 4204 1787 4275 culpa

143 4296 171 4345 ct
184 4289 520 4359 decretorumapostolicae
541 4289 614 4344 aedis
629 4288 786 4360 pontificum
800 4288 886 4344 irruit.
904 4288 939 4343 Et
991 4297 1032 4344 est
1052 4305 1147 4345 eorum
1167 4290 1213 4361 qui
1237 4297 1282 4344 aut
1303 4289 1499 4345 dissimulando
1522 4289 1720 4358 cohibentiam,
1746 4299 1789 4347 aut

141 4383 169 4433 ut
184 4384 311 4435 statuerat
332 4393 408 4433 suam
431 4377 603 4447 sententiam,
622 4378 712 4448 posuit
731 4377 758 4431 in
774 4377 870 4432 eodem
889 4392 938 4432 auo
952 4372 1044 4432 Dnon
1062 4377 1216 4431 damnando
1238 4376 1359 4432 favorem
1379 4379 1489 4433 noxium
1509 4377 1709 4448 prestiterunt.
1729 4401 1740 4430 ι
1758 4381 1787 4435 Et

141 4466 243 4538 scripto
265 4467 449 4522 testimouium
471 4475 567 4522 contra
582 4482 611 4521 se
635 4466 706 4520 beati
737 4465 879 4537 Augustini
906 4481 939 4520 ex
988 4464 1050 4520 hinc
1060 4465 1087 4519 S.
1106 4464 1257 4536 Gregorius
1272 4465 1306 4519 ad
1323 4465 1439 4528 Felicem
1459 4465 1618 4535 episcopum
1635 4466 1788 4524 inSardica

141 4552 211 4610 libro
227 4555 262 4612 de
277 4553 331 4610 lide
344 4564 370 4609 et
384 4555 522 4625 operibus,
534 4555 570 4609 de
584 4553 746 4609 discretione
759 4553 940 4623 correptionis
988 4553 1048 4622 (lib.
1064 4567 1103 4619 xv,
1119 4553 1201 4623 epist.
1214 4551 1241 4622 7)
1254 4569 1285 4604 τι
1302 4551 1432 4619 Qualiter,
1449 4552 1545 4623 inquit,
1562 4553 1734 4623 obedientia,
1750 4554 1790 4611 vel

143 4651 170 4700 et
198 4642 483 4700 excommunicationis
503 4661 511 4708 ;
534 4648 561 4696 et
588 4641 665 4712 quasi
693 4640 801 4711 lugiens
829 4656 845 4695 a
872 4639 940 4696 facie
989 4640 1023 4695 sit
1035 4639 1188 4694 reverentia
1201 4639 1354 4709 praepositis
1375 4639 1537 4708 exhibenda,
1553 4656 1586 4694 ex
1602 4641 1658 4695 tuis
1681 4658 1791 4715 quoquc

142 4729 239 4796 leonis,
263 4730 339 4786 irruit
361 4745 453 4784 ursum
477 4749 484 4796 ;
505 4736 531 4784 et
549 4730 578 4783 in
598 4728 679 4784 domo
703 4728 808 4783 innisus
830 4729 938 4799 parieti,
989 4728 1116 4796 subjectis
1132 4728 1189 4798 ipse
1199 4741 1253 4782 non
1267 4727 1393 4799 ambigis.
1411 4729 1440 4780 ln
1448 4742 1500 4799 qua
1514 4743 1544 4782 re
1561 4726 1643 4784 valde
1658 4739 1702 4785 est
1717 4732 1798 4799 utile,

143 4818 289 4873 momordit
304 4833 368 4873 aum
382 4817 505 4873 coluber.
523 4817 553 4871 ld
568 4823 618 4882 est,
643 4815 825 4871 testimonium
846 4824 940 4872 eontra
989 4815 1012 4870 si
1027 4815 1054 4869 id
1068 4815 1140 4886 quod
1158 4814 1309 4885 disciplinae
1330 4815 1408 4885 vigor
1430 4815 1552 4884 imponit,
1573 4814 1650 4871 nullo
1675 4827 1802 4891 cogente

144 4920 205 4960 sea
224 4921 254 4960 se
276 4905 336 4977 ipso
352 4906 380 4959 in
405 4905 508 4975 scripto
531 4919 580 4959 suo
601 4905 720 4975 positum
746 4920 778 4959 ex
800 4903 940 4974 seripturis
988 4902 1125 4958 humilitas
1139 4902 1276 4956 laudanda
1294 4901 1452 4957 servaverit.
1471 4902 1594 4957 Pervenit
1608 4904 1647 4958 ad
1662 4921 1717 4961 nos
1742 4908 1799 4962 ita·

143 4991 226 5060 illius,
242 4992 288 5064 qui
302 4992 433 5048 exaltatus
453 5001 480 5047 et
494 4992 521 5046 in
536 5007 628 5059 cruce,
655 4992 725 5048 sicut
742 4993 850 5064 Moyses
863 4991 940 5046 exal·
989 5008 1041 5063 que
1057 4990 1129 5061 quod
1143 4990 1295 5044 fraternitas
1310 4999 1355 5044 tua
1365 4990 1461 5044 loanni
1476 4989 1553 5045 tratri
1569 4999 1677 5058 nostro,
1695 4995 1809 5064 primas

143 5081 208 5138 tavit
227 5089 381 5152 serpentem
401 5081 429 5135 in
450 5080 569 5136 deserto.
589 5101 600 5130 ι
621 5081 682 5135 Non
705 5088 755 5146 est,
777 5079 864 5151 inquit
882 5084 940 5135 hu·
989 5078 1146 5133 Iustiniana
1165 5078 1294 5148 episcopo
1316 5078 1464 5133 secundum
1486 5092 1590 5135 morem
1614 5081 1811 5138 constitutum

144 5170 269 5244 gostinus
283 5169 311 5225 in
332 5168 487 5225 testimonio
507 5168 542 5222 ab
561 5168 704 5224 llincmaro
724 5168 813 5238 posito
835 5169 893 5238 (lib.
908 5167 941 5222 da
990 5167 1039 5239 [cl.
1056 5168 1132 5222 abest
1147 5165 1331 5237 constitutum]
1354 5181 1452 5236 parere
1471 5165 1612 5236 despiciat,
1631 5175 1659 5222 et
1673 5185 1730 5227 nec
1746 5172 1808 5226 de*

144 5259 209 5313 Fide
220 5262 247 5313 at
262 5255 411 5329 operibat),
428 5255 580 5312 contrarius
591 5255 729 5326 apostolus
739 5255 865 5323 Domino,
877 5255 941 5326 quia
991 5261 1066 5310 creto
1081 5254 1148 5322 ejus,
1164 5268 1215 5307 nec
1235 5253 1364 5308 relatione
1379 5252 1440 5324 lat,
1453 5253 1575 5310 relationi
1590 5270 1673 5324 quam
1689 5259 1728 5311 ad
1745 5272 1809 5314 nos

144 5343 210 5399 dixit
227 5361 233 5397 :
250 5345 398 5401 Peccantes
414 5359 507 5400 coram
522 5343 647 5398 omnibus
662 5359 756 5414 argue,
768 5351 797 5399 ut
812 5351 836 5398 et
852 5342 941 5397 caeteri
990 5340 1097 5412 direxit]
1110 5342 1184 5410 juxta
1203 5341 1437 5409 consuetudinem,
1457 5341 1587 5397 voluisset
1600 5342 1799 5402 subscribere.

143 5440 268 5496 timorem
282 5443 400 5499 habeant
420 5460 426 5496 :
444 5456 505 5498 cum
525 5439 570 5497 ille
585 5439 667 5505 dicat,
684 5439 792 5510 corripe
814 5455 876 5495 eum
896 5439 941 5493 in-
991 5438 1070 5507 Quod
1085 5438 1108 5492 ai
1123 5438 1157 5493 ita
1172 5446 1223 5508 est,
1244 5438 1442 5504 contristamur,
1468 5439 1531 5511 quia
1555 5439 1693 5508 superbiae
1717 5443 1754 5498 de
1770 5453 1800 5500 tc
