3826 6098
159 217 228 272 ιιι
364 219 369 226 ’
519 214 641 273 ornsc.
663 213 710 272 nr
730 214 843 272 nrrsr.
872 215 910 271 nv
935 170 1049 273 cxusx
1074 215 1249 274 amonim
1276 210 1431 278 nemun.
1789 223 1842 281 sca

166 340 288 413 synodi
304 349 330 398 et
345 354 461 396 anorum
488 347 645 403 sanctorum
654 354 773 396 canones
788 338 880 407 editis,
900 339 987 395 colle·
1001 341 1122 414 Asgere
1145 357 1266 413 possem,
1291 350 1318 397 et
1342 342 1398 409 illa,
1424 360 1485 416 quai
1505 326 1559 399 tibi
1576 358 1610 400 ac
1630 343 1768 416 parochia
1789 352 1842 401 tuas

163 430 260 503 gisti.
275 431 307 486 ln
315 429 412 502 quibus
420 428 571 485 sententias
582 428 653 484 inter
668 443 698 483 se
710 427 848 494 dissonas,
857 434 883 482 et
894 436 991 484 contra
1041 437 1135 485 contra
1145 430 1334 503 colligationes
1349 439 1401 487 tuae
1411 431 1559 503 impietatis
1571 431 1735 499 direxeram,
1747 446 1841 489 coram

162 517 378 591 evangelicam
408 524 435 573 et
462 516 643 589 apostolicam
669 524 751 588 atque
781 516 939 572 canonicam
963 524 990 571 et
1038 516 1092 572 illis
1115 518 1201 591 relegi
1222 517 1284 574 feci.
1311 520 1389 576 Unde
1412 528 1438 575 ct
1452 520 1487 574 ab
1502 520 1607 576 eisdem
1622 519 1759 591 episcopis
1769 535 1839 591 prae·

161 606 347 676 apostolicae
363 604 638 663 sedisauotoritatem
648 604 828 670 immiscuisti,
858 613 885 659 et
900 604 989 660 eidem
1038 604 1117 660 dictis
1139 606 1209 662 sacri
1230 615 1379 662 conventus
1403 609 1621 678 auctoritatibus,
1649 607 1778 680 quoniam
1791 607 1838 664 in-

160 694 292 762 libello,
310 694 368 750 sine
392 693 593 765 metropolitani
608 700 634 749 et
662 693 891 765 coepiscoporum
912 693 987 748 lthe-
1034 692 1106 760 juste
1128 709 1160 749 ac
1179 693 1372 767 irregulariter
1388 704 1476 752 tantas
1487 705 1514 752 et
1527 697 1597 752 tales
1612 694 1833 752 excommunica·

159 783 291 838 mensis
306 782 454 854 provinciae
469 782 633 837 conscientia
643 798 675 838 ac
695 797 841 848 consensu,
867 781 987 837 subscri·
1037 775 1131 835 tiones‘
1146 796 1230 852 agere
1253 783 1460 854 praesumpsisti,
1478 792 1504 839 et
1517 800 1533 838 a
1546 783 1648 839 domno
1664 799 1731 857 rege
1746 781 1835 855 impe·

159 870 275 942 psisti,
294 879 351 927 eta
375 869 480 927 clericis
495 869 628 926 Ecclesiae
644 877 696 925 tuae
723 877 752 925 et
776 887 791 924 a
815 869 986 941 parochianis
1036 868 1109 937 titus,
1126 869 1255 940 quoniam
1267 871 1421 939 iuramenta
1436 872 1475 951 illi
1489 888 1506 927 a
1520 879 1546 927 te
1561 888 1643 943 super
1666 886 1745 928 sacra
1759 886 1834 943 prro·

155 959 355 1032 presbyteris
369 958 505 1015 subscribi
520 958 618 1025 fecisti,
629 959 724 1014 volens
746 966 798 1013 tea
817 958 985 1029 subjectione
1035 956 1097 1010 stite
1112 973 1167 1012 non
1177 957 1342 1028 observasti,
1354 961 1403 1014 sed
1419 967 1445 1015 et
1455 960 1518 1032 quia
1534 977 1579 1015 res
1587 976 1643 1014 sira
1658 957 1834 1030 proprietatis

149 1056 227 1104 tuae
258 1047 419 1119 metropolis
446 1053 557 1102 exutum
584 1054 732 1115 ostentare,
757 1054 783 1103 et
811 1045 984 1118 privilegium
1033 1052 1126 1100 contra
1140 1045 1219 1118 leges
1231 1046 1337 1101 divinas
1352 1054 1379 1102 et
1394 1049 1526 1103 humanas
1542 1047 1832 1115 invasisti,etaNort·

152 1136 400 1208 metropolitana
419 1135 493 1190 sedis
510 1134 652 1191 annulare.
679 1133 765 1204 Quasi
789 1150 844 1191 uon
874 1151 983 1206 possem
1033 1148 1132 1188 manno
1153 1134 1179 1187 iu
1195 1135 1300 1204 synodo
1315 1144 1467 1200 accusatus,
1481 1136 1609 1206 quoniam
1626 1152 1689 1191 eum
1699 1135 1733 1190 de
1749 1135 1832 1191 rebus

155 1224 334 1296 impietatis
354 1223 616 1296 tuae'colligationes
649 1223 778 1278 canonica
811 1222 980 1291 auctoritate,
1032 1229 1076 1275 tua
1100 1223 1279 1277 concessione
1293 1231 1374 1293 atque
1390 1223 1570 1279 consensione
1584 1241 1599 1277 a
1614 1223 1715 1278 domno
1732 1221 1833 1278 Carolo

156 1312 239 1367 sine
253 1320 447 1369 tuoconsensu
461 1326 492 1367 ac
507 1311 565 1366 sine
582 1311 705 1383 synodali
725 1318 859 1368 conventu
884 1310 912 1365 in
933 1327 982 1382 pa·
1032 1309 1083 1364 sibi
1105 1309 1280 1377 beneficiatis,
1304 1310 1363 1366 sine
1384 1311 1544 1367 auctoritate
1564 1312 1649 1384 regia,
1665 1309 1828 1367 armatami·

155 1401 279 1456 rochia
299 1407 347 1457 tuo
365 1399 525 1466 dissolvere,
550 1414 612 1455 curn
629 1400 664 1455 de
688 1399 769 1456 certis
790 1407 816 1454 et
829 1397 982 1455 manifestis
1030 1397 1102 1453 litari
1125 1415 1216 1466 manu,
1240 1407 1267 1454 et
1288 1399 1368 1454 turba
1391 1400 1465 1470 vulgi
1480 1399 1597 1455 collecta
1609 1415 1671 1455 cum
1685 1397 1786 1473 gladiis
1800 1406 1828 1455 et

154 1489 281 1557 causis,
312 1504 372 1561 qua
397 1487 424 1543 in
439 1488 514 1543 nullo
528 1487 608 1542 nobis
623 1487 780 1543 suntdubia
795 1486 838 1543 vel
853 1487 979 1554 obscura,
1030 1486 1155 1555 fustibus,
1178 1487 1296 1558 primum
1320 1488 1431 1560 quidem
1463 1504 1576 1543 uxorem
1598 1503 1673 1542 suam
1697 1504 1759 1561 quae
1780 1487 1828 1545 tibi

153 1586 194 1633 et
211 1578 255 1634 de
272 1576 373 1650 quibus
383 1576 499 1632 finitivas
510 1575 669 1642 sententias,
682 1593 743 1647 quae
765 1575 793 1631 in
818 1576 893 1632 nulla
913 1592 980 1647 pos·
1030 1576 1089 1631 sine
1103 1576 1158 1631 ullo
1171 1584 1237 1646 erat,
1254 1583 1280 1631 et
1295 1585 1390 1647 postea
1405 1576 1481 1631 illurn
1501 1577 1593 1648 ipsum
1607 1583 1702 1632 contra
1713 1576 1792 1649 leges
1802 1584 1829 1632 et

153 1673 240 1721 sunt
256 1664 365 1722 ratione
375 1664 500 1732 convelli,
518 1679 535 1720 a
549 1664 780 1720 sanctisPatribus
793 1663 980 1737 promulgatas
993 1666 1141 1754 Bregulas
1164 1664 1298 1736 repulisti,
1316 1674 1343 1721 et
1357 1666 1449 1720 omnia
1464 1682 1513 1719 sua
1527 1681 1587 1737 quae
1599 1665 1637 1720 ibi
1651 1664 1746 1720 habuit
1761 1664 1829 1720 abs-

151 1754 323 1825 habemus,
349 1752 479 1825 synodale
510 1753 664 1809 consultum
686 1752 731 1808 vel
754 1753 980 1824 coepiscoporum
1030 1752 1123 1818 tulisti,
1154 1753 1204 1808 sed
1234 1761 1261 1808 ct
1286 1767 1302 1807 a
1336 1753 1389 1807 tuis
1409 1753 1563 1808 hominibus
1585 1761 1738 1817 accusatus,
1767 1752 1830 1826 quia

152 1850 281 1899 nostrae
294 1840 443 1914 provinciae
454 1841 597 1897 consilinm
617 1841 661 1896 vel
675 1856 839 1896 consensum
858 1857 914 1896 non
928 1840 979 1896 de·
1029 1850 1125 1897 contra
1148 1841 1226 1914 leges
1250 1840 1357 1896 divinas
1372 1849 1398 1896 et
1408 1841 1560 1896 mundanas
1576 1842 1616 1897 eis
1634 1856 1683 1896 sua
1694 1839 1831 1898 beneficia

150 1931 256 1987 bearn
271 1937 442 2003 exspectare,
459 1936 510 1984 eta
523 1928 627 2002 regulis
642 1929 808 2000 praestitutis,
825 1936 852 1983 ut
869 1936 978 1984 sanctus
1029 1928 1173 1996 abstulisti,
1190 1938 1218 1984 ut
1234 1929 1391 2000 synodalem
1402 1944 1546 1985 censuram
1570 1929 1711 1998 evaderes,
1730 1928 1830 1985 dedisti

150 2020 225 2077 Leo
237 2018 309 2076 dicit
320 2037 352 2074 :x
371 2016 446 2073 nulla
457 2024 502 2072 aut
514 2017 683 2090 negligentia
698 2025 744 2071 aut
766 2016 978 2088 presumptione
1029 2017 1089 2087 regi
1112 2017 1218 2073 etmihi
1232 2017 1261 2072 in
1282 2017 1379 2073 eadem
1400 2018 1504 2089 synodo
1525 2017 1704 2088 professionis
1721 2025 1774 2073 tuae
1794 2016 1829 2072 li·

149 2108 332 2176 discedere,
351 2122 403 2164 nec
426 2105 506 2162 etiam
531 2105 625 2161 sedem
649 2106 828 2178 apostolicam
849 2105 912 2162 inde
934 2105 978 2160 in·
1029 2105 1130 2161 bellum
1146 2105 1180 2160 dc
1202 2104 1324 2177 regulari
1348 2105 1504 2161 obedientia
1525 2114 1579 2172 tua,
1596 2105 1784 2178 quembabeo,
1801 2112 1829 2161 ct

144 2197 309 2270 quietare,
325 2195 395 2251 sicut
406 2193 491 2266 ipsius
507 2201 608 2250 sanctae
624 2195 699 2250 sedis
725 2194 795 2250 beati
823 2192 976 2266 pontifices,
1029 2200 1057 2248 tu
1072 2210 1174 2265 negare
1188 2210 1243 2249 non
1257 2201 1356 2265 potest,
1374 2194 1504 2266 quoniam
1518 2193 1606 2266 ipsius
1630 2192 1770 2265 exemplar
1789 2191 1826 2249 de

151 2283 363 2350 Innocentius,
391 2283 524 2353 Zosimus,
553 2283 726 2351 Coelestinus,
761 2283 823 2350 Leo,
859 2283 976 2348 Hilams,
1028 2299 1111 2338 manu
1124 2298 1185 2338 mea
1199 2283 1227 2338 in
1252 2284 1350 2339 eadem
1365 2283 1470 2355 synodo
1485 2283 1624 2354 accepisti,
1640 2282 1709 2338 sicut
1723 2281 1751 2337 in
1764 2295 1826 2354 pro·

147 2373 315 2440 Gelasius,
335 2371 500 2446 Gregorius,
516 2379 543 2426 et
558 2371 604 2426 alii
618 2371 713 2442 plures
728 2372 851 2441 ejusdem
876 2378 978 2427 sancta:
1028 2388 1108 2430 cessu
1131 2372 1301 2428 monstrabo.
1327 2371 1382 2427 Sed
1403 2380 1432 2426 ut
1453 2371 1495 2427 vir
1511 2371 1611 2443 duplex
1630 2370 1720 2426 animo
1737 2377 1765 2426 et
1781 2368 1827 2424 in·

145 2463 243 2520 sedis
259 2468 383 2518 rectores
397 2460 425 2515 in
438 2459 560 2516 decretis
575 2459 631 2514 suis
656 2459 811 2529 ostendunt,
833 2467 889 2515 »et
909 2459 977 2515 reli·
1028 2468 1157 2517 constans
1172 2460 1199 2516 in
1224 2460 1350 2516 omnibus
1372 2459 1423 2515 viis
1445 2460 1507 2528 tuis,
1532 2460 1623 2515 statim
1656 2458 1685 2514 in
1709 2457 1827 2516 crastina

147 2566 232 2624 qua.
252 2550 324 2605 ltem
338 2548 409 2605 datis
423 2548 628 2605 auctoritatibus
651 2547 753 2603 Gelasii
778 2564 866 2620 papa.
890 2548 977 2604 »Post
1027 2550 1127 2606 misisti
1144 2549 1211 2604 mibi
1229 2565 1280 2620 per
1293 2549 1451 2615 Arduicum,
1477 2548 1663 2604 venerabilem
1678 2547 1824 2604 Vesontio·

144 2638 278 2712 praei'ati
293 2637 421 2710 denique,
437 2636 533 2710 inquit,
548 2637 712 2692 monstruosi
723 2635 817 2702 libelli,
833 2643 976 2692 aternan-
1026 2653 1140 2695 nensam
1160 2638 1328 2709 episcopum,
1355 2637 1391 2692 ad
1411 2636 1594 2708 profitendum
1609 2643 1634 2691 et
1649 2635 1824 2694 subscriben-

150 2735 283 2784 struose
307 2726 424 2794 collecti,
450 2735 525 2781 tuam
544 2732 708 2798 tuorumque
738 2724 975 2795 subscriptionem,
1027 2727 1091 2781 dum
1114 2726 1172 2790 tibi,
1196 2726 1365 2782 breviculum
1386 2725 1423 2779 ita
1447 2742 1476 2780 se
1505 2724 1668 2781 habentem:
1687 2747 1698 2772 ιι
1715 2724 1817 2797 Etego

142 2816 273 2873 litteris
286 2830 405 2889 quarum
416 2815 559 2887 exemplar
570 2814 758 2869 habeodenuo
773 2821 800 2868 te
821 2812 976 2869 commonui
1030 2837 1040 2866 ι
1059 2814 1221 2870 Hincmarus
1243 2814 1409 2870 Rhemorum
1432 2813 1656 2884 archiepiscopus
1675 2811 1726 2867 tibi
1741 2811 1824 2868 llinc-

143 2915 186 2962 ut
203 2921 244 2961 ea
260 2903 520 2977 qnae1inparochia
536 2910 581 2958 tua
601 2910 695 2959 contra
724 2901 855 2957 rationem
883 2909 910 2957 et
924 2917 975 2956 au·
1028 2926 1039 2950 ιι
1057 2918 1133 2958 maro
1156 2902 1330 2958 laudunensi
1352 2901 1481 2973 episcopo
1507 2910 1581 2956 tuum
1596 2901 1717 2957 debitum
1738 2899 1825 2957 sacris

139 2994 324 3050 ctoritatem
339 3007 450 3066 egeras,
468 2991 592 3047 studeres
615 2990 774 3062 corrigere:
791 2991 841 3046 sed
857 2989 976 3045 admoni-
1029 3016 1040 3038 ιι
1059 2991 1210 3048 canonibus
1230 2991 1404 3064 privilegium
1428 2990 1606 3056 conservabo,
1618 2998 1646 3047 et
1659 2990 1686 3045 in
1706 2988 1820 3062 quibus·

142 3082 232 3139 tioni
246 3097 321 3138 meae
330 3096 386 3137 non
397 3080 520 3152 paruisti.
537 3079 643 3136 Deinde
657 3096 689 3135 ex
705 3078 824 3150 praefatis
849 3079 973 3151 epistolis
1028 3104 1039 3128 ι
1059 3097 1166 3152 cunque
1191 3080 1383 3136 ecclesiasticis
1403 3080 1521 3152 negotiis
1547 3078 1710 3152 indigueris,
1723 3093 1824 3135 secun·

138 3171 300 3230 Romane
313 3170 387 3226 sedis
395 3169 562 3242 pontificum,
576 3176 638 3224 ante
662 3168 803 3224 Nicaenam
840 3168 975 3240 synodum
1027 3170 1120 3224 «dum
1145 3185 1236 3224 sacras
1258 3167 1370 3241 regulas
1393 3167 1512 3223 debitum
1528 3167 1576 3222 tibi
1588 3168 1650 3237 jure
1663 3166 1824 3235 adiutorium

137 3259 290 3331 scriptis,
308 3258 465 3314 libelluma
495 3265 521 3313 te
546 3257 703 3323 collectum,
733 3265 760 3311 et
783 3256 926 3312 versiculis
947 3256 973 3310 in
1027 3282 1037 3304 ιι
1054 3257 1279 3328 archiepiscopali
1294 3256 1453 3312 auctoritate
1469 3255 1615 3311 adhibebo.
1630 3276 1641 3305 r
1659 3254 1725 3324 Quae
1739 3268 1824 3310 causa

135 3346 276 3403 nornine
300 3343 394 3400 domni
423 3345 506 3419 regis
536 3344 625 3403 Caroli
653 3344 796 3411 titulatum,
823 3361 873 3415 per
892 3360 973 3400 vene·
1024 3356 1078 3396 non
1094 3341 1181 3395 solnm
1196 3355 1251 3395 non
1269 3340 1303 3395 de
1318 3339 1422 3404 humili,
1439 3355 1535 3395 verum
1550 3338 1641 3394 necde
1656 3352 1723 3392 sano
1739 3351 1822 3393 sensu

137 3434 283 3492 rabilem
309 3432 444 3505 quondam
479 3435 719 3505 archiepiscopum
742 3433 917 3488 Wanilonem
946 3433 972 3487 in
1023 3438 1170 3508 processit.
1191 3438 1323 3507 lnjnstum
1333 3437 1432 3508 quippe
1447 3452 1478 3492 ac
1496 3434 1680 3491 irrationabile
1704 3434 1819 3503 videtur,

134 3520 296 3580 Gundulfi
312 3521 376 3577 villa
390 3536 484 3578 coram
500 3521 638 3594 episcopis
667 3521 714 3592 qui
734 3520 880 3576 adfuerunt
907 3521 973 3581 mihi
1023 3533 1052 3580 ut
1068 3525 1300 3596 archiepiscopus,
1322 3541 1339 3579 a
1363 3524 1447 3580 sacris
1468 3524 1619 3581 canonibus
1638 3538 1693 3580 non
1708 3522 1820 3580 exorbi-

132 3609 300 3669 direxisti.
327 3610 368 3666 De
383 3625 436 3682 quo
453 3609 508 3666 tibi
523 3610 625 3682 scripto
633 3609 774 3681 respondi,
786 3610 864 3678 cujus
874 3625 975 3665 exem·
1022 3622 1092 3681 tans,
1109 3613 1250 3670 excedenti
1275 3613 1405 3685 episcopo
1420 3611 1626 3685 suffraganeos
1643 3627 1673 3668 se
1694 3611 1820 3669 ordinato

130 3701 217 3771 plar
234 3699 341 3767 habeo,
356 3714 473 3754 monens
491 3706 518 3754 te
534 3706 563 3753 ut
575 3698 660 3754 sacris
680 3698 831 3755 canonibus
853 3699 973 3770 promul·
1021 3702 1200 3774 professionis
1216 3717 1249 3758 ac
1264 3701 1471 3773 subscriptionis
1484 3700 1587 3770 libello,
1613 3701 1681 3757 sicut
1695 3699 1818 3772 postula-

130 3789 232 3861 gatis
247 3785 335 3842 fidem
350 3787 582 3858 accommodares,
598 3795 625 3843 et
639 3786 761 3842 debitam
788 3786 971 3842 obedientiam
1021 3808 1112 3857 veras,
1137 3789 1316 3848 satisfaceret.
1338 3789 1494 3847 Sicutenim
1518 3790 1667 3846 secundum
1696 3788 1819 3862 Scriptu-

125 3873 207 3933 illis
219 3874 409 3947 dependeres.
435 3876 501 3930 lnde
522 3876 552 3930 in
588 3875 723 3931 Attiniaco
736 3875 898 3931 lihamensis
923 3891 971 3946 pa·
1021 3896 1079 3935 ram
1094 3879 1210 3934 minora
1226 3880 1329 3948 majore
1350 3878 1531 3945 benedicitur,
1549 3879 1585 3932 ita
1601 3894 1714 3949 prorsus
1728 3877 1820 3935 minor

128 3964 276 4035 rochia,
294 3963 343 4019 tibi
356 3979 450 4022 coram
465 3963 601 4036 episcopis
611 3964 674 4019 debi
684 3963 805 4019 libellum
829 3965 857 4019 in
895 3965 969 4036 quin·
1020 3984 1035 4022 a
1049 3968 1153 4038 majore
1168 3976 1194 4024 ct
1209 3983 1291 4024 nona
1305 3968 1391 4038 major
1403 3985 1418 4022 a
1432 3967 1538 4024 minore
1547 3966 1691 4037 judicatur,
1706 3966 1816 4041 ligatur,

129 4051 296 4128 quaginta
318 4053 436 4124 qunque
460 4052 595 4124 capitulis,
629 4053 802 4109 auctoritates
831 4051 963 4108 ecclesia·
1020 4057 1062 4113 vel
1076 4057 1196 4127 solvitur,
1214 4057 1284 4113 sicut
1306 4065 1331 4112 et
1346 4057 1373 4110 in
1390 4056 1505 4113 decretis
1522 4055 1625 4112 Gelasii
1640 4056 1817 4112 demonstra-

128 4144 244 4201 scieas
268 4140 463 4208 continentem,
488 4149 583 4198 contra
614 4140 661 4196 illa
694 4158 754 4213 qnae
785 4141 811 4196 in
841 4139 960 4212 praefatis
1019 4153 1070 4200 tur.
1094 4146 1169 4201 Juste
1186 4147 1270 4219 igitur
1287 4153 1313 4201 et
1336 4145 1532 4202 rationabiliter
1549 4145 1596 4200 tibi
1617 4145 1681 4202 hinc
1695 4160 1813 4216 respon·

118 4233 203 4290 tuis
243 4229 355 4286 duobus
379 4230 542 4303 collegeras,
575 4245 690 4285 monens
721 4238 785 4284 uta
809 4230 908 4285 talibus
933 4237 968 4285 et
1018 4235 1098 4289 detur
1110 4250 1143 4289 ex
1157 4235 1261 4290 lacobo
1275 4234 1349 4307 (cap.
1374 4235 1424 4303 iv),
1441 4234 1535 4290 Petisti
1553 4242 1579 4289 ct
1593 4249 1648 4289 non
1672 4233 1813 4306 accepisti,

116 4315 318 4392 huiusmodi
353 4317 615 4390 reprehensionibus
639 4325 665 4374 te
697 4317 850 4385 cohiberes,
883 4325 911 4373 ct
937 4327 963 4373 te
1018 4339 1050 4378 eo
1069 4323 1141 4394 quod
1155 4323 1225 4378 male
1244 4323 1344 4393 petisti.
1363 4322 1416 4378 Sed
1431 4331 1457 4376 et
1480 4322 1507 4376 in
1522 4338 1554 4377 eo
1570 4321 1643 4393 quod
1659 4321 1706 4376 tibi
1733 4337 1814 4378 arne

117 4408 244 4468 sacris
258 4405 365 4480 regulis
377 4404 509 4473 subdens,
521 4420 617 4478 pacem
632 4413 659 4462 et
681 4406 890 4462 sanctimoniam
912 4423 959 4462 se·
975 4403 1148 4467 Dsubscribi
1161 4411 1320 4481 poposcisti,
1338 4418 1367 4465 ut
1388 4418 1463 4465 tuum
1483 4410 1604 4465 debitum
1628 4409 1715 4465 sacris
1738 4424 1812 4480 pra-

118 4497 281 4555 eundum
302 4493 459 4566 Apostolum
482 4494 560 4566 sequi
584 4494 719 4551 studeres.
736 4496 776 4549 Tu
790 4501 880 4549 autem
894 4494 957 4551 nul·
1008 4498 1169 4569 cipientibus
1183 4499 1330 4553 canonibus
1340 4498 1514 4572 privilegium
1534 4513 1737 4567 conservarem,
1758 4512 1810 4568 pe-

117 4578 206 4643 lam
241 4582 309 4639 inde
345 4598 415 4640 meae
447 4582 625 4639 admonitioni
655 4581 863 4639 satisfactionem
886 4582 959 4638 exhi·
1008 4586 1062 4640 tisti
1076 4586 1278 4658 quodi-eluisti,
1294 4585 1343 4642 sed
1357 4587 1469 4643 nescisti
1486 4586 1558 4660 quod
1576 4585 1686 4640 dixisti:
1706 4608 1716 4633 ι
1734 4600 1805 4658 quo-

116 4666 248 4732 buisti:
273 4670 340 4745 quin
363 4670 455 4743 potius
475 4671 592 4727 rotulam
620 4670 843 4744 prolixissimam,
866 4678 958 4728 contra
1005 4673 1087 4740 niam,
1102 4682 1131 4728 ut
1145 4683 1253 4730 sanctus
1269 4675 1452 4746 Hieronymus
1471 4675 1546 4741 dicit,
1559 4672 1804 4747 privilegiasingu·

119 4762 305 4821 veritatem
327 4759 559 4817 etauctoritatem
582 4774 616 4816 ac
640 4760 773 4815 rationem
789 4767 956 4829 contextam,
1009 4762 1096 4819 lorum
1104 4764 1372 4838 communemlegem
1380 4763 1469 4820 facere
1476 4780 1530 4818 non
1545 4769 1669 4834 possunt.
1686 4762 1721 4817 Et
1737 4759 1810 4817 sacri

122 4845 170 4909 in
187 4848 298 4908 eadent
320 4847 425 4919 synodo
447 4847 579 4915 obtulisti,
596 4854 623 4904 et
637 4847 865 4919 prefatumtuum
878 4863 959 4904 mon·
1005 4865 1124 4908 canones
1140 4852 1353 4924 provincialibus
1367 4852 1513 4924 episcopis,
1531 4860 1667 4907 eteorum
1686 4849 1811 4907 ecclesiis

121 4947 293 4997 atmosum
314 4934 436 4993 libellum
463 4951 479 4991 a
502 4943 529 4992 te
549 4944 606 4993 eta
636 4937 690 4992 tuis
720 4936 902 5008 subscriptum
930 4937 959 4993 in
1008 4939 1050 4997 vel
1075 4941 1196 5005 sedibus,
1219 4941 1372 5013 privilegia,
1394 4941 1498 4997 scilicet
1526 4940 1646 5012 privatas
1670 4939 1748 5013 leges
1768 4939 1813 4997 vel

127 5027 250 5084 eadem
277 5024 384 5097 synodo
411 5023 556 5097 protulisti,
586 5041 669 5099 quem
696 5024 797 5097 ibidem
821 5024 959 5096 accipiens
1007 5016 1069 5085 iura
1083 5029 1187 5099 privata
1210 5029 1377 5102 generaliter
1398 5043 1453 5085 non
1475 5029 1620 5096 dederunt,
1645 5029 1710 5100 qnia
1737 5027 1811 5101 quod

130 5111 287 5173 hactenus
305 5128 396 5170 servo.
420 5114 455 5168 Et
478 5127 539 5170 cum
559 5129 605 5170 me
626 5113 681 5168 vidi
705 5120 768 5185 post
781 5120 820 5168 tot
833 5114 959 5170 admoni-
1009 5132 1105 5172 omnes
1115 5117 1281 5188 generaliter
1290 5118 1399 5183 habent,
1411 5117 1457 5186 jus
1479 5118 1598 5189 speciale
1624 5127 1651 5174 et
1671 5115 1812 5191 dignitatis

134 5202 240 5260 tiones
275 5199 343 5256 nihil
375 5201 449 5272 apud
468 5208 496 5257 te
521 5217 604 5273 posse
630 5202 776 5274 prolicere,
801 5202 959 5259 schedulam
1006 5204 1049 5259 lex
1064 5204 1171 5275 privata
1185 5221 1246 5261 esse
1261 5221 1316 5260 non
1330 5206 1410 5261 valet.
1432 5206 1487 5263 Sed
1513 5206 1732 5280 metropolitanis
1753 5206 1812 5280 epi·

142 5288 263 5359 porrexi
283 5287 312 5345 in
344 5288 450 5362 synodo
471 5289 662 5362 episcoporum
679 5291 774 5347 decem
799 5291 956 5362 provincia·
1008 5293 1097 5363 scopis
1112 5308 1144 5348 ac
1164 5293 1378 5365 metropolitanis
1402 5296 1514 5352 sedibus
1540 5296 1683 5369 privilegia
1707 5295 1812 5354 tribue-

92 5391 96 5398 ·
149 5393 222 5445 rum,
238 5376 390 5434 abeisdem
405 5377 569 5435 venerandis
583 5378 720 5451 episcopis
741 5394 867 5451 quaerens
895 5395 958 5436 con-
1009 5387 1081 5446 runt,
1105 5402 1117 5430 ι
1143 5388 1169 5436 et
1192 5390 1291 5438 caetera
1315 5383 1349 5439 de
1368 5385 1453 5441 sacris
1478 5384 1631 5442 canonibus
1648 5392 1675 5442 et
1693 5384 1811 5442 decretis

156 5464 335 5539 tilium,qnid
354 5473 448 5524 contra
467 5472 542 5524 tuam
556 5467 724 5540 pertinacem
756 5468 957 5526 contumaciam
1009 5469 1107 5526 Leonis
1138 5483 1216 5542 papae
1226 5470 1358 5528 subnexa.
1369 5473 1503 5546 Postque
1526 5472 1682 5531 subinfert:
1710 5473 1812 5546 ‹Quc-
