3794 6104
129 222 180 290 cai
700 220 874 291 nrrsrona
898 231 941 290 nr
969 208 1141 291 bachail,
1699 231 1775 284 aaa
1810 284 1818 305 ,

128 367 170 412 ter
185 357 318 420 intiment,
335 366 407 412 etea
423 374 547 428 quaepro
563 358 966 418 EcclesiarurnDeiutilitateA
981 365 1107 429 promptu
1130 357 1260 410 habentes
1294 347 1386 408 ulcisci
1415 365 1525 406 omnem
1554 348 1775 416 inobedientiam,

127 444 286 517 peragenda
301 454 372 511 sunt,
390 445 533 502 nobiscum
549 447 686 519 sagaciter
701 445 808 500 valeant
822 446 927 501 deliba·
979 445 1062 518 digna
1080 444 1251 515 correptione
1273 439 1412 496 canonicis
1434 438 1546 494 vocibus
1567 454 1614 493 ros
1630 439 1778 509 perferire-

127 548 196 587 rare.
226 533 296 587 Nam
324 532 347 586 si
376 540 401 586 et
424 532 495 588 hanc
513 542 637 604 quartam
660 533 929 604 nostraeapostolicse
979 550 1049 599 mus,
1075 533 1127 587 nisi
1157 530 1344 586 misericordia
1377 527 1533 598 apostolica
1557 527 1630 581 sedis
1656 535 1777 582 nostrum

126 619 298 676 auctoritatis
320 620 489 676 vocationem
511 621 722 692 parvipendens,
748 622 783 675 ad
806 623 861 689 J'am
877 621 928 675 dc·
979 621 1100 675 animum
1122 627 1295 689 temperaret.
1321 618 1375 672 Vos
1398 624 1497 677 autem,
1522 613 1684 680 charissimi,
1706 623 1780 669 tanta

126 708 279 763 nuntiatam
309 708 443 778 synodum
472 709 530 779 ipse
558 709 651 774 venire
675 709 716 763 vel
740 719 799 763 tuos
823 710 929 763 mittere
980 717 1074 762 nostra
1094 707 1222 778 patientia
1245 720 1298 760 non
1323 703 1409 768 abusi,
1427 703 1632 767 rediteadcor,
1649 703 1779 775 etdepc·

127 796 336 866 contempseris,
353 797 425 851 scias
440 812 490 866 pro
506 804 579 851 certo
595 796 721 867 quoniam
737 796 833 866 majori
848 805 874 851 te
886 797 930 864 ju·
980 802 1076 849 nentes
1100 811 1207 849 omnem
1223 793 1414 856 temeritatem,
1431 806 1480 862 pro
1496 790 1632 845 communi
1652 789 1739 846 salute
1753 798 1780 846 at

127 883 192 937 dicii
206 883 384 938 ecclesiastici
401 884 508 939 vinculo
528 883 600 939 velut
615 885 815 940 inobedientem
830 885 929 940 incun-
980 897 1049 953 pace
1072 883 1150 953 regni
1170 881 1248 937 nobis
1271 883 1381 944 haerete,
1405 879 1474 934 adeo
1497 887 1524 933 ut
1544 894 1605 950 qum
1632 878 1780 949 recipimus

126 978 233 1025 ctanter
254 970 410 1042 ligabimus.
435 971 569 1026 Praeterea
592 973 644 1028 hoc
665 973 746 1027 etiam
760 973 808 1027 tibi
823 972 929 1044 tuisque
981 970 1128 1041 recipiatis,
1145 978 1171 1024 et
1193 986 1253 1040 quae.
1275 968 1429 1039 respuimus
1448 968 1593 1037 respuatis,
1609 975 1638 1022 ut
1662 966 1780 1039 idipsum

127 1055 312 1130 suffraganeis
332 1059 459 1113 omnibus
476 1060 660 1115 admonitione
678 1069 773 1115 nostra
786 1061 929 1115 denuntia·
981 1058 1105 1113 dicamus
1118 1073 1213 1112 omnes
1227 1064 1254 1111 et
1268 1056 1365 1111 eadem
1379 1055 1527 1125 sapiamus,
1542 1055 1603 1127 quia
1618 1063 1644 1110 et
1659 1071 1712 1128 ego
1726 1056 1781 1112 sol·

127 1162 188 1199 mus
196 1154 277 1218 atque
289 1147 470 1217 precipimus,
483 1156 509 1202 ut
521 1164 582 1203 cum
590 1163 623 1203 eo
633 1150 677 1220 qui
688 1150 722 1203 de
733 1149 844 1220 regibus
852 1149 930 1203 Fran·
981 1145 1070 1200 licitos
1093 1160 1142 1200 vos
1163 1159 1214 1214 pro
1238 1142 1374 1199 communi
1398 1142 1485 1199 salute
1509 1158 1541 1198 ac
1566 1150 1636 1199 statu
1659 1144 1738 1216 regni
1753 1152 1781 1200 ct

127 1249 234 1299 corum,
246 1235 305 1288 Deo
320 1233 436 1300 invente,
450 1234 555 1290 ltaliam
565 1235 645 1290 luerit
659 1236 812 1307 ingressus,
828 1236 930 1291 nullum
980 1249 1048 1303 pace
1071 1234 1187 1288 libenter
1208 1232 1300 1296 audio,
1325 1231 1393 1285 sicut
1407 1247 1422 1285 e
1438 1238 1532 1286 contra
1553 1231 1623 1287 aliud
1639 1247 1722 1303 quam
1737 1241 1779 1288 te·
1807 1266 1811 1277 ·

126 1321 232 1392 absque
246 1330 340 1376 nostro
355 1338 491 1377 consensu
506 1332 533 1376 et
548 1324 721 1378 unanimitate
740 1324 869 1394 placitum
886 1323 930 1378 sa·
981 1337 1077 1375 nemus
1102 1329 1236 1383 tenentes,
1262 1334 1316 1373 non
1341 1318 1456 1374 libenter
1484 1319 1606 1375 admitto.
1630 1321 1688 1375 tam
1714 1336 1780 1378 rere

125 1424 189 1463 cere
211 1410 402 1479 praesumatis;
419 1410 604 1480 apostolorum
627 1428 730 1477 canone
754 1411 864 1483 capituli
879 1411 930 1465 tri·
981 1408 1045 1478 quia
1060 1407 1198 1462 multoties
1214 1408 1248 1462 ad
1264 1407 1397 1478 synodum
1413 1407 1563 1464 convocati.
1580 1408 1673 1463 venire
1687 1409 1780 1464 hacte-

127 1496 223 1552 cesimi
245 1498 330 1568 quinti
352 1498 388 1552 ita
400 1498 512 1566 jubente
537 1507 619 1570 atque
633 1500 740 1555 dicente
757 1518 763 1552 :
780 1500 930 1570 Episcopus
982 1513 1033 1550 nus
1057 1496 1268 1566 contempsistis,
1293 1496 1365 1551 sicut
1384 1495 1561 1565 praetulimus
1579 1496 1652 1551 omni
1668 1498 1779 1553 temeti·

125 1583 250 1655 gentium
275 1584 444 1657 singularum
466 1586 538 1641 scire
562 1587 689 1642 convenit
713 1588 774 1657 quis
798 1587 868 1641 inter
883 1602 932 1641 eos
981 1591 1034 1638 tate
1049 1593 1131 1654 atque
1153 1582 1301 1638 inevitabili
1323 1583 1466 1638 occasione
1489 1583 1623 1654 deposita,
1648 1584 1683 1638 ad
1700 1584 1780 1640 aliam

126 1671 232 1741 primus
245 1672 388 1737 habeatur,
405 1681 431 1727 et
446 1689 526 1744 quem
542 1674 614 1728 velut
628 1682 710 1744 caput
724 1674 889 1738 existiment,
902 1681 929 1728 et
943 1672 1124 1764 Bsynodnm,
1149 1687 1238 1742 quam,
1262 1670 1350 1742 gratia
1374 1671 1466 1725 divina
1495 1670 1653 1742 opitulante,
1684 1681 1781 1745 quarto

126 1758 195 1812 nibil
210 1758 326 1830 amplius
341 1768 442 1830 praeter
455 1761 513 1829 ejus
527 1762 722 1817 conscientiam
737 1770 835 1833 gerant
846 1776 929 1832 quam
982 1758 1045 1813 ldus
1062 1757 1189 1814 Octobris
1212 1758 1310 1813 suturas
1331 1758 1418 1813 tertia
1433 1758 1547 1814 decimas
1561 1759 1717 1815 indictionis
1732 1778 1780 1818 ce·

124 1845 172 1901 illa
186 1845 246 1902 sola
258 1846 360 1919 singuli
375 1864 436 1919 quaa
449 1848 588 1919 parochias
607 1848 726 1919 propriae
741 1857 767 1904 et
781 1847 853 1902 rillis
868 1863 929 1920 quae
981 1845 1112 1901 lebraturi
1136 1862 1239 1914 sumus,
1274 1845 1416 1901 occurrite.
1447 1843 1587 1913 Quatenus
1607 1863 1639 1902 ea
1662 1864 1723 1921 quae
1745 1851 1781 1906 ad

124 1933 177 1988 sub
192 1948 227 1988 ea
241 1942 311 2001 sunt,
323 1943 490 2005 competunt,
506 1937 555 1991 sed
569 1951 620 1992 nec
634 1936 680 1991 ille
694 1943 791 2006 praeter
808 1936 929 1990 omniurn
981 1933 1122 1988 utilitatem
1146 1941 1248 1988 sanctae
1270 1933 1319 1987 Dei
1335 1932 1465 1988 Ecclesiae
1480 1933 1626 2003 pertinent,
1643 1937 1780 1991 communi

124 2021 323 2076 conscientiam
344 2021 435 2088 saciat,
460 2023 579 2095 aliquid;
603 2024 642 2079 sic
665 2023 738 2078 enim
765 2023 929 2078 unanimitas
980 2028 1105 2087 tractatu,
1120 2020 1257 2075 communi
1271 2029 1334 2075 roto
1348 2028 1427 2091 atquc
1443 2035 1661 2087 consensn,cnm
1672 2024 1780 2080 Domini

125 2108 179 2163 crit
194 2117 222 2163 et
235 2107 432 2181 glorificabitur
456 2112 530 2166 [teus
553 2128 604 2182 per
627 2112 764 2166 Christum
786 2111 813 2166 in
829 2112 930 2182 Spiritu
981 2108 1116 2177 adjutorio
1142 2123 1332 2179 exsequamur.
1349 2106 1468 2175 Quodsi
1484 2107 1551 2163 sorte
1567 2117 1593 2164 et
1608 2117 1672 2166 tunc
1685 2112 1779 2168 venire

125 2206 232 2253 sancto.
245 2198 357 2268 Propter
371 2199 443 2269 quod
458 2208 484 2254 et
499 2215 549 2255 nos
559 2206 649 2254 vestro
659 2200 798 2255 communi
813 2207 929 2255 tractatu
980 2196 1209 2269 contempseritis,
1226 2195 1318 2250 sciatis
1333 2211 1382 2251 ros
1396 2204 1422 2250 et
1436 2195 1470 2250 de
1485 2197 1629 2266 praeterrtis
1644 2199 1718 2255 etde
1734 2198 1779 2256 su·

124 2292 207 2356 atque
229 2301 374 2352 consensu,
388 2301 420 2341 ca
437 2304 497 2359 quae
512 2287 545 2341 ad
568 2303 741 2343 communem
757 2295 783 2343 et
797 2301 928 2343 necesss—
980 2283 1049 2338 turis
1071 2281 1247 2356 negligentiis
1261 2284 1391 2338 canonice
1409 2283 1581 2353 judicandos,
1599 2285 1633 2340 ita
1648 2294 1677 2340 ut
1691 2287 1779 2343 ecclc·

124 2372 195 2425 riam
209 2372 352 2428 utilitatem
368 2373 552 2429 Ecclesiamm
569 2375 618 2429 Dei
629 2375 708 2430 nobis
719 2375 928 2430 commissarum
981 2371 1083 2426 siarum
1098 2379 1251 2426 vestrarum
1267 2371 1456 2426 communione
1469 2372 1779 2440 Juxtasacroscanonea

123 2460 234 2531 agenda
258 2468 329 2526 sunt,
345 2461 509 2516 omnimodis
523 2479 606 2535 agere
630 2462 763 2533 cupimus.
780 2464 841 2518 Non
856 2463 928 2518 enim
981 2458 1039 2512 sitis
1053 2459 1182 2523 contenti,
1199 2458 1245 2529 qui
1267 2474 1322 2513 non
1346 2457 1427 2514 vultis
1451 2460 1645 2517 ecclesiasticis
1666 2462 1778 2534 acquie-

124 2547 216 2613 aliter,
232 2548 338 2604 dicente
359 2558 453 2605 sancto
468 2550 568 2613 Leone,
585 2566 656 2605 unus
671 2567 736 2623 grex
753 2559 779 2605 et
794 2569 864 2606 unus
879 2568 929 2621 pa·
981 2561 1057 2601 sccre
1086 2545 1236 2616 disciplinis
1263 2547 1433 2617 (Concilium
1464 2549 1643 2618 Africanum,
1672 2565 1697 2606 c.
1723 2553 1778 2617 ts;

123 2643 184 2690 stor
198 2651 303 2705 sumus,
317 2637 370 2690 nisi
386 2638 615 2708 quemadmodum
633 2638 780 2709 Apostolus
795 2639 884 2704 docet,
902 2639 929 2693 id
982 2634 1202 2704 Carthaginensc
1218 2649 1245 2696 r,
1261 2651 1284 2688 c.
1305 2635 1357 2690 tot.
1375 2634 1442 2688 Data
1465 2650 1516 2689 sur
1537 2635 1672 2693 Kalendas
1693 2638 1776 2708 iunii,

123 2724 216 2793 ipsum
239 2724 361 2780 dicamus
382 2740 478 2780 omnes
503 2744 509 2779 ι
534 2726 624 2781 Simus
649 2735 739 2781 autem
761 2725 875 2796 perfecti
901 2726 928 2779 in
980 2720 1126 2775 indictione
1142 2736 1192 2775 xit.

121 2811 223 2866 eodem
245 2828 327 2867 sensu
343 2819 369 2868 at
383 2814 410 2867 in
434 2813 530 2868 eadem
554 2814 781 2879 scientialiter.
799 2815 839 2882 rt).
859 2815 928 2868 Data
1314 2845 1444 2900 ccxxv¹

121 2913 175 2952 ¹¹*
191 2898 329 2955 K⁸¹⁰¹¹d⁸⁵
343 2901 425 2965 ¹⁰⁰⁰»
441 2901 588 2956 ¹⁰d¹⁰¹¹⁰¹¹e
604 2916 653 2955 ¹¹¹·
1011 2944 1047 2983 tn
1066 2945 1244 2986 sueonostuu
1263 2947 1389 2987 macrus
1409 2948 1564 2991 aerscoeuu
1583 2953 1744 2995 uocassent.

449 3058 592 3113 ccxxiv.
939 3042 966 3105 o
1277 3021 1457 3092 (innocus.)

435 3160 471 3199 A„
490 3162 615 3201 gum*
977 3125 1161 3196 laudatejus
1181 3141 1246 3196 erpa
1268 3128 1424 3181 Romanam
1446 3130 1602 3186 Ecclesiam
1625 3133 1775 3190 observan-

438 3236 441 3246 ,
1013 3197 1084 3250 tiam
1098 3199 1127 3250 et
1162 3197 1296 3250 roectcrcs
1314 3199 1375 3266 ejus
1398 3199 1539 3265 oirtctcs;
1556 3204 1680 3258 testatur
1692 3220 1776 3260 suam

433 3236 523 3300 iA¹¹¹¹⁰
542 3236 617 3304 ata.)
1011 3266 1043 3319 in
1058 3279 1123 3319 eum
1138 3213 1360 3320 ienevoientium
1375 3285 1384 3320 :
1401 3271 1497 3322 monet
1508 3273 1540 3323 ut
1554 3287 1571 3324 a
1586 3286 1615 3325 sc
1629 3287 1777 3329 consecra-

321 3329 454 3400 Ejusdem
468 3346 538 3401 peric
553 3336 725 3403 argumenti.
1013 3334 1117 3389 tionem
1135 3335 1321 3406 episcopalem
1335 3337 1467 3408 occipiat.

160 3435 311 3488 hasenaro
326 3434 542 3505 archiepiscopo.
1010 3439 1172 3493 Tuaonosro
1196 3439 1347 3495 venerabili
1368 3440 1484 3497 diacum
1506 3451 1533 3498 et
1560 3444 1647 3501 electo
1675 3456 1775 3505 sanctae

158 3520 226 3575 Cum
241 3520 360 3576 universi
376 3521 421 3592 qui
435 3522 587 3578 Christiano
610 3534 757 3580 censentur
779 3526 921 3595 vocabulo,
974 3525 1105 3581 Ecclesiae
1120 3527 1267 3582 Nouensis.

119 3608 158 3662 ab
172 3608 233 3679 ipso
248 3607 388 3680 religionis
410 3610 531 3672 exordio,
548 3610 601 3665 fide
613 3620 639 3666 et
655 3613 759 3667 meritis
779 3613 849 3668 Petri
865 3613 921 3668 llo-
1010 3613 1168 3669 [illectionis
1190 3624 1243 3669 tura
1266 3614 1363 3670 litteris
1384 3619 1500 3688 receptis
1524 3628 1605 3692 atque
1633 3623 1774 3693 perlectis,

119 3711 232 3750 manem
260 3696 410 3751 Ecclesiam
440 3697 610 3757 sublimatam
645 3701 719 3754 omni
748 3701 922 3755 veneratione
973 3701 1125 3757 devotionis
1140 3710 1167 3757 et
1180 3699 1243 3757 fidei
1259 3711 1311 3758 tum
1325 3704 1519 3772 sinceritatem,
1535 3723 1617 3780 quam
1630 3709 1702 3767 circa
1716 3712 1772 3769 Ec·

120 3783 201 3855 sequi
225 3784 353 3854 omnique
379 3786 530 3840 reverentia
551 3787 687 3842 honorare
710 3788 878 3853 studuerint;
896 3796 922 3842 et
973 3788 1086 3845 alesiam
1101 3790 1130 3844 a.
1143 3790 1215 3845 Petri
1224 3791 1340 3861 apostoli
1348 3802 1374 3847 et
1389 3792 1459 3848 circa
1471 3804 1592 3851 nostrum
1606 3798 1774 3868 pontificium

120 3879 220 3926 contra
243 3886 315 3936 eam,
337 3871 389 3926 nisi
411 3873 456 3943 qui
478 3873 513 3927 de
534 3889 564 3928 se
587 3874 671 3929 roluit
689 3875 816 3943 judicari,
832 3875 922 3930 nullus
973 3877 1068 3942 habes,
1080 3877 1140 3934 lucc
1154 3878 1254 3933 clarius
1268 3881 1438 3950 agnovimus.
1451 3883 1484 3937 th
1495 3883 1559 3954 quia
1574 3893 1695 3943 nostram
1709 3905 1776 3962 grs-

119 3957 217 4013 obices
240 3974 321 4013 manu
351 3959 495 4026 habuerit;
521 3961 599 4016 valde
630 3962 761 4017 miramur
782 3979 832 4019 cur
852 3963 923 4018 adeo
973 3966 1038 4020 tiam
1054 3974 1080 4021 et
1094 3965 1312 4023 benedictionem
1335 3969 1429 4024 humili
1444 3986 1557 4041 prorsus
1574 3971 1673 4031 affectu
1688 3991 1774 4048 expe·

119 4046 208 4100 vestri
223 4046 324 4100 ordinis
339 4047 518 4102 ministerium
534 4050 682 4116 excedatis,
700 4059 727 4105 ut
740 4051 818 4120 cujus
832 4060 922 4106 aucto·
973 4060 1031 4108 tere
1046 4054 1188 4121 studuisti,
1205 4054 1285 4112 valde
1308 4073 1402 4112 sumus
1420 4059 1522 4131 garisi;
1538 4076 1600 4117 nam
1614 4070 1641 4118 ct
1656 4062 1774 4123 loannes

120 4134 221 4201 citatis,
238 4134 369 4205 cujusque
389 4136 525 4209 privilegii
538 4138 634 4192 eadem
648 4138 787 4194 sauctasit
802 4140 923 4194 Romana
973 4142 1138 4196 venembilis
1171 4143 1323 4215 presbyter,
1356 4145 1390 4200 de
1427 4156 1515 4202 restra
1544 4157 1620 4219 parte
1649 4153 1770 4219 veniens,

117 4221 256 4286 Ecclesia,
271 4221 334 4278 suco
348 4223 510 4294 ignorantias
528 4241 584 4280 non
607 4226 763 4290 advertatis,
781 4234 808 4280 et
821 4227 846 4281 ei
861 4243 923 4299 quae
972 4228 1057 4283 multa
1078 4230 1157 4283 nobis
1180 4238 1232 4284 tuae
1257 4231 1385 4286 bonitatis
1412 4241 1439 4286 et
1461 4235 1597 4303 patientias
1621 4237 1681 4292 riva
1706 4256 1773 4297 voce

119 4323 171 4362 ros
184 4309 279 4380 genuit
300 4309 401 4365 dolenti
425 4327 456 4366 ac
480 4312 591 4379 injurias
613 4314 735 4383 patienti,
751 4313 826 4368 nullo
850 4313 921 4367 tilio·
972 4315 1108 4385 praeconia
1131 4316 1229 4379 retulit,
1256 4334 1315 4387 que
1340 4318 1368 4370 in
1387 4320 1528 4376 sacerdote
1543 4322 1641 4377 Christi
1654 4339 1773 4398 magno·

119 4411 182 4451 rum
197 4394 295 4452 affectu
318 4399 436 4468 compati
460 4399 601 4454 studeatis.
618 4400 690 4469 Quin
703 4403 793 4470 potius
808 4400 835 4454 in
850 4416 918 4456 con·
934 4385 1034 4474 D'pere
1049 4410 1111 4456 sunt
1125 4403 1259 4456 habenda.
1279 4404 1356 4458 Unde
1371 4414 1396 4459 te
1411 4406 1488 4476 quasi
1503 4407 1631 4464 dilectum
1646 4414 1771 4484 corporis

118 4491 252 4554 temptum
276 4484 417 4557 religionis
441 4502 496 4541 non
518 4488 606 4542 solum
629 4487 770 4558 possibilia
785 4487 919 4556 adjutoria
969 4489 1068 4545 Christi
1083 4489 1234 4544 membrum
1250 4498 1277 4546 et
1291 4491 1441 4562 spiritalem
1458 4491 1543 4549 lilium
1556 4497 1642 4552 nostri
1658 4508 1769 4570 aposto·

117 4571 200 4626 nobis
215 4573 337 4643 praebere
351 4575 533 4642 contemnitis,
546 4576 595 4630 sed
609 4576 690 4630 etiam
699 4591 811 4645 nupera
822 4574 919 4630 Galliis
968 4574 1040 4631 latus
1054 4577 1126 4632 ulnis
1140 4579 1259 4634 estensis
1273 4580 1473 4649 amplectimur,
1490 4591 1659 4657 paternoque
1678 4603 1772 4647 amore

118 4660 314 4726 remeantibus,
341 4669 369 4715 ut
391 4662 488 4716 saltem
510 4663 658 4718 clamorem
683 4673 709 4719 et
732 4664 854 4719 laborem
869 4679 919 4718 no·
968 4664 1117 4738 diligimus,
1128 4675 1209 4738 atque
1223 4668 1372 4739 apostolica
1387 4685 1496 4741 semper
1510 4670 1635 4729 volumus
1645 4674 1767 4750 benigni·

118 4756 214 4812 stmm,
232 4764 313 4818 quem
337 4765 388 4819 pro
412 4750 539 4805 omnibns
553 4751 731 4821 patiebamur,
748 4751 877 4807 audiretis
892 4760 919 4807 et
969 4756 1024 4808 tate
1047 4753 1149 4810 lovere.
1181 4755 1245 4811 ideo
1274 4773 1416 4813 monemus
1436 4758 1614 4829 sagacitatem
1639 4771 1713 4819 tuam
1737 4781 1772 4822 ne

118 4835 261 4900 doleretis,
277 4837 349 4906 apud
365 4837 486 4892 Ticinum
508 4839 586 4893 nobis
601 4854 748 4895 occurrere
763 4840 917 4905 distulistis,
968 4843 996 4897 in
1011 4843 1160 4913 quamlibet
1182 4853 1286 4914 partem
1299 4845 1380 4900 aliam
1401 4845 1533 4916 declines,
1544 4855 1571 4902 et
1585 4860 1677 4905 contra
1693 4868 1772 4910 sacm

117 4923 164 4977 ubi
181 4924 263 4978 etiam
278 4924 379 4979 diutius
393 4925 581 4995 immorantes,
599 4936 626 4981 ut
641 4927 675 4982 ad
690 4929 825 4999 synodum
840 4928 918 4983 reni·
970 4931 1166 4989 venerabilium
1187 4933 1296 4985 l'atmm
1318 4931 1440 4987 instituta
1455 4933 1631 5005 episcopatus
1655 4941 1769 5011 gratiam

118 5010 185 5065 retis
201 5026 251 5065 ros
273 5011 370 5066 litteris
384 5015 485 5067 nostris
500 5014 666 5069 vocavimus.
688 5015 742 5070 Sed
757 5017 919 5071 inobedien·
970 5018 1093 5088 recipere
1107 5034 1223 5089 quaems,
1235 5020 1347 5073 audieus
1363 5018 1437 5074 illam
1450 5021 1660 5081 desiderabilem
1671 5028 1770 5082 summi

116 5099 161 5153 tiae
185 5097 268 5169 atque
292 5101 450 5155 temeritatis
473 5101 586 5157 audacia
609 5102 680 5168 freti,
704 5118 754 5158 nec
777 5113 839 5158 tunc
869 5120 919 5159 re·
967 5105 1067 5176 judicis
1082 5120 1175 5160 rocem
1191 5105 1307 5161 dicentis
1323 5122 1329 5160 z
1346 5108 1430 5179 licpc,
1447 5126 1525 5166 serre
1540 5113 1609 5168 hanc
1624 5117 1652 5169 et
1665 5115 1767 5183 fidelis,

116 5193 203 5241 stram
219 5186 298 5241 nobis
312 5189 484 5256 praesentiam
499 5190 628 5245 exhibere
642 5192 771 5256 curastis;
781 5200 920 5262 postremo
970 5195 1035 5265 puio
1050 5209 1136 5265 super
1147 5209 1239 5266 pauca
1248 5194 1332 5263 suisli
1342 5195 1541 5270 Mettmaprr
1553 5201 1645 5256 multo
1665 5206 1691 5257 tc
1706 5218 1771 5260 cco·

115 5274 242 5347 generali
255 5276 360 5346 synodo
380 5277 472 5332 Romae
492 5278 635 5348 praeteritis
651 5279 781 5334 Kalendis
797 5278 857 5334 stati
871 5296 920 5335 ce·
970 5283 1107 5345 alituum
1120 5281 1197 5335 intro
1210 5282 1384 5352 ingaudium
1397 5286 1768 5359 Darninituitldctth.xxri.

115 5363 241 5421 lebratae.
266 5379 280 5415 a
305 5364 383 5417 nobis
408 5382 516 5419 rursum
540 5366 636 5426 vocati,
658 5366 791 5421 interesse
814 5366 920 5436 penitus
971 5368 1024 5423 Sed
1041 5375 1096 5422 toto
1115 5368 1198 5423 corde
1218 5377 1326 5440 totaque
1343 5371 1478 5428 voluntate
1495 5375 1530 5430 cd
1543 5377 1676 5447 gremium
1696 5381 1769 5437 sedis

115 5450 271 5505 distulistis.
303 5451 386 5519 liujus
415 5454 452 5506 rri
482 5455 571 5524 gratia
603 5455 677 5521 juxta
707 5455 864 5523 Apostolum
894 5454 919 5508 in
971 5455 1135 5525 apostolica,
1153 5456 1224 5511 unde
1240 5466 1430 5514 antecessores
1443 5461 1481 5516 tui
1494 5460 1593 5520 divinae
1608 5464 1676 5536 legis
1694 5468 1767 5540 dog·
