3826 6098
218 249 270 305 aas
725 228 906 329 1110011111
925 239 1124 298 mnnausrs
1142 241 1416 298 aannmrtscorr.
1816 234 1872 296 tao

210 372 367 447 periculosa
381 380 432 437 est,
448 378 476 427 et
489 371 595 427 admitti
623 385 678 425 non
704 369 786 423 debet
807 369 847 423 rei
867 367 1014 422 adversum
1029 364 1207 425 Aaccusatos
1220 380 1303 422 causa
1318 365 1417 421 debeat
1440 363 1548 436 agitari,
1575 364 1789 438 carthaginense
1801 377 1870 420 oon·

212 475 403 534 quemcunque
429 458 572 530 professio.
592 483 603 506 a
625 459 659 513 Et
681 456 827 513 concilium
855 454 1014 511 Africanum
1063 454 1154 510 cilium
1170 455 1261 509 statuit
1282 453 1377 509 dicens
1402 454 1478 524 (ran.
1496 452 1542 524 ³0)
1558 470 1565 507 ε
1584 473 1595 502 ι
1613 453 1648 509 Ut
1664 460 1809 508 accusatus
1824 451 1871 509 val

213 549 406 606 domonstrat:
427 571 437 595 a
457 546 510 616 Qui
532 554 639 618 postea,
655 545 783 617 inquiens
798 545 874 614 (cun.
895 545 939 611 96,
956 541 1012 610 et),
1062 550 1206 598 accusator
1225 542 1252 596 in
1269 558 1302 596 eo
1316 542 1378 597 loco
1392 542 1464 596 unde
1479 550 1520 596 εει
1539 542 1585 613 qui
1609 549 1763 606 accusatur,
1777 539 1872 596 locum

211 652 295 710 quam
323 635 574 692 excommunicatus
601 633 692 698 luerit,
721 632 749 687 ivr
779 633 839 703 ipsa
859 630 948 684 adbuc
963 645 1013 683 ex·
1063 630 1115 684 sibi
1131 630 1214 702 eligat
1228 629 1392 700 proximum,
1403 645 1458 700 qno
1468 645 1522 685 non
1534 629 1568 684 sit
1582 627 1690 684 difficile
1704 636 1788 684 testes
1802 642 1869 700 pro·

211 723 457 783 communicatione
479 722 651 785 constitutus,
675 720 734 774 sive
757 719 791 773 sit
811 718 937 784 clericus,
955 716 1016 771 sivo
1063 718 1165 772 ducere
1179 718 1225 772 ubi
1239 733 1323 774 cansa
1345 717 1468 783 liniatur;
1489 742 1499 765 »ι
1524 726 1550 772 ει
1571 717 1635 773 bine
1657 716 1734 789 leges
1748 716 1867 771 dicunt:

211 812 353 878 sitlaicus,
383 825 510 867 accusare
540 808 670 874 voluerit;
700 822 848 877 ornrresque
870 805 953 870 servi,
969 803 1013 859 vel
1066 805 1243 861 «Criminuru
1258 805 1394 862 discussio
1420 805 1456 860 ibi
1481 804 1610 879 agitanda
1632 812 1683 869 est,
1700 804 1747 859 ubi
1761 805 1868 861 crimen

209 901 315 973 proprii
327 899 427 964 liberti,
451 897 487 953 ad
516 897 719 952 accusationem
746 910 801 948 uon
825 893 1011 957 admittantur,
1063 893 1213 950 admissum
1228 903 1269 949 est
1285 910 1291 948 :
1307 909 1370 948 nam
1385 893 1450 947 alibi
1474 893 1617 948 criminum
1632 907 1695 948 reus
1709 892 1869 963 prohibetur

211 987 256 1044 vel
269 1003 364 1044 omnes
378 1001 448 1060 quos
462 985 497 1041 ad
512 982 664 1041 accusanda
684 981 793 1053 publica
808 981 921 1036 crimina
936 979 1013 1052 leges
1062 982 1160 1036 audiri.
1181 1002 1192 1031 r
1210 983 1243 1036 Et
1256 981 1321 1036 item
1338 1000 1344 1035 :
1362 1006 1372 1028 ι·
1391 981 1496 1053 Siquis
1512 981 1697 1036 adversarium
1721 988 1768 1036 ant
1781 996 1866 1050 repe·

211 1075 328 1146 publicae
339 1091 394 1131 non
408 1073 566 1137 admittunt,
592 1087 688 1128 omnes
709 1071 789 1125 etiam
810 1068 928 1124 infamia
951 1084 1013 1123 ma·
1063 1070 1166 1136 titione,
1183 1077 1229 1124 aut
1239 1069 1361 1126 criminis
1376 1069 1529 1138 objectione
1540 1068 1698 1141 pulsaverit,
1708 1067 1737 1123 in
1751 1067 1866 1138 provin-

213 1165 281 1222 eutis
295 1163 412 1235 aspersi,
437 1162 531 1218 idest
556 1159 713 1223 histriones,
741 1165 786 1212 aut
801 1156 1013 1227 turpitudinibus
1063 1157 1103 1212 cia
1117 1157 1145 1212 in
1160 1172 1215 1228 qua
1229 1157 1352 1213 consistit
1375 1156 1420 1212 ibe
1444 1157 1491 1228 qui
1519 1156 1651 1227 pulsatur,
1677 1171 1741 1211 suas
1768 1163 1868 1211 exerat

212 1253 341 1322 subjector
368 1265 512 1320 personae3
538 1247 658 1303 lraeretici
687 1246 784 1312 etiam,
814 1245 872 1299 sive
899 1243 1010 1314 pagani,
1062 1245 1193 1314 actiones,
1209 1261 1260 1301 nec
1282 1245 1398 1300 aestimet
1419 1244 1607 1300 adversarium
1631 1258 1711 1299 sunm
1736 1243 1804 1299 alibi
1819 1251 1866 1299 ant

212 1357 262 1398 seu
284 1337 372 1394 ludaei
388 1355 395 1391 z
412 1337 460 1392 sed
490 1345 580 1391 tamen
605 1335 741 1402 omnibus,
762 1334 860 1405 quibus
875 1331 1013 1387 accusatio
1062 1332 1172 1405 longius
1186 1334 1221 1387 ad
1236 1333 1365 1402 judicium
1395 1332 1618 1404 pertrahendum.
1647 1332 1697 1388 llle
1724 1347 1792 1388 vero
1818 1332 1867 1404 qui

212 1428 381 1499 denegatur,
410 1425 438 1480 in
464 1424 555 1480 causis
584 1422 702 1494 propriis
729 1421 877 1477 accusandi
904 1420 1014 1475 licentia
1063 1420 1187 1490 pulsatus
1201 1420 1281 1475 luerit
1296 1421 1319 1474 si
1339 1421 1462 1490 judicem
1490 1429 1646 1491 suspectum
1675 1420 1813 1486 babuerit,
1829 1419 1865 1475 b-

212 1522 332 1571 nonest
360 1513 497 1586 neganda.
525 1532 536 1561 ε
560 1512 642 1578 (Cart.
667 1513 723 1578 98.)
751 1532 761 1558 ι
788 1509 820 1563 Et
835 1508 1013 1579 quotiescun·
1063 1517 1123 1563 ceat
1137 1508 1287 1579 appellare.
1308 1533 1319 1556 n
1343 1509 1377 1564 Et
1400 1508 1615 1583 Carthaginense
1639 1509 1705 1565 dicit
1718 1508 1866 1566 concilium

214 1619 268 1675 que
287 1601 394 1659 clericis
417 1600 452 1655 ab
474 1599 679 1655 accusatoribus
701 1597 783 1651 nrulta
803 1596 917 1652 crimina
941 1594 1013 1664 obji-
1063 1597 1138 1666 (con.
1157 1599 1220 1666 15);
1237 1621 1247 1643 ιι
1260 1598 1293 1652 Ut
1309 1612 1326 1651 a
1342 1596 1548 1668 quibuscunque
1560 1597 1698 1666 jndicibus
1713 1597 1865 1653 ecclesias-

214 1691 331 1757 oiuntur,
347 1697 374 1745 et
388 1704 470 1744 unum
486 1703 519 1742 ex
531 1686 608 1756 ipsis,
630 1687 663 1740 de
688 1700 742 1757 quo
765 1684 841 1755 prius
862 1683 949 1756 egerit
964 1697 1011 1737 uo·
1027 1684 1126 1778 Blicis
1141 1685 1175 1738 ad
1192 1684 1261 1739 alios
1276 1684 1384 1753 judices
1411 1684 1621 1751 ecclesiasticos,
1643 1685 1691 1740 ubi
1714 1693 1753 1741 est
1776 1685 1866 1754 major

215 1786 334 1846 cusator,
363 1776 481 1849 probare
504 1790 558 1830 non
583 1773 706 1837 valuerit,
728 1773 762 1827 ad
778 1780 876 1828 caetera
888 1773 943 1839 jam
959 1785 1013 1825 non
1064 1771 1221 1837 auctoritas,
1238 1772 1319 1826 luerit
1333 1782 1522 1842 provocatum,
1538 1789 1592 1828 non
1607 1773 1647 1828 eis
1662 1772 1733 1828 obsit
1746 1789 1866 1846 quorum

215 1865 379 1923 admittatur.
420 1865 513 1919 Testes
548 1870 639 1917 antem
677 1861 712 1915 ad
747 1858 931 1915 testimonium
959 1873 1014 1913 non
1064 1858 1146 1914 luerit
1174 1860 1262 1915 soluta
1287 1861 1431 1930 sententia,
1458 1861 1481 1915 si
1506 1861 1632 1919 convinci
1644 1876 1699 1918 non
1713 1863 1865 1933 potuerint,

215 1951 419 2014 admittendos,
457 1951 504 2022 qui
541 1965 592 2005 nec
619 1949 653 2003 ad
681 1947 881 2004 accusationem
910 1944 1015 2000 admitti
1064 1947 1108 2003 vel
1122 1947 1232 2004 inimico
1246 1948 1338 2004 animo
1361 1949 1510 2018 judicasse,
1540 1949 1583 2004 vel
1603 1949 1696 2022 aliqua
1717 1949 1865 2020 cupiditate

215 2039 346 2115 praecepti
375 2046 445 2103 sunt,
475 2037 519 2094 vel
545 2037 627 2093 etiam
653 2052 720 2109 qnos
743 2037 802 2106 ipse
823 2042 965 2090 accusator
980 2032 1014 2087 de
1064 2044 1109 2090 aut
1124 2036 1210 2108 gratia
1234 2037 1386 2106 depravari.
1413 2037 1483 2093 Sane
1504 2037 1528 2092 si
1550 2054 1588 2093 ev¹
1597 2053 1733 2093 consensu
1745 2039 1865 2109 partium

217 2145 265 2185 aua
292 2128 373 2183 domo
399 2125 578 2198 produxerit:
596 2125 630 2178 ad
660 2123 845 2179 testimonium
865 2131 954 2177 autern
970 2121 1014 2174 in·
1065 2123 1144 2178 electi
1159 2122 1632 2197 luerintjudices,etiamapauciori
1649 2140 1764 2181 numero
1783 2141 1866 2198 00001

216 2194 259 2272 tr⁰a
273 2230 360 2271 annos
374 2213 578 2287 quatuordecim
600 2212 685 2266 atatis
710 2227 766 2266 suae
790 2210 1014 2281 nonadrnittan-
1064 2211 1236 2267 constitutum
1264 2221 1316 2281 est,
1347 2229 1401 2267 non
1429 2213 1688 2284 liceat.provocari.
1707 2234 1719 2265 r
1740 2211 1865 2283 Qualiter

217 2311 271 2361 tur.
291 2305 351 2359 »Et
366 2310 475 2357 sanctus
489 2300 657 2372 Augustinus
681 2299 764 2354 dicit:
781 2323 791 2346 u
810 2297 953 2368 Quamvis,
970 2297 1014 2352 in·
1064 2308 1153 2354 autem
1168 2301 1300 2356 sententia
1315 2300 1386 2354 finiri
1399 2302 1504 2364 debeat,
1521 2301 1599 2375 leges
1614 2310 1643 2357 et
1656 2302 1725 2358 sacri
1739 2317 1864 2358 canones

218 2391 323 2463 quiens,
350 2406 415 2446 vera
437 2389 490 2444 sint
514 2388 648 2461 quaedam,
664 2403 719 2442 non
733 2396 824 2441 tamen
835 2386 920 2454 judici
935 2385 1015 2442 facile
1065 2396 1225 2456 monstrant,
1241 2390 1363 2444 dicentes
1378 2398 1407 2444 ut
1421 2390 1463 2446 vel
1478 2390 1505 2445 in
1519 2391 1634 2462 synodo,
1650 2389 1693 2447 vel
1715 2406 1766 2461 per
1785 2390 1864 2460 judi·

221 2477 359 2537 cradenda
374 2485 447 2543 sunt,
462 2476 515 2532 nisi
528 2476 612 2531 certis
631 2475 739 2530 indiciis
754 2475 984 2530 demonstrentur.
1002 2497 1013 2522 a
1065 2492 1121 2543 ces,
1137 2476 1195 2530 sive
1209 2493 1277 2549 quos
1292 2479 1483 2548 conquirentes
1505 2478 1636 2549 primates
1650 2478 1786 2545 dederint,
1802 2479 1864 2534 sire

220 2565 274 2637 Qui
300 2566 363 2624 fecit
391 2566 464 2638 quod
491 2564 592 2630 docuit,
618 2580 679 2619 cum
699 2563 727 2618 in
742 2561 848 2617 reddita
864 2562 966 2617 ratione
979 2560 1015 2616 ad
1066 2579 1134 2636 qnos
1149 2564 1201 2635 ipsi
1216 2564 1319 2619 vicinos
1334 2582 1366 2620 ex
1383 2581 1519 2621 consensu
1534 2566 1694 2640 delegerint.
1709 2588 1720 2614 a
1736 2565 1867 2638 Deputati

212 2655 361 2728 primatem
375 2669 432 2710 suae
445 2653 592 2724 provinciae
602 2651 768 2723 Xantippum
779 2650 912 2715 scribens,
925 2665 1016 2721 quern·
1065 2660 1154 2706 autern
1178 2652 1284 2721 iudices
1306 2653 1438 2723 episcopi,
1462 2662 1490 2709 ut
1515 2653 1672 2711 Africanum
1686 2654 1751 2710 dicit
1766 2655 1865 2711 conci-

219 2744 284 2799 dam
305 2741 492 2814 presbyterum
516 2757 595 2795 sunm
615 2739 818 2795 Abundantium
837 2754 897 2792 ase
908 2736 1015 2806 judica·
1064 2739 1130 2794 lium
1145 2742 1220 2809 (con.
1238 2742 1292 2812 88),
1309 2741 1343 2795 ab
1365 2741 1412 2796 1110
1427 2742 1543 2812 primate
1559 2749 1621 2798 suut
1635 2742 1726 2808 dandi,
1741 2742 1771 2798 in
1787 2743 1866 2812 cuius

219 2829 545 2894 tumessedemonstrat,
575 2828 610 2883 de
638 2842 672 2883 eo
694 2828 788 2882 dicens
809 2827 907 2899 (epist.
927 2828 1014 2895 '236'tz
1065 2827 1204 2897 provincia
1232 2845 1314 2883 eausa
1342 2839 1466 2884 versatur
1482 2848 1488 2885 :
1505 2831 1527 2885 si
1555 2838 1644 2886 autem
1665 2847 1699 2886 ex
1721 2831 1864 2888 communi

219 2939 230 2963 a
249 2917 360 2971 lnsinuo
373 2915 524 2986 prudentiae
539 2924 600 2980 tute,
617 2915 816 2969 Abundantium
828 2914 973 2984 quemdam
988 2913 1016 2967 in
1064 2915 1164 2984 placito
1179 2915 1371 2987 conquirentes
1392 2917 1495 2973 ricinos
1514 2917 1622 2988 judices
1644 2918 1789 2991 elegerint,
1816 2925 1865 2974 aut

218 3001 303 3059 fundo
317 3002 535 3058 Strabonianensi
558 3002 709 3072 pertinente
731 3001 765 3055 ad
788 3016 881 3056 curam
896 3007 1014 3055 nostram
1067 3018 1135 3056 unus
1163 3003 1288 3073 eligatur,
1318 3011 1363 3057 aut
1392 3012 1458 3068 tres,
1486 3013 1513 3060 et
1540 3005 1563 3060 si
1586 3014 1640 3062 tres
1654 3005 1799 3080 elegerint,
1816 3012 1865 3061 aut

217 3091 371 3147 ordinatum
385 3090 469 3145 luisse
480 3091 681 3160 presbyterum.
698 3088 749 3157 Qui
769 3105 831 3143 cum
846 3103 899 3142 non
914 3089 1013 3142 ambn-
1030 3063 1181 3145 Comnium
1210 3092 1371 3146 sententiam
1399 3101 1556 3165 sequantur,
1581 3101 1625 3148 aut
1644 3093 1770 3149 duorum.
1789 3115 1801 3145 r
1826 3094 1865 3149 Bt

216 3179 351 3236 laretvias
364 3194 504 3235 servorum
527 3177 586 3241 Dei,
608 3194 663 3233 non
685 3177 783 3233 bonam
799 3176 896 3240 lamam
912 3176 1013 3231 babere
1063 3176 1284 3233 chalcedonense
1311 3179 1456 3234 concilium
1477 3180 1544 3236 dicit
1566 3182 1641 3250 (cau.
1657 3182 1704 3254 9):
1723 3205 1734 3230 α
1754 3181 1862 3255 Siquis

218 3275 350 3339 coeperat,
367 3283 419 3340 qua
448 3282 500 3338 ego
528 3266 702 3331 conterritus,
730 3281 784 3320 non
806 3272 897 3319 tamen
910 3272 1012 3320 temere
1062 3265 1177 3330 clericus
1205 3267 1335 3322 adversus
1363 3266 1492 3324 clericum
1520 3269 1603 3324 babet
1630 3268 1781 3342 negotium.
1804 3285 1862 3325 non

140 3374 144 3381 ¹
215 3356 316 3428 aliquid
331 3355 442 3411 credere
456 3355 560 3420 volens,
577 3355 626 3409 sed
645 3355 726 3425 plane
749 3352 891 3407 sollicitior
915 3351 1010 3420 lactus,
1062 3354 1170 3407 deserat
1184 3354 1342 3426 episcopum
1366 3355 1516 3426 proprium,
1538 3364 1565 3412 et
1587 3356 1622 3412 ad
1638 3357 1780 3413 saecularia
1793 3373 1862 3429 per·

216 3459 327 3516 operam
352 3444 426 3509 dedi,
450 3443 473 3497 si
496 3444 632 3514 quomodo
655 3458 765 3514 possem
778 3442 813 3496 ad
828 3441 917 3511 aliqua
933 3438 1012 3495 malae
1062 3448 1152 3496 currat
1164 3442 1283 3510 judicia;
1301 3443 1349 3497 sed
1364 3443 1438 3513 prius
1460 3444 1529 3500 actio
1553 3445 1696 3501 ventiletur
1711 3445 1784 3517 apud
1800 3445 1884 3517 epi·.

184 3599 187 3604 Δ
215 3531 430 3588 conversationis
463 3531 521 3599 ejus
554 3538 628 3586 certa
660 3530 758 3585 indicia
790 3528 942 3600 pervenire.
973 3529 1011 3582 Ac
1062 3545 1176 3599 scopum
1199 3530 1349 3601 proprium,
1372 3532 1416 3586 vel
1439 3540 1513 3588 certe
1535 3532 1649 3588 consilio
1663 3533 1789 3603 ejusdem
1803 3532 1863 3605 epi·

213 3620 304 3691 primo
317 3619 448 3689 comperi,
475 3635 536 3673 eum
560 3618 704 3689 pecuniam
725 3618 867 3686 cujusdam
882 3615 1011 3672 rusticani
1061 3617 1147 3687 scopi,
1163 3618 1234 3688 apud
1250 3634 1319 3690 quos
1334 3627 1455 3691 utreque
1469 3628 1559 3692 partes
1573 3620 1717 3688 voluerint,
1725 3622 1861 3692 judicium

212 3706 248 3764 de
265 3707 327 3762 vino
341 3707 414 3777 apud
440 3723 470 3760 se
493 3706 682 3761 commendato
709 3704 907 3769 intervertisse,
932 3705 969 3758 ita
982 3712 1011 3758 nt
1060 3705 1247 3760 continebunt.
1263 3705 1291 3761 Si
1308 3707 1369 3778 quis
1384 3715 1475 3762 autem
1497 3717 1597 3779 praeter
1618 3707 1861 3776 1110100011,οε-

211 3793 315 3849 nullam
342 3792 405 3848 inde
426 3801 519 3863 posset
540 3791 710 3862 probabilem
734 3791 850 3846 reddere
864 3790 1008 3845 rationem.
1060 3792 1166 3847 nonicis
1187 3793 1403 3863 correptionibus
1421 3795 1582 3865 subjacebit.
1606 3821 1617 3844 ι
1641 3797 1675 3853 Et
1689 3805 1801 3854 sanctus
1815 3798 1862 3854 ln·

212 3880 319 3936 Deinde
333 3880 474 3936 convictus
489 3888 569 3950 atque
582 3879 724 3935 consessus
735 3888 785 3945 est,
795 3879 839 3933 die
850 3879 946 3947 jejunii
961 3893 1009 3933 na·
1060 3880 1202 3934 nocentius
1215 3881 1250 3935 ad
1271 3881 1428 3937 victricium
1449 3884 1608 3956 episcopum
1625 3902 1632 3938 :
1651 3905 1662 3936 1
1681 3883 1710 3942 Si
1724 3900 1799 3958 qnae,
1814 3885 1861 3942 in·

212 3966 275 4022 talis
290 3965 408 4032 Domini,
430 3983 484 4036 quo
508 3967 589 4021 etiarn
608 3967 753 4038 Gippitana
767 3967 883 4023 ecclesia
899 3966 968 4021 sicut
982 3973 1009 4020 et
1059 3966 1116 4037 quit
1131 3969 1223 4040 (epist.
1235 3970 1272 4037 1),
1289 3985 1387 4039 causae,
1398 3970 1442 4026 vel
1454 3972 1641 4029 contentiones
1656 3972 1727 4028 inter
1741 3973 1861 4031 clericos

211 4061 315 4113 cetere
328 4054 477 4123 jejunabat,
498 4070 559 4108 cum
581 4062 708 4126 tanquam
722 4062 896 4124 perrecturus
911 4054 945 4108 ad
959 4069 1008 4110 ec·
1059 4061 1114 4108 tam
1129 4055 1278 4126 superioris
1293 4058 1398 4112 ordinis
1412 4074 1495 4130 qnam
1510 4059 1588 4115 edam
1608 4059 1747 4117 inferioris
1761 4060 1861 4117 fuerint

209 4141 321 4198 alesiam
336 4157 413 4197 suam
437 4141 607 4198 valefecisset
634 4142 748 4215 collegae
771 4157 821 4198 suo
848 4141 1008 4212 presbytero
1058 4151 1169 4208 exortae,
1187 4151 1214 4197 ut
1230 4145 1379 4200 secundum
1389 4147 1670 4218 synodumNicaenam
1680 4148 1860 4224 congregatis

210 4229 357 4301 Gippitana
371 4231 438 4286 bora
451 4229 508 4285 lere
533 4230 636 4300 quinta,
666 4239 692 4285 et
716 4245 778 4285 cum
797 4246 888 4284 secum
904 4229 1008 4284 nullum
1058 4230 1178 4298 ejusdem
1205 4232 1354 4303 provinciae
1378 4235 1514 4307 episcopis
1535 4236 1656 4309 iurgium
1670 4237 1858 4299 terminetur:

209 4317 338 4375 clericum
354 4318 475 4383 baberet,
492 4317 519 4373 in
529 4318 626 4374 eodem
643 4317 725 4373 iundo
736 4317 877 4382 restitisse,
893 4325 920 4371 et
934 4317 1007 4388 apud
1057 4334 1109 4374 neo
1136 4319 1215 4374 alicui
1244 4319 1324 4376 liceat
1352 4321 1422 4392 (sine
1446 4324 1601 4395 praejudicio
1619 4333 1711 4382 tamen
1724 4325 1860 4383 Romanae

210 4407 357 4478 qnamdam
386 4407 463 4463 malae
491 4405 570 4462 iamae
597 4405 749 4472 mulierem,
775 4415 800 4460 et
822 4404 966 4475 prandisse
981 4407 1042 4467 etD
1056 4406 1197 4477 Ecclesia,
1213 4409 1255 4463 cui
1275 4409 1301 4462 in
1326 4411 1450 4466 omnibus
1479 4412 1568 4468 causis
1595 4412 1676 4469 debet
1704 4414 1860 4472 reverentia

210 4509 344 4564 coenasse,
362 4497 388 4550 ct
402 4494 431 4549 in
445 4509 499 4549 una
513 4495 596 4550 domo
623 4495 765 4559 mansisse,
790 4501 816 4547 ει
832 4495 884 4548 hoo
904 4508 1008 4564 negare
1059 4496 1211 4568 custodiri),
1237 4497 1339 4553 relictis
1359 4496 1415 4553 his'
1427 4500 1625 4568 sacerdotibus,
1650 4502 1697 4574 qui
1715 4500 1746 4558 in
1760 4503 1858 4559 ειάειε

210 4597 264 4636 000
278 4582 373 4653 potuit.
389 4582 460 4637 Nam
475 4598 537 4653 quae
561 4583 669 4653 negavit
693 4583 750 4636 beo
765 4580 865 4645 dimisi,
887 4596 947 4652 quae
961 4595 1008 4637 00-
1057 4583 1198 4653 provincia
1213 4585 1264 4639 Dei
1277 4585 1429 4659 Ecclesiam
1453 4596 1520 4643 nutu
1535 4588 1627 4645 divirm
1640 4589 1806 4661 gubernant,
1823 4589 1858 4646 ad

208 4669 308 4725 euitare
325 4669 476 4740 permissus
498 4685 553 4724 non
575 4677 626 4735 est,
639 4669 770 4738 judicavi.
788 4668 875 4722 Timui
889 4668 914 4722 ei
929 4683 1007 4724 corn-
1057 4670 1123 4724 alias
1138 4672 1283 4727 convolare
1297 4673 1464 4744 provincias.
1482 4674 1561 4744 Quod
1576 4675 1600 4753 si
1623 4677 1685 4749 quis
1698 4676 1772 4735 lorte
1785 4685 1858 4752 p‘rar·

209 4756 317 4812 mittere
346 4757 509 4824 ecclesiam,
542 4757 693 4827 prasertim
721 4757 791 4811 inter
817 4755 1007 4811 haereticomm
1058 4759 1212 4828 sumpserit,
1229 4767 1255 4813 ει
1268 4761 1302 4814 ab
1318 4760 1407 4817 officio
1432 4763 1500 4819 cleri
1523 4760 1674 4834 submotus,
1700 4773 1728 4822 et
1742 4766 1857 4838 iujuria-

210 4843 468 4900 circumlatrantium
496 4845 599 4899 rabiem
623 4845 805 4901 constitutam.
836 4845 898 4899 Hac
919 4854 1008 4898 autem
1057 4861 1118 4900 rum
1134 4862 1197 4901 reus
1213 4847 1247 4900 ab
1261 4848 1387 4904 omnibus
1406 4850 1553 4920 judicetur.
1579 4853 1608 4909 si
1631 4862 1722 4910 autem
1736 4855 1858 4926 majores

209 4945 254 4986 me
267 4931 417 5001 prudentie
441 4942 493 4988 tuae
512 4933 647 5004 praecipue
662 4933 786 4987 intimare
802 4931 955 5002 oportebat,
972 4947 1006 4987 ne
1057 4949 1146 4991 causae
1161 4935 1188 4989 in
1204 4935 1294 4991 medio
1312 4937 1411 4993 tuerint
1424 4939 1567 5010 devoluta,
1584 4940 1618 4996 ad
1633 4941 1727 4998 sedern
1743 4950 1858 5015 aposto-

209 5017 300 5090 aliqua
327 5019 374 5073 tibi
403 5019 506 5076 fallacia
529 5021 701 5092 subreperet.
721 5045 731 5069 ..
750 5020 857 5076 Sciebat
871 5019 943 5074 enim
957 5019 1007 5074 iste
1056 5021 1147 5088 licam,
1165 5024 1234 5079 sicut
1250 5025 1370 5095 synodus
1399 5028 1500 5094 statuit,
1531 5036 1559 5084 et
1587 5037 1666 5085 vetus
1687 5031 1860 5087 consuetudo

208 5105 249 5162 vir
263 5107 371 5162 Domini
385 5124 514 5172 canones,
537 5117 563 5163 et
584 5125 639 5164 non
653 5109 844 5164 contemnebat
858 5105 1007 5162 secundum
1057 5111 1149 5183 exigit,
1166 5120 1227 5182 post
1239 5112 1371 5181 judicium
1386 5115 1541 5187 episcopale
1555 5116 1715 5183 referantur.
1736 5142 1749 5168 ι

208 5196 320 5251 eosdem
336 5210 429 5252 sacros
443 5212 572 5261 canones,
589 5197 696 5267 primati
718 5212 777 5262 suo,
803 5195 900 5250 minori
915 5194 1007 5250 seien—
1092 5201 1125 5253 Et
1140 5199 1203 5270 quia
1218 5200 1286 5255 sieut
1312 5201 1366 5256 duo
1394 5211 1456 5258 sunt
1486 5213 1609 5276 peccata,
1634 5214 1660 5261 et
1684 5205 1741 5262 duo
1755 5223 1860 5282 genera

209 5281 245 5337 tia
261 5291 287 5339 ει
301 5283 371 5339 lorte
382 5284 488 5352 merito,
505 5284 554 5341 sed
564 5284 663 5354 potiori
676 5285 737 5350 loco
751 5285 840 5352 subdi,
857 5282 1008 5339 obaudiens
1056 5296 1232 5357 peccatorum
1246 5289 1303 5358 (aut
1319 5289 1392 5345 enim
1412 5290 1440 5345 in
1462 5293 1550 5348 Deum
1577 5301 1676 5365 peccat
1697 5293 1794 5362 bomo,
1814 5303 1860 5352 ant

211 5368 1007 5446 ἀ100οιε10100οι01001εΟὺεάίιερνωρεείιὶευεεινίεὶε
1056 5374 1257 5444 1010101οε10),
1287 5385 1313 5433 et
1340 5377 1394 5434 duo
1421 5388 1485 5435 sunt
1510 5380 1642 5438 adventus
1664 5382 1860 5459 11010101,ᾳεὶ

212 5467 328 5524 Domino
342 5468 432 5538 (ltebr.
447 5471 519 5533 nur).
538 5468 588 5525 Ubi
602 5476 691 5526 autem
706 5469 776 5527 inter
790 5475 966 5526 accusatores
980 5474 1008 5522 et
1056 5472 1128 5528 venit
1142 5481 1302 5544 peccatores
1316 5474 1405 5531 salvos
1426 5476 1525 5535 lucare.
1551 5477 1653 5536 Omnes
1667 5480 1749 5538 onim
1762 5473 1862 5556 paceo·
