<?xml version="1.0" encoding="UTF-8"?>
<!DOCTYPE html PUBLIC "-//W3C//DTD XHTML 1.0 Transitional//EN"
    "http://www.w3.org/TR/xhtml1/DTD/xhtml1-transitional.dtd">
<html xmlns="http://www.w3.org/1999/xhtml" xml:lang="en" lang="en">
 <head>
  <title>
</title>
<meta http-equiv="Content-Type" content="text/html;charset=utf-8" />
  <meta name='ocr-system' content='tesseract 3.04.00' />
  <meta name='ocr-capabilities' content='ocr_page ocr_carea ocr_par ocr_line ocrx_word'/>
</head>
<body>
  <div class='ocr_page' id='page_1' title='image "./patrologiaecurs81unkngoog/patrologiaecurs81unkngoog_0014.png"; bbox 0 0 3794 6104; ppageno 0'>
   <div class='ocr_carea' id='block_1_1' title="bbox 96 261 1740 325">
    <p class='ocr_par' dir='ltr' id='par_1_1' title="bbox 96 261 1740 325">
     <span class='ocr_line' id='line_1_1' title="bbox 96 261 1740 325; baseline -0.004 0"><span class='ocrx_word' id='word_1_1' title='bbox 96 271 124 325; x_wconf 81' lang='lat' dir='ltr'><strong>li</strong></span> <span class='ocrx_word' id='word_1_2' title='bbox 820 261 1009 320; x_wconf 71' lang='lat' dir='ltr'><strong>Erlsroae.</strong></span> <span class='ocrx_word' id='word_1_3' title='bbox 1706 265 1740 319; x_wconf 85' lang='lat' dir='ltr'><strong>tt</strong></span> 
     </span>
    </p>
   </div>
   <div class='ocr_carea' id='block_1_2' title="bbox 93 385 1737 465">
    <p class='ocr_par' dir='ltr' id='par_1_2' title="bbox 93 385 1737 465">
     <span class='ocr_line' id='line_1_2' title="bbox 93 385 1737 465; baseline -0.005 -16"><span class='ocrx_word' id='word_1_4' title='bbox 93 394 150 465; x_wconf 87' lang='lat' dir='ltr'><strong>egit,</strong></span> <span class='ocrx_word' id='word_1_5' title='bbox 169 407 225 447; x_wconf 90' lang='lat' dir='ltr'><strong>non</strong></span> <span class='ocrx_word' id='word_1_6' title='bbox 234 399 384 463; x_wconf 88' lang='lat' dir='ltr'><strong>propterea</strong></span> <span class='ocrx_word' id='word_1_7' title='bbox 395 406 443 446; x_wconf 89' lang='lat' dir='ltr'><strong>vos</strong></span> <span class='ocrx_word' id='word_1_8' title='bbox 452 391 587 446; x_wconf 91' lang='lat' dir='ltr'><strong>immunes</strong></span> <span class='ocrx_word' id='word_1_9' title='bbox 595 390 678 456; x_wconf 85' lang='lat' dir='ltr'><strong>eritis,</strong></span> <span class='ocrx_word' id='word_1_10' title='bbox 692 391 714 445; x_wconf 91' lang='lat' dir='ltr'><strong>si</strong></span> <span class='ocrx_word' id='word_1_11' title='bbox 727 389 794 444; x_wconf 89' lang='lat' dir='ltr'><strong>illud</strong></span> <span class='ocrx_word' id='word_1_12' title='bbox 804 387 886 462; x_wconf 92' lang='lat' dir='ltr'><strong>quod,</strong></span> <span class='ocrx_word' id='word_1_13' title='bbox 903 388 1006 459; x_wconf 75' lang='lat' dir='ltr'><strong>Aquis</strong></span> <span class='ocrx_word' id='word_1_14' title='bbox 1019 388 1139 443; x_wconf 91' lang='lat' dir='ltr'><strong>omnium</strong></span> <span class='ocrx_word' id='word_1_15' title='bbox 1155 386 1226 445; x_wconf 89' lang='lat' dir='ltr'><strong>oculi</strong></span> <span class='ocrx_word' id='word_1_16' title='bbox 1240 387 1267 441; x_wconf 93' lang='lat' dir='ltr'><strong>in</strong></span> <span class='ocrx_word' id='word_1_17' title='bbox 1284 403 1333 442; x_wconf 91' lang='lat' dir='ltr'><strong>vos</strong></span> <span class='ocrx_word' id='word_1_18' title='bbox 1346 386 1447 443; x_wconf 88' lang='lat' dir='ltr'><strong>debent</strong></span> <span class='ocrx_word' id='word_1_19' title='bbox 1461 386 1617 443; x_wconf 83' lang='lat' dir='ltr'><strong>intendere:</strong></span> <span class='ocrx_word' id='word_1_20' title='bbox 1636 385 1737 458; x_wconf 87' lang='lat' dir='ltr'><strong>quossi</strong></span> 
     </span>
    </p>
   </div>
   <div class='ocr_carea' id='block_1_3' title="bbox 88 478 893 997">
    <p class='ocr_par' dir='ltr' id='par_1_3' title="bbox 88 478 893 997">
     <span class='ocr_line' id='line_1_3' title="bbox 92 478 888 551; baseline -0.006 -15"><span class='ocrx_word' id='word_1_21' title='bbox 92 490 154 537; x_wconf 88' lang='lat' dir='ltr'><strong>teste</strong></span> <span class='ocrx_word' id='word_1_22' title='bbox 169 481 300 548; x_wconf 86' lang='lat' dir='ltr'><strong>Domino,</strong></span> <span class='ocrx_word' id='word_1_23' title='bbox 316 480 459 551; x_wconf 72' lang='lat' dir='ltr'><strong>pepigistis</strong></span> <span class='ocrx_word' id='word_1_24' title='bbox 474 487 501 535; x_wconf 93' lang='lat' dir='ltr'><strong>et</strong></span> <span class='ocrx_word' id='word_1_25' title='bbox 516 478 706 548; x_wconf 85' lang='lat' dir='ltr'><strong>confirmastis,</strong></span> <span class='ocrx_word' id='word_1_26' title='bbox 733 478 888 543; x_wconf 90' lang='lat' dir='ltr'><strong>observare,</strong></span> 
     </span>
     <span class='ocr_line' id='line_1_4' title="bbox 90 565 891 641; baseline -0.007 -16"><span class='ocrx_word' id='word_1_27' title='bbox 90 571 161 641; x_wconf 92' lang='lat' dir='ltr'><strong>quod</strong></span> <span class='ocrx_word' id='word_1_28' title='bbox 175 569 256 635; x_wconf 88' lang='lat' dir='ltr'><strong>absit,</strong></span> <span class='ocrx_word' id='word_1_29' title='bbox 273 584 327 624; x_wconf 92' lang='lat' dir='ltr'><strong>non</strong></span> <span class='ocrx_word' id='word_1_30' title='bbox 342 568 509 624; x_wconf 76' lang='lat' dir='ltr'><strong>studueritis.</strong></span> <span class='ocrx_word' id='word_1_31' title='bbox 525 569 668 624; x_wconf 80' lang='lat' dir='ltr'><strong>Neminem</strong></span> <span class='ocrx_word' id='word_1_32' title='bbox 685 567 785 639; x_wconf 84' lang='lat' dir='ltr'><strong>quippe</strong></span> <span class='ocrx_word' id='word_1_33' title='bbox 810 565 891 635; x_wconf 85' lang='lat' dir='ltr'><strong>adju-</strong></span> 
     </span>
     <span class='ocr_line' id='line_1_5' title="bbox 89 652 893 730; baseline -0.006 -17"><span class='ocrx_word' id='word_1_34' title='bbox 89 668 129 713; x_wconf 87' lang='lat' dir='ltr'><strong>vat</strong></span> <span class='ocrx_word' id='word_1_35' title='bbox 145 658 223 730; x_wconf 91' lang='lat' dir='ltr'><strong>quod</strong></span> <span class='ocrx_word' id='word_1_36' title='bbox 238 657 327 713; x_wconf 83' lang='lat' dir='ltr'><strong>aliena</strong></span> <span class='ocrx_word' id='word_1_37' title='bbox 341 657 412 711; x_wconf 84' lang='lat' dir='ltr'><strong>mala</strong></span> <span class='ocrx_word' id='word_1_38' title='bbox 426 657 610 728; x_wconf 80' lang='lat' dir='ltr'><strong>reprehendit,</strong></span> <span class='ocrx_word' id='word_1_39' title='bbox 641 656 692 711; x_wconf 88' lang='lat' dir='ltr'><strong>nisi</strong></span> <span class='ocrx_word' id='word_1_40' title='bbox 707 664 733 710; x_wconf 90' lang='lat' dir='ltr'><strong>et</strong></span> <span class='ocrx_word' id='word_1_41' title='bbox 761 655 820 725; x_wconf 92' lang='lat' dir='ltr'><strong>ipse</strong></span> <span class='ocrx_word' id='word_1_42' title='bbox 847 652 893 708; x_wconf 91' lang='lat' dir='ltr'><strong>illa</strong></span> 
     </span>
     <span class='ocr_line' id='line_1_6' title="bbox 88 744 892 816; baseline -0.006 -13"><span class='ocrx_word' id='word_1_43' title='bbox 88 755 204 804; x_wconf 83' lang='lat' dir='ltr'><strong>careat:</strong></span> <span class='ocrx_word' id='word_1_44' title='bbox 223 746 295 816; x_wconf 92' lang='lat' dir='ltr'><strong>quod</strong></span> <span class='ocrx_word' id='word_1_45' title='bbox 310 745 479 800; x_wconf 89' lang='lat' dir='ltr'><strong>demonstrat</strong></span> <span class='ocrx_word' id='word_1_46' title='bbox 494 745 603 809; x_wconf 86' lang='lat' dir='ltr'><strong>Paulus,</strong></span> <span class='ocrx_word' id='word_1_47' title='bbox 620 744 715 800; x_wconf 92' lang='lat' dir='ltr'><strong>dicens</strong></span> <span class='ocrx_word' id='word_1_48' title='bbox 732 762 738 797; x_wconf 94' lang='lat'><strong>:</strong></span> <span class='ocrx_word' id='word_1_49' title='bbox 761 747 859 805; x_wconf 82' lang='lat' dir='ltr'><strong>Putes,</strong></span> <span class='ocrx_word' id='word_1_50' title='bbox 876 758 892 799; x_wconf 90' lang='lat' dir='ltr'><strong>o</strong></span> 
     </span>
     <span class='ocr_line' id='line_1_7' title="bbox 88 832 892 907; baseline -0.006 -15"><span class='ocrx_word' id='word_1_51' title='bbox 88 838 178 904; x_wconf 71' lang='lat' dir='ltr'><strong>mino,</strong></span> <span class='ocrx_word' id='word_1_52' title='bbox 195 835 268 907; x_wconf 81' lang='lat' dir='ltr'><strong>qnod</strong></span> <span class='ocrx_word' id='word_1_53' title='bbox 285 839 318 890; x_wconf 85' lang='lat' dir='ltr'><strong>tn</strong></span> <span class='ocrx_word' id='word_1_54' title='bbox 332 835 431 890; x_wconf 82' lang='lat' dir='ltr'><strong>enodes</strong></span> <span class='ocrx_word' id='word_1_55' title='bbox 443 834 586 906; x_wconf 82' lang='lat' dir='ltr'><strong>judicium</strong></span> <span class='ocrx_word' id='word_1_56' title='bbox 601 835 660 899; x_wconf 80' lang='lat' dir='ltr'><strong>het,</strong></span> <span class='ocrx_word' id='word_1_57' title='bbox 670 832 892 905; x_wconf 80' lang='lat' dir='ltr'><strong>qnieoderuoqir</strong></span> 
     </span>
     <span class='ocr_line' id='line_1_8' title="bbox 88 924 462 997; baseline -0.013 -17"><span class='ocrx_word' id='word_1_58' title='bbox 88 942 150 997; x_wconf 76' lang='lat' dir='ltr'><strong>qne</strong></span> <span class='ocrx_word' id='word_1_59' title='bbox 162 925 295 996; x_wconf 80' lang='lat' dir='ltr'><strong>judicos?</strong></span> <span class='ocrx_word' id='word_1_60' title='bbox 310 926 400 993; x_wconf 80' lang='lat' dir='ltr'><strong>(Rern.</strong></span> <span class='ocrx_word' id='word_1_61' title='bbox 419 924 462 993; x_wconf 85' lang='grc' dir='ltr'>ιι.)</span> 
     </span>
    </p>
   </div>
   <div class='ocr_carea' id='block_1_4' title="bbox 87 1026 894 1157">
    <p class='ocr_par' dir='ltr' id='par_1_4' title="bbox 87 1026 894 1157">
     <span class='ocr_line' id='line_1_9' title="bbox 87 1026 894 1100; baseline -0.005 -16"><span class='ocrx_word' id='word_1_62' title='bbox 87 1031 135 1084; x_wconf 76' lang='lat' dir='ltr'><strong>IX.</strong></span> <span class='ocrx_word' id='word_1_63' title='bbox 155 1033 187 1088; x_wconf 75' lang='grc' dir='ltr'>ιῖι</span> <span class='ocrx_word' id='word_1_64' title='bbox 208 1034 333 1085; x_wconf 82' lang='lat' dir='ltr'><strong>rectores</strong></span> <span class='ocrx_word' id='word_1_65' title='bbox 350 1029 714 1085; x_wconf 73' lang='lat' dir='ltr'><strong>nronnstcriornmsollicite</strong></span> <span class='ocrx_word' id='word_1_66' title='bbox 727 1026 894 1100; x_wconf 83' lang='lat' dir='ltr'><strong>provideant</strong></span> 
     </span>
     <span class='ocr_line' id='line_1_10' title="bbox 120 1098 877 1157; baseline -0.009 0"><span class='ocrx_word' id='word_1_67' title='bbox 120 1106 154 1157; x_wconf 86' lang='lat' dir='ltr'><strong>nt</strong></span> <span class='ocrx_word' id='word_1_68' title='bbox 164 1103 277 1156; x_wconf 72' lang='lat' dir='ltr'><strong>senece</strong></span> <span class='ocrx_word' id='word_1_69' title='bbox 288 1101 404 1155; x_wconf 77' lang='lat' dir='ltr'><strong>ancille</strong></span> <span class='ocrx_word' id='word_1_70' title='bbox 414 1102 463 1155; x_wconf 87' lang='lat' dir='ltr'><strong>Dei</strong></span> <span class='ocrx_word' id='word_1_71' title='bbox 473 1100 628 1155; x_wconf 75' lang='lat' dir='ltr'><strong>scoriadam</strong></span> <span class='ocrx_word' id='word_1_72' title='bbox 636 1099 764 1155; x_wconf 85' lang='lat' dir='ltr'><strong>ordinem</strong></span> <span class='ocrx_word' id='word_1_73' title='bbox 770 1098 877 1154; x_wconf 74' lang='lat' dir='ltr'><strong>trienni.</strong></span> 
     </span>
    </p>
   </div>
   <div class='ocr_carea' id='block_1_5' title="bbox 84 1211 893 1725">
    <p class='ocr_par' dir='ltr' id='par_1_5' title="bbox 84 1211 893 1725">
     <span class='ocr_line' id='line_1_11' title="bbox 106 1211 892 1284; baseline -0.006 -14"><span class='ocrx_word' id='word_1_74' title='bbox 106 1216 240 1270; x_wconf 83' lang='lat' dir='ltr'><strong>Rectores</strong></span> <span class='ocrx_word' id='word_1_75' title='bbox 255 1215 337 1269; x_wconf 81' lang='lat' dir='ltr'><strong>etiam</strong></span> <span class='ocrx_word' id='word_1_76' title='bbox 352 1213 589 1279; x_wconf 87' lang='lat' dir='ltr'><strong>monasteriorum,</strong></span> <span class='ocrx_word' id='word_1_77' title='bbox 606 1213 705 1284; x_wconf 93' lang='lat' dir='ltr'><strong>quibus</strong></span> <span class='ocrx_word' id='word_1_78' title='bbox 724 1211 892 1266; x_wconf 89' lang='lat' dir='ltr'><strong>monasteria</strong></span> 
     </span>
     <span class='ocr_line' id='line_1_12' title="bbox 84 1301 891 1374; baseline -0.005 -16"><span class='ocrx_word' id='word_1_79' title='bbox 84 1304 268 1368; x_wconf 88' lang='lat' dir='ltr'><strong>committitis,</strong></span> <span class='ocrx_word' id='word_1_80' title='bbox 285 1301 399 1357; x_wconf 86' lang='lat' dir='ltr'><strong>firmiter</strong></span> <span class='ocrx_word' id='word_1_81' title='bbox 413 1310 440 1357; x_wconf 93' lang='lat' dir='ltr'><strong>et</strong></span> <span class='ocrx_word' id='word_1_82' title='bbox 456 1301 555 1357; x_wconf 85' lang='lat' dir='ltr'><strong>obnixe</strong></span> <span class='ocrx_word' id='word_1_83' title='bbox 576 1301 715 1374; x_wconf 74' lang='lat' dir='ltr'><strong>praecipite</strong></span> <span class='ocrx_word' id='word_1_84' title='bbox 739 1308 768 1354; x_wconf 91' lang='lat' dir='ltr'><strong>ut</strong></span> <span class='ocrx_word' id='word_1_85' title='bbox 791 1315 891 1355; x_wconf 90' lang='lat' dir='ltr'><strong>secun-</strong></span> 
     </span>
     <span class='ocr_line' id='line_1_13' title="bbox 87 1387 891 1460; baseline -0.007 -13"><span class='ocrx_word' id='word_1_86' title='bbox 87 1393 154 1447; x_wconf 90' lang='lat' dir='ltr'><strong>dum</strong></span> <span class='ocrx_word' id='word_1_87' title='bbox 178 1391 307 1447; x_wconf 84' lang='lat' dir='ltr'><strong>ordinem</strong></span> <span class='ocrx_word' id='word_1_88' title='bbox 331 1398 358 1446; x_wconf 91' lang='lat' dir='ltr'><strong>et</strong></span> <span class='ocrx_word' id='word_1_89' title='bbox 379 1389 501 1445; x_wconf 90' lang='lat' dir='ltr'><strong>habitum</strong></span> <span class='ocrx_word' id='word_1_90' title='bbox 523 1405 555 1445; x_wconf 88' lang='lat' dir='ltr'><strong>ac</strong></span> <span class='ocrx_word' id='word_1_91' title='bbox 577 1406 681 1454; x_wconf 81' lang='lat' dir='ltr'><strong>sexum,</strong></span> <span class='ocrx_word' id='word_1_92' title='bbox 707 1404 761 1460; x_wconf 95' lang='lat' dir='ltr'><strong>quo</strong></span> <span class='ocrx_word' id='word_1_93' title='bbox 783 1387 891 1442; x_wconf 90' lang='lat' dir='ltr'><strong>inhabi-</strong></span> 
     </span>
     <span class='ocr_line' id='line_1_14' title="bbox 85 1476 891 1547; baseline -0.005 -12"><span class='ocrx_word' id='word_1_94' title='bbox 85 1489 174 1535; x_wconf 87' lang='lat' dir='ltr'><strong>tantes</strong></span> <span class='ocrx_word' id='word_1_95' title='bbox 191 1479 332 1534; x_wconf 91' lang='lat' dir='ltr'><strong>constituti</strong></span> <span class='ocrx_word' id='word_1_96' title='bbox 348 1485 408 1532; x_wconf 90' lang='lat' dir='ltr'><strong>sunt</strong></span> <span class='ocrx_word' id='word_1_97' title='bbox 424 1477 539 1533; x_wconf 76' lang='lat' dir='ltr'><strong>sollicite</strong></span> <span class='ocrx_word' id='word_1_98' title='bbox 554 1485 581 1533; x_wconf 91' lang='lat' dir='ltr'><strong>et</strong></span> <span class='ocrx_word' id='word_1_99' title='bbox 596 1478 709 1532; x_wconf 88' lang='lat' dir='ltr'><strong>solerter</strong></span> <span class='ocrx_word' id='word_1_100' title='bbox 722 1476 891 1547; x_wconf 69' lang='lat' dir='ltr'><strong>prevideant</strong></span> 
     </span>
     <span class='ocr_line' id='line_1_15' title="bbox 86 1564 891 1625; baseline -0.004 -2"><span class='ocrx_word' id='word_1_101' title='bbox 86 1579 116 1623; x_wconf 94' lang='lat' dir='ltr'><strong>ut</strong></span> <span class='ocrx_word' id='word_1_102' title='bbox 141 1569 297 1625; x_wconf 85' lang='lat' dir='ltr'><strong>secundum</strong></span> <span class='ocrx_word' id='word_1_103' title='bbox 321 1567 442 1622; x_wconf 90' lang='lat' dir='ltr'><strong>debitum</strong></span> <span class='ocrx_word' id='word_1_104' title='bbox 466 1567 591 1622; x_wconf 88' lang='lat' dir='ltr'><strong>ordinem</strong></span> <span class='ocrx_word' id='word_1_105' title='bbox 619 1566 691 1621; x_wconf 90' lang='lat' dir='ltr'><strong>servi</strong></span> <span class='ocrx_word' id='word_1_106' title='bbox 715 1566 758 1620; x_wconf 90' lang='lat' dir='ltr'><strong>vel</strong></span> <span class='ocrx_word' id='word_1_107' title='bbox 786 1564 891 1620; x_wconf 77' lang='lat' dir='ltr'><strong>ancillae</strong></span> 
     </span>
     <span class='ocr_line' id='line_1_16' title="bbox 88 1654 893 1725; baseline -0.006 -13"><span class='ocrx_word' id='word_1_108' title='bbox 88 1657 199 1712; x_wconf 86' lang='lat' dir='ltr'><strong>Domini</strong></span> <span class='ocrx_word' id='word_1_109' title='bbox 219 1657 322 1721; x_wconf 88' lang='lat' dir='ltr'><strong>vivant,</strong></span> <span class='ocrx_word' id='word_1_110' title='bbox 344 1664 370 1710; x_wconf 87' lang='lat' dir='ltr'><strong>et</strong></span> <span class='ocrx_word' id='word_1_111' title='bbox 388 1655 541 1709; x_wconf 86' lang='lat' dir='ltr'><strong>necessaria</strong></span> <span class='ocrx_word' id='word_1_112' title='bbox 564 1655 700 1725; x_wconf 87' lang='lat' dir='ltr'><strong>stipendia</strong></span> <span class='ocrx_word' id='word_1_113' title='bbox 723 1654 750 1708; x_wconf 91' lang='lat' dir='ltr'><strong>in</strong></span> <span class='ocrx_word' id='word_1_114' title='bbox 772 1654 844 1709; x_wconf 91' lang='lat' dir='ltr'><strong>victu</strong></span> <span class='ocrx_word' id='word_1_115' title='bbox 865 1661 893 1709; x_wconf 91' lang='lat' dir='ltr'><strong>et</strong></span> 
     </span>
    </p>
   </div>
   <div class='ocr_carea' id='block_1_6' title="bbox 88 1732 1060 1815">
    <p class='ocr_par' dir='ltr' id='par_1_6' title="bbox 88 1732 1060 1815">
     <span class='ocr_line' id='line_1_17' title="bbox 88 1732 1060 1815; baseline -0.011 -18"><span class='ocrx_word' id='word_1_116' title='bbox 88 1745 200 1814; x_wconf 77' lang='lat' dir='ltr'><strong>vestitu,</strong></span> <span class='ocrx_word' id='word_1_117' title='bbox 218 1752 244 1800; x_wconf 89' lang='lat' dir='ltr'><strong>et</strong></span> <span class='ocrx_word' id='word_1_118' title='bbox 260 1744 368 1799; x_wconf 87' lang='lat' dir='ltr'><strong>caeteris</strong></span> <span class='ocrx_word' id='word_1_119' title='bbox 386 1743 538 1815; x_wconf 84' lang='lat' dir='ltr'><strong>quibusque</strong></span> <span class='ocrx_word' id='word_1_120' title='bbox 557 1743 682 1807; x_wconf 81' lang='lat' dir='ltr'><strong>habeant,</strong></span> <span class='ocrx_word' id='word_1_121' title='bbox 705 1750 731 1797; x_wconf 92' lang='lat' dir='ltr'><strong>et</strong></span> <span class='ocrx_word' id='word_1_122' title='bbox 749 1742 846 1797; x_wconf 88' lang='lat' dir='ltr'><strong>domos</strong></span> <span class='ocrx_word' id='word_1_123' title='bbox 861 1743 928 1801; x_wconf 85' lang='lat' dir='ltr'><strong>acB</strong></span> <span class='ocrx_word' id='word_1_124' title='bbox 944 1732 1060 1787; x_wconf 72' lang='lat' dir='ltr'><strong>essei&gt;er</strong></span> 
     </span>
    </p>
   </div>
   <div class='ocr_carea' id='block_1_7' title="bbox 83 1830 900 2522">
    <p class='ocr_par' dir='ltr' id='par_1_7' title="bbox 83 1830 900 2522">
     <span class='ocr_line' id='line_1_18' title="bbox 89 1830 896 1902; baseline -0.005 -14"><span class='ocrx_word' id='word_1_125' title='bbox 89 1834 253 1898; x_wconf 72' lang='lat' dir='ltr'><strong>servitores,</strong></span> <span class='ocrx_word' id='word_1_126' title='bbox 270 1840 350 1902; x_wconf 90' lang='lat' dir='ltr'><strong>prout</strong></span> <span class='ocrx_word' id='word_1_127' title='bbox 364 1831 501 1901; x_wconf 89' lang='lat' dir='ltr'><strong>competit,</strong></span> <span class='ocrx_word' id='word_1_128' title='bbox 518 1830 586 1886; x_wconf 86' lang='lat' dir='ltr'><strong>sicut</strong></span> <span class='ocrx_word' id='word_1_129' title='bbox 601 1830 723 1902; x_wconf 80' lang='lat' dir='ltr'><strong>religiosi</strong></span> <span class='ocrx_word' id='word_1_130' title='bbox 743 1838 769 1884; x_wconf 94' lang='lat' dir='ltr'><strong>et</strong></span> <span class='ocrx_word' id='word_1_131' title='bbox 788 1830 896 1885; x_wconf 88' lang='lat' dir='ltr'><strong>habitus</strong></span> 
     </span>
     <span class='ocr_line' id='line_1_19' title="bbox 86 1918 895 1990; baseline -0.005 -13"><span class='ocrx_word' id='word_1_132' title='bbox 86 1931 118 1977; x_wconf 88' lang='lat' dir='ltr'><strong>et</strong></span> <span class='ocrx_word' id='word_1_133' title='bbox 129 1920 350 1978; x_wconf 84' lang='lat' dir='ltr'><strong>conversationis</strong></span> <span class='ocrx_word' id='word_1_134' title='bbox 365 1927 494 1983; x_wconf 87' lang='lat' dir='ltr'><strong>rectores,</strong></span> <span class='ocrx_word' id='word_1_135' title='bbox 512 1919 551 1973; x_wconf 90' lang='lat' dir='ltr'><strong>eis</strong></span> <span class='ocrx_word' id='word_1_136' title='bbox 562 1919 730 1989; x_wconf 78' lang='lat' dir='ltr'><strong>provideant,</strong></span> <span class='ocrx_word' id='word_1_137' title='bbox 744 1918 895 1990; x_wconf 88' lang='lat' dir='ltr'><strong>susceptio-</strong></span> 
     </span>
     <span class='ocr_line' id='line_1_20' title="bbox 87 2006 896 2079; baseline -0.004 -15"><span class='ocrx_word' id='word_1_138' title='bbox 87 2027 154 2066; x_wconf 91' lang='lat' dir='ltr'><strong>nem</strong></span> <span class='ocrx_word' id='word_1_139' title='bbox 171 2009 251 2065; x_wconf 89' lang='lat' dir='ltr'><strong>etiam</strong></span> <span class='ocrx_word' id='word_1_140' title='bbox 268 2008 404 2079; x_wconf 89' lang='lat' dir='ltr'><strong>hospitum</strong></span> <span class='ocrx_word' id='word_1_141' title='bbox 420 2015 447 2063; x_wconf 92' lang='lat' dir='ltr'><strong>et</strong></span> <span class='ocrx_word' id='word_1_142' title='bbox 462 2022 612 2078; x_wconf 88' lang='lat' dir='ltr'><strong>pauperum</strong></span> <span class='ocrx_word' id='word_1_143' title='bbox 627 2007 785 2062; x_wconf 89' lang='lat' dir='ltr'><strong>nullomodo</strong></span> <span class='ocrx_word' id='word_1_144' title='bbox 805 2006 896 2079; x_wconf 77' lang='lat' dir='ltr'><strong>negli-</strong></span> 
     </span>
     <span class='ocr_line' id='line_1_21' title="bbox 90 2095 897 2172; baseline -0.005 -19"><span class='ocrx_word' id='word_1_145' title='bbox 90 2108 168 2172; x_wconf 81' lang='lat' dir='ltr'><strong>gant.</strong></span> <span class='ocrx_word' id='word_1_146' title='bbox 183 2098 256 2167; x_wconf 80' lang='lat' dir='ltr'><strong>Quin</strong></span> <span class='ocrx_word' id='word_1_147' title='bbox 272 2106 299 2152; x_wconf 92' lang='lat' dir='ltr'><strong>et</strong></span> <span class='ocrx_word' id='word_1_148' title='bbox 319 2097 540 2152; x_wconf 77' lang='lat' dir='ltr'><strong>inconvenientes</strong></span> <span class='ocrx_word' id='word_1_149' title='bbox 559 2111 694 2166; x_wconf 78' lang='lat' dir='ltr'><strong>personae,</strong></span> <span class='ocrx_word' id='word_1_150' title='bbox 716 2103 743 2151; x_wconf 88' lang='lat' dir='ltr'><strong>et</strong></span> <span class='ocrx_word' id='word_1_151' title='bbox 763 2112 808 2151; x_wconf 91' lang='lat' dir='ltr'><strong>res</strong></span> <span class='ocrx_word' id='word_1_152' title='bbox 828 2095 897 2150; x_wconf 89' lang='lat' dir='ltr'><strong>tales</strong></span> 
     </span>
     <span class='ocr_line' id='line_1_22' title="bbox 90 2183 897 2258; baseline 0 -21"><span class='ocrx_word' id='word_1_153' title='bbox 90 2203 154 2258; x_wconf 78' lang='lat' dir='ltr'><strong>quae</strong></span> <span class='ocrx_word' id='word_1_154' title='bbox 181 2185 308 2256; x_wconf 82' lang='lat' dir='ltr'><strong>religioni</strong></span> <span class='ocrx_word' id='word_1_155' title='bbox 333 2201 386 2239; x_wconf 90' lang='lat' dir='ltr'><strong>uon</strong></span> <span class='ocrx_word' id='word_1_156' title='bbox 409 2192 575 2256; x_wconf 84' lang='lat' dir='ltr'><strong>congruunt,</strong></span> <span class='ocrx_word' id='word_1_157' title='bbox 600 2184 626 2237; x_wconf 92' lang='lat' dir='ltr'><strong>in</strong></span> <span class='ocrx_word' id='word_1_158' title='bbox 656 2183 818 2238; x_wconf 89' lang='lat' dir='ltr'><strong>monasteria</strong></span> <span class='ocrx_word' id='word_1_159' title='bbox 843 2198 897 2239; x_wconf 93' lang='lat' dir='ltr'><strong>uon</strong></span> 
     </span>
     <span class='ocr_line' id='line_1_23' title="bbox 86 2271 899 2344; baseline -0.002 -16"><span class='ocrx_word' id='word_1_160' title='bbox 86 2275 305 2337; x_wconf 87' lang='lat' dir='ltr'><strong>introducantur,</strong></span> <span class='ocrx_word' id='word_1_161' title='bbox 337 2289 392 2327; x_wconf 93' lang='lat' dir='ltr'><strong>non</strong></span> <span class='ocrx_word' id='word_1_162' title='bbox 419 2272 559 2328; x_wconf 84' lang='lat' dir='ltr'><strong>dicimus:</strong></span> <span class='ocrx_word' id='word_1_163' title='bbox 585 2272 714 2344; x_wconf 91' lang='lat' dir='ltr'><strong>quoniam</strong></span> <span class='ocrx_word' id='word_1_164' title='bbox 752 2271 899 2342; x_wconf 87' lang='lat' dir='ltr'><strong>religiosos</strong></span> 
     </span>
     <span class='ocr_line' id='line_1_24' title="bbox 88 2359 900 2432; baseline -0.004 -16"><span class='ocrx_word' id='word_1_165' title='bbox 88 2370 214 2418; x_wconf 85' lang='lat' dir='ltr'><strong>rectores</strong></span> <span class='ocrx_word' id='word_1_166' title='bbox 247 2361 446 2432; x_wconf 88' lang='lat' dir='ltr'><strong>providentiam</strong></span> <span class='ocrx_word' id='word_1_167' title='bbox 481 2368 507 2415; x_wconf 91' lang='lat' dir='ltr'><strong>et</strong></span> <span class='ocrx_word' id='word_1_168' title='bbox 546 2376 642 2415; x_wconf 91' lang='lat' dir='ltr'><strong>curam</strong></span> <span class='ocrx_word' id='word_1_169' title='bbox 680 2359 800 2414; x_wconf 87' lang='lat' dir='ltr'><strong>debitam</strong></span> <span class='ocrx_word' id='word_1_170' title='bbox 837 2359 900 2413; x_wconf 91' lang='lat' dir='ltr'><strong>inde</strong></span> 
     </span>
     <span class='ocr_line' id='line_1_25' title="bbox 83 2449 579 2522; baseline -0.002 -18"><span class='ocrx_word' id='word_1_171' title='bbox 83 2467 207 2506; x_wconf 89' lang='lat' dir='ltr'><strong>sumere</strong></span> <span class='ocrx_word' id='word_1_172' title='bbox 222 2450 325 2505; x_wconf 88' lang='lat' dir='ltr'><strong>debere</strong></span> <span class='ocrx_word' id='word_1_173' title='bbox 340 2464 396 2504; x_wconf 90' lang='lat' dir='ltr'><strong>non</strong></span> <span class='ocrx_word' id='word_1_174' title='bbox 410 2449 579 2522; x_wconf 87' lang='lat' dir='ltr'><strong>ignoramus.</strong></span> 
     </span>
    </p>
   </div>
   <div class='ocr_carea' id='block_1_8' title="bbox 93 2583 902 2666">
    <p class='ocr_par' dir='ltr' id='par_1_8' title="bbox 93 2583 902 2666">
     <span class='ocr_line' id='line_1_26' title="bbox 93 2583 902 2666; baseline -0.002 -26"><span class='ocrx_word' id='word_1_175' title='bbox 93 2587 133 2640; x_wconf 84' lang='lat' dir='ltr'><strong>X.</strong></span> <span class='ocrx_word' id='word_1_176' title='bbox 153 2587 186 2642; x_wconf 79' lang='lat' dir='ltr'><strong>iit</strong></span> <span class='ocrx_word' id='word_1_177' title='bbox 199 2585 352 2657; x_wconf 81' lang='lat' dir='ltr'><strong>hospitalia</strong></span> <span class='ocrx_word' id='word_1_178' title='bbox 360 2583 574 2656; x_wconf 69' lang='lat' dir='ltr'><strong>perecrinorern</strong></span> <span class='ocrx_word' id='word_1_179' title='bbox 584 2583 620 2637; x_wconf 85' lang='lat' dir='ltr'><strong>od</strong></span> <span class='ocrx_word' id='word_1_180' title='bbox 631 2584 680 2639; x_wconf 83' lang='lat' dir='ltr'><strong>lroc</strong></span> <span class='ocrx_word' id='word_1_181' title='bbox 690 2583 726 2638; x_wconf 90' lang='lat' dir='ltr'><strong>od</strong></span> <span class='ocrx_word' id='word_1_182' title='bbox 733 2583 805 2656; x_wconf 84' lang='lat' dir='ltr'><strong>quod</strong></span> <span class='ocrx_word' id='word_1_183' title='bbox 816 2583 902 2666; x_wconf 76' lang='lat' dir='ltr'><strong>depu-</strong></span> 
     </span>
    </p>
   </div>
   <div class='ocr_carea' id='block_1_9' title="bbox 124 2654 901 2782">
    <p class='ocr_par' dir='ltr' id='par_1_9' title="bbox 124 2654 901 2782">
     <span class='ocr_line' id='line_1_27' title="bbox 125 2654 901 2726; baseline -0.001 -16"><span class='ocrx_word' id='word_1_184' title='bbox 125 2658 189 2711; x_wconf 84' lang='lat' dir='ltr'><strong>tato</strong></span> <span class='ocrx_word' id='word_1_185' title='bbox 204 2658 283 2719; x_wconf 83' lang='lat' dir='ltr'><strong>sant,</strong></span> <span class='ocrx_word' id='word_1_186' title='bbox 300 2654 621 2726; x_wconf 31' lang='lat' dir='ltr'><strong>episcopantur-concilio</strong></span> <span class='ocrx_word' id='word_1_187' title='bbox 643 2672 659 2709; x_wconf 88' lang='lat' dir='ltr'><strong>n</strong></span> <span class='ocrx_word' id='word_1_188' title='bbox 674 2654 827 2710; x_wconf 83' lang='lat' dir='ltr'><strong>rectoribus</strong></span> <span class='ocrx_word' id='word_1_189' title='bbox 840 2669 901 2709; x_wconf 81' lang='lat' dir='ltr'><strong>sees</strong></span> 
     </span>
     <span class='ocr_line' id='line_1_28' title="bbox 124 2727 377 2782; baseline -0.012 0"><span class='ocrx_word' id='word_1_190' title='bbox 124 2727 377 2782; x_wconf 75' lang='lat' dir='ltr'><strong>administrentur.</strong></span> 
     </span>
    </p>
   </div>
   <div class='ocr_carea' id='block_1_10' title="bbox 145 2830 893 2903">
    <p class='ocr_par' dir='ltr' id='par_1_10' title="bbox 145 2830 893 2903">
     <span class='ocr_line' id='line_1_29' title="bbox 145 2830 893 2903; baseline 0.001 -17"><span class='ocrx_word' id='word_1_191' title='bbox 145 2831 299 2903; x_wconf 86' lang='lat' dir='ltr'><strong>Hospitalia</strong></span> <span class='ocrx_word' id='word_1_192' title='bbox 312 2830 533 2903; x_wconf 88' lang='lat' dir='ltr'><strong>peregrinorum,</strong></span> <span class='ocrx_word' id='word_1_193' title='bbox 556 2831 624 2886; x_wconf 90' lang='lat' dir='ltr'><strong>sicut</strong></span> <span class='ocrx_word' id='word_1_194' title='bbox 645 2839 708 2885; x_wconf 89' lang='lat' dir='ltr'><strong>sunt</strong></span> <span class='ocrx_word' id='word_1_195' title='bbox 726 2831 893 2896; x_wconf 80' lang='lat' dir='ltr'><strong>Scottorum,</strong></span> 
     </span>
    </p>
   </div>
   <div class='ocr_carea' id='block_1_11' title="bbox 941 472 1751 2934">
    <p class='ocr_par' dir='ltr' id='par_1_11' title="bbox 941 472 1751 2934">
     <span class='ocr_line' id='line_1_30' title="bbox 941 472 1742 549; baseline 0.001 -20"><span class='ocrx_word' id='word_1_196' title='bbox 941 476 1012 531; x_wconf 87' lang='lat' dir='ltr'><strong>malo</strong></span> <span class='ocrx_word' id='word_1_197' title='bbox 1031 475 1156 548; x_wconf 89' lang='lat' dir='ltr'><strong>exemplo</strong></span> <span class='ocrx_word' id='word_1_198' title='bbox 1170 476 1368 542; x_wconf 79' lang='lat' dir='ltr'><strong>destruxeritis,</strong></span> <span class='ocrx_word' id='word_1_199' title='bbox 1385 475 1431 549; x_wconf 88' lang='lat' dir='ltr'><strong>qni</strong></span> <span class='ocrx_word' id='word_1_200' title='bbox 1451 491 1502 547; x_wconf 91' lang='lat' dir='ltr'><strong>per</strong></span> <span class='ocrx_word' id='word_1_201' title='bbox 1517 490 1566 530; x_wconf 94' lang='lat' dir='ltr'><strong>vos</strong></span> <span class='ocrx_word' id='word_1_202' title='bbox 1587 481 1614 530; x_wconf 96' lang='lat' dir='ltr'><strong>et</strong></span> <span class='ocrx_word' id='word_1_203' title='bbox 1630 489 1646 529; x_wconf 89' lang='lat' dir='ltr'><strong>a</strong></span> <span class='ocrx_word' id='word_1_204' title='bbox 1662 472 1742 530; x_wconf 86' lang='lat' dir='ltr'><strong>vobis</strong></span> 
     </span>
     <span class='ocr_line' id='line_1_31' title="bbox 942 560 1744 629; baseline 0 -11"><span class='ocrx_word' id='word_1_205' title='bbox 942 564 968 618; x_wconf 93' lang='lat' dir='ltr'><strong>in</strong></span> <span class='ocrx_word' id='word_1_206' title='bbox 985 565 1084 619; x_wconf 92' lang='lat' dir='ltr'><strong>bonum</strong></span> <span class='ocrx_word' id='word_1_207' title='bbox 1100 565 1250 619; x_wconf 80' lang='lat' dir='ltr'><strong>debuerant</strong></span> <span class='ocrx_word' id='word_1_208' title='bbox 1265 562 1403 629; x_wconf 75' lang='lat' dir='ltr'><strong>edificari,</strong></span> <span class='ocrx_word' id='word_1_209' title='bbox 1420 564 1471 618; x_wconf 93' lang='lat' dir='ltr'><strong>sub</strong></span> <span class='ocrx_word' id='word_1_210' title='bbox 1485 562 1566 617; x_wconf 89' lang='lat' dir='ltr'><strong>tantis</strong></span> <span class='ocrx_word' id='word_1_211' title='bbox 1581 562 1640 618; x_wconf 88' lang='lat' dir='ltr'><strong>siue</strong></span> <span class='ocrx_word' id='word_1_212' title='bbox 1660 560 1744 618; x_wconf 85' lang='lat' dir='ltr'><strong>dubio</strong></span> 
     </span>
     <span class='ocr_line' id='line_1_32' title="bbox 943 648 1740 722; baseline -0.004 -14"><span class='ocrx_word' id='word_1_213' title='bbox 943 653 971 708; x_wconf 91' lang='lat' dir='ltr'><strong>in</strong></span> <span class='ocrx_word' id='word_1_214' title='bbox 990 652 1079 707; x_wconf 86' lang='lat' dir='ltr'><strong>tuturo</strong></span> <span class='ocrx_word' id='word_1_215' title='bbox 1098 653 1197 708; x_wconf 80' lang='lat' dir='ltr'><strong>saeculo</strong></span> <span class='ocrx_word' id='word_1_216' title='bbox 1220 652 1309 722; x_wconf 73' lang='lat' dir='ltr'><strong>penis</strong></span> <span class='ocrx_word' id='word_1_217' title='bbox 1333 668 1382 707; x_wconf 91' lang='lat' dir='ltr'><strong>vos</strong></span> <span class='ocrx_word' id='word_1_218' title='bbox 1402 667 1516 707; x_wconf 91' lang='lat' dir='ltr'><strong>necesse</strong></span> <span class='ocrx_word' id='word_1_219' title='bbox 1541 658 1583 707; x_wconf 89' lang='lat' dir='ltr'><strong>est</strong></span> <span class='ocrx_word' id='word_1_220' title='bbox 1610 648 1740 721; x_wconf 87' lang='lat' dir='ltr'><strong>torqueri.</strong></span> 
     </span>
     <span class='ocr_line' id='line_1_33' title="bbox 947 738 1743 811; baseline -0.004 -16"><span class='ocrx_word' id='word_1_221' title='bbox 947 742 1094 811; x_wconf 86' lang='lat' dir='ltr'><strong>Propterea</strong></span> <span class='ocrx_word' id='word_1_222' title='bbox 1109 748 1214 811; x_wconf 88' lang='lat' dir='ltr'><strong>oportet</strong></span> <span class='ocrx_word' id='word_1_223' title='bbox 1228 748 1255 794; x_wconf 94' lang='lat' dir='ltr'><strong>ut</strong></span> <span class='ocrx_word' id='word_1_224' title='bbox 1271 739 1317 811; x_wconf 92' lang='lat' dir='ltr'><strong>qui</strong></span> <span class='ocrx_word' id='word_1_225' title='bbox 1331 756 1380 795; x_wconf 85' lang='lat' dir='ltr'><strong>rex</strong></span> <span class='ocrx_word' id='word_1_226' title='bbox 1400 739 1474 798; x_wconf 89' lang='lat' dir='ltr'><strong>estis.</strong></span> <span class='ocrx_word' id='word_1_227' title='bbox 1496 747 1523 795; x_wconf 92' lang='lat' dir='ltr'><strong>et</strong></span> <span class='ocrx_word' id='word_1_228' title='bbox 1544 738 1671 794; x_wconf 89' lang='lat' dir='ltr'><strong>dominus</strong></span> <span class='ocrx_word' id='word_1_229' title='bbox 1691 752 1743 810; x_wconf 89' lang='lat' dir='ltr'><strong>ap·</strong></span> 
     </span>
     <span class='ocr_line' id='line_1_34' title="bbox 943 824 1743 900; baseline -0.004 -16"><span class='ocrx_word' id='word_1_230' title='bbox 943 829 1090 900; x_wconf 91' lang='lat' dir='ltr'><strong>pellamini,</strong></span> <span class='ocrx_word' id='word_1_231' title='bbox 1107 828 1134 881; x_wconf 94' lang='lat' dir='ltr'><strong>in</strong></span> <span class='ocrx_word' id='word_1_232' title='bbox 1149 828 1224 882; x_wconf 93' lang='lat' dir='ltr'><strong>iilum</strong></span> <span class='ocrx_word' id='word_1_233' title='bbox 1238 845 1346 899; x_wconf 90' lang='lat' dir='ltr'><strong>semper</strong></span> <span class='ocrx_word' id='word_1_234' title='bbox 1359 843 1494 899; x_wconf 85' lang='lat' dir='ltr'><strong>suspenso</strong></span> <span class='ocrx_word' id='word_1_235' title='bbox 1508 828 1592 884; x_wconf 91' lang='lat' dir='ltr'><strong>corde</strong></span> <span class='ocrx_word' id='word_1_236' title='bbox 1607 824 1743 898; x_wconf 79' lang='lat' dir='ltr'><strong>suspicia-</strong></span> 
     </span>
     <span class='ocr_line' id='line_1_35' title="bbox 944 914 1742 989; baseline 0.001 -19"><span class='ocrx_word' id='word_1_237' title='bbox 944 918 978 971; x_wconf 90' lang='lat' dir='ltr'><strong>tis</strong></span> <span class='ocrx_word' id='word_1_238' title='bbox 995 932 1047 989; x_wconf 92' lang='lat' dir='ltr'><strong>quo</strong></span> <span class='ocrx_word' id='word_1_239' title='bbox 1064 916 1201 981; x_wconf 90' lang='lat' dir='ltr'><strong>videlieet,</strong></span> <span class='ocrx_word' id='word_1_240' title='bbox 1217 917 1292 988; x_wconf 82' lang='lat' dir='ltr'><strong>Rege</strong></span> <span class='ocrx_word' id='word_1_241' title='bbox 1305 933 1401 989; x_wconf 86' lang='lat' dir='ltr'><strong>regum</strong></span> <span class='ocrx_word' id='word_1_242' title='bbox 1431 923 1457 971; x_wconf 91' lang='lat' dir='ltr'><strong>et</strong></span> <span class='ocrx_word' id='word_1_243' title='bbox 1481 916 1598 972; x_wconf 90' lang='lat' dir='ltr'><strong>Domino</strong></span> <span class='ocrx_word' id='word_1_244' title='bbox 1614 914 1742 971; x_wconf 87' lang='lat' dir='ltr'><strong>domino-</strong></span> 
     </span>
     <span class='ocr_line' id='line_1_36' title="bbox 944 1000 1745 1076; baseline -0.001 -16"><span class='ocrx_word' id='word_1_245' title='bbox 944 1022 1015 1074; x_wconf 89' lang='lat' dir='ltr'><strong>rum,</strong></span> <span class='ocrx_word' id='word_1_246' title='bbox 1030 1021 1130 1060; x_wconf 89' lang='lat' dir='ltr'><strong>nomen</strong></span> <span class='ocrx_word' id='word_1_247' title='bbox 1145 1004 1220 1076; x_wconf 85' lang='lat' dir='ltr'><strong>regis</strong></span> <span class='ocrx_word' id='word_1_248' title='bbox 1235 1011 1259 1058; x_wconf 91' lang='lat' dir='ltr'><strong>et</strong></span> <span class='ocrx_word' id='word_1_249' title='bbox 1275 1004 1377 1060; x_wconf 91' lang='lat' dir='ltr'><strong>domini</strong></span> <span class='ocrx_word' id='word_1_250' title='bbox 1399 1004 1533 1059; x_wconf 88' lang='lat' dir='ltr'><strong>mutuatis.</strong></span> <span class='ocrx_word' id='word_1_251' title='bbox 1556 1005 1590 1059; x_wconf 86' lang='lat' dir='ltr'><strong>Et</strong></span> <span class='ocrx_word' id='word_1_252' title='bbox 1608 1003 1678 1059; x_wconf 88' lang='lat' dir='ltr'><strong>sicut</strong></span> <span class='ocrx_word' id='word_1_253' title='bbox 1698 1000 1745 1059; x_wconf 81' lang='lat' dir='ltr'><strong>itte</strong></span> 
     </span>
     <span class='ocr_line' id='line_1_37' title="bbox 944 1091 1746 1166; baseline -0.004 -18"><span class='ocrx_word' id='word_1_254' title='bbox 944 1094 1063 1166; x_wconf 90' lang='lat' dir='ltr'><strong>disponit</strong></span> <span class='ocrx_word' id='word_1_255' title='bbox 1082 1093 1176 1148; x_wconf 90' lang='lat' dir='ltr'><strong>orbem</strong></span> <span class='ocrx_word' id='word_1_256' title='bbox 1195 1101 1273 1147; x_wconf 83' lang='lat' dir='ltr'><strong>terrae</strong></span> <span class='ocrx_word' id='word_1_257' title='bbox 1294 1093 1472 1164; x_wconf 71' lang='lat' dir='ltr'><strong>inaequitate,</strong></span> <span class='ocrx_word' id='word_1_258' title='bbox 1493 1100 1520 1148; x_wconf 91' lang='lat' dir='ltr'><strong>et</strong></span> <span class='ocrx_word' id='word_1_259' title='bbox 1538 1091 1651 1158; x_wconf 89' lang='lat' dir='ltr'><strong>adhoc,</strong></span> <span class='ocrx_word' id='word_1_260' title='bbox 1675 1091 1746 1147; x_wconf 82' lang='lat' dir='ltr'><strong>sicut</strong></span> 
     </span>
     <span class='ocr_line' id='line_1_38' title="bbox 944 1179 1747 1252; baseline -0.001 -17"><span class='ocrx_word' id='word_1_261' title='bbox 944 1182 970 1236; x_wconf 92' lang='lat' dir='ltr'><strong>iu</strong></span> <span class='ocrx_word' id='word_1_262' title='bbox 994 1182 1065 1236; x_wconf 88' lang='lat' dir='ltr'><strong>libro</strong></span> <span class='ocrx_word' id='word_1_263' title='bbox 1086 1181 1231 1252; x_wconf 67' lang='lat' dir='ltr'><strong>Sapientiae</strong></span> <span class='ocrx_word' id='word_1_264' title='bbox 1255 1180 1362 1246; x_wconf 92' lang='lat' dir='ltr'><strong>dicitur,</strong></span> <span class='ocrx_word' id='word_1_265' title='bbox 1388 1179 1525 1237; x_wconf 91' lang='lat' dir='ltr'><strong>constituit</strong></span> <span class='ocrx_word' id='word_1_266' title='bbox 1554 1180 1694 1237; x_wconf 89' lang='lat' dir='ltr'><strong>hominem</strong></span> <span class='ocrx_word' id='word_1_267' title='bbox 1715 1184 1747 1234; x_wconf 86' lang='lat' dir='ltr'><strong>at</strong></span> 
     </span>
     <span class='ocr_line' id='line_1_39' title="bbox 943 1267 1746 1342; baseline -0.005 -17"><span class='ocrx_word' id='word_1_268' title='bbox 943 1278 1002 1342; x_wconf 80' lang='lat' dir='ltr'><strong>ipse</strong></span> <span class='ocrx_word' id='word_1_269' title='bbox 1023 1270 1147 1324; x_wconf 90' lang='lat' dir='ltr'><strong>similiter</strong></span> <span class='ocrx_word' id='word_1_270' title='bbox 1180 1268 1268 1336; x_wconf 85' lang='lat' dir='ltr'><strong>iaciat,</strong></span> <span class='ocrx_word' id='word_1_271' title='bbox 1289 1268 1430 1324; x_wconf 91' lang='lat' dir='ltr'><strong>imitamini</strong></span> <span class='ocrx_word' id='word_1_272' title='bbox 1448 1267 1533 1336; x_wconf 91' lang='lat' dir='ltr'><strong>illurn,</strong></span> <span class='ocrx_word' id='word_1_273' title='bbox 1553 1267 1576 1322; x_wconf 92' lang='lat' dir='ltr'><strong>si</strong></span> <span class='ocrx_word' id='word_1_274' title='bbox 1603 1267 1682 1322; x_wconf 91' lang='lat' dir='ltr'><strong>vultis</strong></span> <span class='ocrx_word' id='word_1_275' title='bbox 1702 1281 1746 1327; x_wconf 85' lang='lat' dir='ltr'><strong>re-</strong></span> 
     </span>
     <span class='ocr_line' id='line_1_40' title="bbox 942 1350 1742 1426; baseline -0.003 -18"><span class='ocrx_word' id='word_1_276' title='bbox 942 1370 1027 1426; x_wconf 88' lang='lat' dir='ltr'><strong>gnare</strong></span> <span class='ocrx_word' id='word_1_277' title='bbox 1043 1370 1105 1410; x_wconf 88' lang='lat' dir='ltr'><strong>curn</strong></span> <span class='ocrx_word' id='word_1_278' title='bbox 1120 1353 1178 1408; x_wconf 89' lang='lat' dir='ltr'><strong>illo.</strong></span> <span class='ocrx_word' id='word_1_279' title='bbox 1195 1352 1262 1422; x_wconf 87' lang='lat' dir='ltr'><strong>Quia</strong></span> <span class='ocrx_word' id='word_1_280' title='bbox 1279 1352 1324 1423; x_wconf 92' lang='lat' dir='ltr'><strong>qni</strong></span> <span class='ocrx_word' id='word_1_281' title='bbox 1339 1352 1405 1408; x_wconf 92' lang='lat' dir='ltr'><strong>dicit</strong></span> <span class='ocrx_word' id='word_1_282' title='bbox 1418 1368 1448 1407; x_wconf 87' lang='lat' dir='ltr'><strong>se</strong></span> <span class='ocrx_word' id='word_1_283' title='bbox 1463 1351 1490 1406; x_wconf 90' lang='lat' dir='ltr'><strong>in</strong></span> <span class='ocrx_word' id='word_1_284' title='bbox 1506 1350 1611 1406; x_wconf 88' lang='lat' dir='ltr'><strong>Christo</strong></span> <span class='ocrx_word' id='word_1_285' title='bbox 1621 1364 1742 1419; x_wconf 84' lang='lat' dir='ltr'><strong>manere,</strong></span> 
     </span>
     <span class='ocr_line' id='line_1_41' title="bbox 943 1446 1745 1520; baseline -0.006 -14"><span class='ocrx_word' id='word_1_286' title='bbox 943 1452 1033 1519; x_wconf 90' lang='lat' dir='ltr'><strong>debet,</strong></span> <span class='ocrx_word' id='word_1_287' title='bbox 1043 1452 1111 1506; x_wconf 91' lang='lat' dir='ltr'><strong>sicut</strong></span> <span class='ocrx_word' id='word_1_288' title='bbox 1120 1449 1165 1506; x_wconf 93' lang='lat' dir='ltr'><strong>ille</strong></span> <span class='ocrx_word' id='word_1_289' title='bbox 1175 1449 1335 1518; x_wconf 88' lang='lat' dir='ltr'><strong>ambularit,</strong></span> <span class='ocrx_word' id='word_1_290' title='bbox 1345 1457 1372 1504; x_wconf 89' lang='lat' dir='ltr'><strong>et</strong></span> <span class='ocrx_word' id='word_1_291' title='bbox 1378 1449 1437 1520; x_wconf 92' lang='lat' dir='ltr'><strong>ipse</strong></span> <span class='ocrx_word' id='word_1_292' title='bbox 1443 1448 1595 1517; x_wconf 86' lang='lat' dir='ltr'><strong>ambulare,</strong></span> <span class='ocrx_word' id='word_1_293' title='bbox 1603 1447 1650 1519; x_wconf 89' lang='lat' dir='ltr'><strong>qui</strong></span> <span class='ocrx_word' id='word_1_294' title='bbox 1660 1446 1726 1504; x_wconf 87' lang='lat' dir='ltr'><strong>dicit</strong></span> <span class='ocrx_word' id='word_1_295' title='bbox 1737 1463 1745 1501; x_wconf 94' lang='lat'><strong>:</strong></span> 
     </span>
     <span class='ocr_line' id='line_1_42' title="bbox 942 1536 1751 1611; baseline -0.004 -16"><span class='ocrx_word' id='word_1_296' title='bbox 942 1536 1751 1611; x_wconf 73' lang='lat' dir='ltr'><strong>Estoteetnospersecti,sicutetPotervestcrcoelcstisper·</strong></span> 
     </span>
     <span class='ocr_line' id='line_1_43' title="bbox 941 1623 1749 1700; baseline -0.006 -16"><span class='ocrx_word' id='word_1_297' title='bbox 941 1631 1034 1700; x_wconf 79' lang='lat' dir='ltr'><strong>sectas</strong></span> <span class='ocrx_word' id='word_1_298' title='bbox 1050 1631 1093 1684; x_wconf 84' lang='lat' dir='ltr'><strong>cst</strong></span> <span class='ocrx_word' id='word_1_299' title='bbox 1106 1626 1256 1695; x_wconf 72' lang='lat' dir='ltr'><strong>illotthv).</strong></span> <span class='ocrx_word' id='word_1_300' title='bbox 1272 1626 1307 1680; x_wconf 86' lang='lat' dir='ltr'><strong>Et</strong></span> <span class='ocrx_word' id='word_1_301' title='bbox 1322 1625 1344 1680; x_wconf 93' lang='lat' dir='ltr'><strong>si</strong></span> <span class='ocrx_word' id='word_1_302' title='bbox 1352 1625 1473 1681; x_wconf 82' lang='lat' dir='ltr'><strong>dixeritis</strong></span> <span class='ocrx_word' id='word_1_303' title='bbox 1484 1623 1621 1696; x_wconf 89' lang='lat' dir='ltr'><strong>quomodo</strong></span> <span class='ocrx_word' id='word_1_304' title='bbox 1635 1637 1749 1696; x_wconf 84' lang='lat' dir='ltr'><strong>possum</strong></span> 
     </span>
     <span class='ocr_line' id='line_1_44' title="bbox 1062 1712 1749 1787; baseline 0.001 -17"><span class='ocrx_word' id='word_1_305' title='bbox 1062 1714 1227 1780; x_wconf 68' lang='lat' dir='ltr'><strong>fontaneum</strong></span> <span class='ocrx_word' id='word_1_306' title='bbox 1235 1712 1749 1787; x_wconf 78' lang='lat' dir='ltr'><strong>sliascripturadioer:siqnisi&#39;nverlo</strong></span> 
     </span>
     <span class='ocr_line' id='line_1_45' title="bbox 948 1800 1749 1876; baseline -0.006 -14"><span class='ocrx_word' id='word_1_307' title='bbox 948 1821 1005 1862; x_wconf 89' lang='lat' dir='ltr'><strong>non</strong></span> <span class='ocrx_word' id='word_1_308' title='bbox 1019 1804 1145 1875; x_wconf 73' lang='lat' dir='ltr'><strong>offendit,</strong></span> <span class='ocrx_word' id='word_1_309' title='bbox 1164 1804 1213 1859; x_wconf 87' lang='lat' dir='ltr'><strong>ille</strong></span> <span class='ocrx_word' id='word_1_310' title='bbox 1228 1805 1372 1876; x_wconf 73' lang='lat' dir='ltr'><strong>perfectu-s</strong></span> <span class='ocrx_word' id='word_1_311' title='bbox 1387 1806 1428 1858; x_wconf 84' lang='lat' dir='ltr'><strong>est</strong></span> <span class='ocrx_word' id='word_1_312' title='bbox 1443 1804 1496 1869; x_wconf 81' lang='lat' dir='ltr'><strong>eir,</strong></span> <span class='ocrx_word' id='word_1_313' title='bbox 1513 1817 1568 1857; x_wconf 92' lang='lat' dir='ltr'><strong>non</strong></span> <span class='ocrx_word' id='word_1_314' title='bbox 1578 1800 1749 1873; x_wconf 90' lang='lat' dir='ltr'><strong>caditaper·</strong></span> 
     </span>
     <span class='ocr_line' id='line_1_46' title="bbox 948 1889 1747 1963; baseline -0.001 -17"><span class='ocrx_word' id='word_1_315' title='bbox 948 1892 1064 1949; x_wconf 86' lang='lat' dir='ltr'><strong>tectione</strong></span> <span class='ocrx_word' id='word_1_316' title='bbox 1079 1892 1124 1963; x_wconf 91' lang='lat' dir='ltr'><strong>qui</strong></span> <span class='ocrx_word' id='word_1_317' title='bbox 1139 1906 1194 1946; x_wconf 93' lang='lat' dir='ltr'><strong>non</strong></span> <span class='ocrx_word' id='word_1_318' title='bbox 1208 1899 1304 1961; x_wconf 86' lang='lat' dir='ltr'><strong>peceat</strong></span> <span class='ocrx_word' id='word_1_319' title='bbox 1317 1890 1425 1947; x_wconf 85' lang='lat' dir='ltr'><strong>malitiae</strong></span> <span class='ocrx_word' id='word_1_320' title='bbox 1441 1890 1590 1963; x_wconf 90' lang='lat' dir='ltr'><strong>cupiditate</strong></span> <span class='ocrx_word' id='word_1_321' title='bbox 1606 1905 1614 1945; x_wconf 76' lang='grc' dir='ltr'>ι</span> <span class='ocrx_word' id='word_1_322' title='bbox 1628 1889 1747 1962; x_wconf 79' lang='lat' dir='ltr'><strong>Septies,</strong></span> 
     </span>
     <span class='ocr_line' id='line_1_47' title="bbox 948 1980 1751 2052; baseline -0.004 -16"><span class='ocrx_word' id='word_1_323' title='bbox 948 1981 1211 2052; x_wconf 81' lang='lat' dir='ltr'><strong>enirncoditjastns</strong></span> <span class='ocrx_word' id='word_1_324' title='bbox 1220 1983 1249 2035; x_wconf 83' lang='lat' dir='ltr'><strong>et</strong></span> <span class='ocrx_word' id='word_1_325' title='bbox 1258 1980 1381 2050; x_wconf 78' lang='lat' dir='ltr'><strong>resurgit</strong></span> <span class='ocrx_word' id='word_1_326' title='bbox 1393 1999 1401 2034; x_wconf 90' lang='lat'>:</span> <span class='ocrx_word' id='word_1_327' title='bbox 1413 1981 1496 2052; x_wconf 83' lang='lat' dir='ltr'><strong>impii</strong></span> <span class='ocrx_word' id='word_1_328' title='bbox 1504 1983 1601 2036; x_wconf 84' lang='lat' dir='ltr'><strong>entem</strong></span> <span class='ocrx_word' id='word_1_329' title='bbox 1610 1981 1751 2035; x_wconf 76' lang='lat' dir='ltr'><strong>corruunt</strong></span> 
     </span>
     <span class='ocr_line' id='line_1_48' title="bbox 948 2066 1749 2138; baseline -0.001 -15"><span class='ocrx_word' id='word_1_330' title='bbox 948 2070 978 2123; x_wconf 87' lang='lat' dir='ltr'><strong>iu</strong></span> <span class='ocrx_word' id='word_1_331' title='bbox 1002 2070 1077 2124; x_wconf 83' lang='lat' dir='ltr'><strong>niolo</strong></span> <span class='ocrx_word' id='word_1_332' title='bbox 1100 2071 1190 2138; x_wconf 69' lang='lat' dir='ltr'><strong>(Pron.</strong></span> <span class='ocrx_word' id='word_1_333' title='bbox 1210 2068 1276 2137; x_wconf 81' lang='lat' dir='ltr'><strong>xvi).</strong></span> <span class='ocrx_word' id='word_1_334' title='bbox 1299 2068 1334 2121; x_wconf 90' lang='lat' dir='ltr'><strong>Et</strong></span> <span class='ocrx_word' id='word_1_335' title='bbox 1361 2083 1367 2120; x_wconf 78' lang='grc' dir='ltr'><em>τ</em></span> <span class='ocrx_word' id='word_1_336' title='bbox 1391 2068 1498 2134; x_wconf 81' lang='lat' dir='ltr'><strong>Jnstns,</strong></span> <span class='ocrx_word' id='word_1_337' title='bbox 1523 2066 1749 2133; x_wconf 70' lang='lat' dir='ltr'><strong>concentione,</strong></span> 
     </span>
     <span class='ocr_line' id='line_1_49' title="bbox 948 2157 1749 2229; baseline -0.002 -17"><span class='ocrx_word' id='word_1_338' title='bbox 948 2157 1749 2229; x_wconf 78' lang='lat' dir='ltr'><strong>noncollidetur,qniollominnssupponitmonemsuesn</strong></span> 
     </span>
     <span class='ocr_line' id='line_1_50' title="bbox 949 2242 1750 2316; baseline -0.002 -16"><span class='ocrx_word' id='word_1_339' title='bbox 949 2246 1037 2315; x_wconf 84' lang='lat' dir='ltr'><strong>(Psoi.</strong></span> <span class='ocrx_word' id='word_1_340' title='bbox 1057 2244 1169 2316; x_wconf 78' lang='lat' dir='ltr'><strong>xxxvi).</strong></span> <span class='ocrx_word' id='word_1_341' title='bbox 1186 2244 1414 2316; x_wconf 83' lang='lat' dir='ltr'><strong>Qualitercunque</strong></span> <span class='ocrx_word' id='word_1_342' title='bbox 1429 2259 1494 2299; x_wconf 90' lang='lat' dir='ltr'><strong>vero</strong></span> <span class='ocrx_word' id='word_1_343' title='bbox 1509 2242 1569 2315; x_wconf 88' lang='lat' dir='ltr'><strong>quis</strong></span> <span class='ocrx_word' id='word_1_344' title='bbox 1582 2250 1687 2314; x_wconf 87' lang='lat' dir='ltr'><strong>peccet,</strong></span> <span class='ocrx_word' id='word_1_345' title='bbox 1703 2258 1750 2299; x_wconf 87' lang='lat' dir='ltr'><strong>cu·</strong></span> 
     </span>
     <span class='ocr_line' id='line_1_51' title="bbox 949 2330 1751 2405; baseline 0 -18"><span class='ocrx_word' id='word_1_346' title='bbox 949 2333 1069 2405; x_wconf 89' lang='lat' dir='ltr'><strong>piditatis</strong></span> <span class='ocrx_word' id='word_1_347' title='bbox 1088 2332 1224 2388; x_wconf 88' lang='lat' dir='ltr'><strong>voluntate</strong></span> <span class='ocrx_word' id='word_1_348' title='bbox 1243 2340 1287 2388; x_wconf 86' lang='lat' dir='ltr'><strong>aut</strong></span> <span class='ocrx_word' id='word_1_349' title='bbox 1308 2331 1460 2404; x_wconf 83' lang='lat' dir='ltr'><strong>tragilitatis</strong></span> <span class='ocrx_word' id='word_1_350' title='bbox 1476 2330 1649 2397; x_wconf 86' lang='lat' dir='ltr'><strong>necessitate,</strong></span> <span class='ocrx_word' id='word_1_351' title='bbox 1669 2345 1751 2387; x_wconf 88' lang='lat' dir='ltr'><strong>nemo</strong></span> 
     </span>
     <span class='ocr_line' id='line_1_52' title="bbox 951 2419 1751 2493; baseline -0.001 -17"><span class='ocrx_word' id='word_1_352' title='bbox 951 2422 988 2476; x_wconf 93' lang='lat' dir='ltr'><strong>illi</strong></span> <span class='ocrx_word' id='word_1_353' title='bbox 1005 2421 1135 2493; x_wconf 77' lang='lat' dir='ltr'><strong>prevalet</strong></span> <span class='ocrx_word' id='word_1_354' title='bbox 1151 2420 1248 2476; x_wconf 88' lang='lat' dir='ltr'><strong>melius</strong></span> <span class='ocrx_word' id='word_1_355' title='bbox 1261 2420 1383 2476; x_wconf 88' lang='lat' dir='ltr'><strong>indicare</strong></span> <span class='ocrx_word' id='word_1_356' title='bbox 1397 2435 1479 2493; x_wconf 87' lang='lat' dir='ltr'><strong>qnam</strong></span> <span class='ocrx_word' id='word_1_357' title='bbox 1500 2419 1668 2477; x_wconf 86' lang='lat' dir='ltr'><strong>conscientia</strong></span> <span class='ocrx_word' id='word_1_358' title='bbox 1690 2434 1751 2485; x_wconf 80' lang='lat' dir='ltr'><strong>sna,</strong></span> 
     </span>
     <span class='ocr_line' id='line_1_53' title="bbox 951 2507 1749 2581; baseline -0.003 -17"><span class='ocrx_word' id='word_1_359' title='bbox 951 2527 1011 2581; x_wconf 83' lang='lat' dir='ltr'><strong>quae</strong></span> <span class='ocrx_word' id='word_1_360' title='bbox 1026 2526 1081 2566; x_wconf 92' lang='lat' dir='ltr'><strong>non</strong></span> <span class='ocrx_word' id='word_1_361' title='bbox 1096 2517 1186 2581; x_wconf 90' lang='lat' dir='ltr'><strong>potest</strong></span> <span class='ocrx_word' id='word_1_362' title='bbox 1199 2509 1284 2564; x_wconf 87' lang='lat' dir='ltr'><strong>latere</strong></span> <span class='ocrx_word' id='word_1_363' title='bbox 1307 2508 1401 2566; x_wconf 89' lang='lat' dir='ltr'><strong>oculos</strong></span> <span class='ocrx_word' id='word_1_364' title='bbox 1425 2507 1587 2581; x_wconf 88' lang='lat' dir='ltr'><strong>inspectoris</strong></span> <span class='ocrx_word' id='word_1_365' title='bbox 1609 2507 1659 2564; x_wconf 88' lang='lat' dir='ltr'><strong>sui.</strong></span> <span class='ocrx_word' id='word_1_366' title='bbox 1680 2507 1749 2563; x_wconf 87' lang='lat' dir='ltr'><strong>Pro-</strong></span> 
     </span>
     <span class='ocr_line' id='line_1_54' title="bbox 950 2597 1751 2669; baseline 0 -17"><span class='ocrx_word' id='word_1_367' title='bbox 950 2607 1042 2669; x_wconf 84' lang='lat' dir='ltr'><strong>pterea</strong></span> <span class='ocrx_word' id='word_1_368' title='bbox 1066 2598 1102 2653; x_wconf 90' lang='lat' dir='ltr'><strong>ita</strong></span> <span class='ocrx_word' id='word_1_369' title='bbox 1130 2605 1236 2669; x_wconf 88' lang='lat' dir='ltr'><strong>oportet</strong></span> <span class='ocrx_word' id='word_1_370' title='bbox 1264 2614 1314 2653; x_wconf 84' lang='lat' dir='ltr'><strong>vos</strong></span> <span class='ocrx_word' id='word_1_371' title='bbox 1340 2597 1442 2665; x_wconf 90' lang='lat' dir='ltr'><strong>vivere,</strong></span> <span class='ocrx_word' id='word_1_372' title='bbox 1468 2597 1589 2667; x_wconf 88' lang='lat' dir='ltr'><strong>judicare</strong></span> <span class='ocrx_word' id='word_1_373' title='bbox 1612 2602 1638 2652; x_wconf 91' lang='lat' dir='ltr'><strong>et</strong></span> <span class='ocrx_word' id='word_1_374' title='bbox 1666 2610 1751 2668; x_wconf 84' lang='lat' dir='ltr'><strong>agere</strong></span> 
     </span>
     <span class='ocr_line' id='line_1_55' title="bbox 951 2682 1750 2757; baseline -0.004 -15"><span class='ocrx_word' id='word_1_375' title='bbox 951 2686 1031 2742; x_wconf 91' lang='lat' dir='ltr'><strong>etiarn</strong></span> <span class='ocrx_word' id='word_1_376' title='bbox 1045 2686 1072 2740; x_wconf 92' lang='lat' dir='ltr'><strong>in</strong></span> <span class='ocrx_word' id='word_1_377' title='bbox 1088 2685 1204 2753; x_wconf 88' lang='lat' dir='ltr'><strong>occulto,</strong></span> <span class='ocrx_word' id='word_1_378' title='bbox 1220 2685 1299 2757; x_wconf 91' lang='lat' dir='ltr'><strong>quasi</strong></span> <span class='ocrx_word' id='word_1_379' title='bbox 1313 2684 1371 2739; x_wconf 88' lang='lat' dir='ltr'><strong>sitis</strong></span> <span class='ocrx_word' id='word_1_380' title='bbox 1386 2700 1495 2755; x_wconf 88' lang='lat' dir='ltr'><strong>semper</strong></span> <span class='ocrx_word' id='word_1_381' title='bbox 1507 2683 1536 2738; x_wconf 91' lang='lat' dir='ltr'><strong>in</strong></span> <span class='ocrx_word' id='word_1_382' title='bbox 1550 2682 1676 2755; x_wconf 75' lang='lat' dir='ltr'><strong>public03</strong></span> <span class='ocrx_word' id='word_1_383' title='bbox 1687 2682 1750 2756; x_wconf 77' lang='lat' dir='ltr'><strong>qui·</strong></span> 
     </span>
     <span class='ocr_line' id='line_1_56' title="bbox 952 2769 1748 2845; baseline -0.004 -15"><span class='ocrx_word' id='word_1_384' title='bbox 952 2790 1024 2845; x_wconf 89' lang='lat' dir='ltr'><strong>saepe</strong></span> <span class='ocrx_word' id='word_1_385' title='bbox 1039 2773 1100 2828; x_wconf 90' lang='lat' dir='ltr'><strong>talis</strong></span> <span class='ocrx_word' id='word_1_386' title='bbox 1116 2789 1164 2828; x_wconf 93' lang='lat' dir='ltr'><strong>vos</strong></span> <span class='ocrx_word' id='word_1_387' title='bbox 1176 2773 1258 2829; x_wconf 93' lang='lat' dir='ltr'><strong>verbo</strong></span> <span class='ocrx_word' id='word_1_388' title='bbox 1274 2771 1403 2837; x_wconf 89' lang='lat' dir='ltr'><strong>laudabit,</strong></span> <span class='ocrx_word' id='word_1_389' title='bbox 1419 2772 1465 2844; x_wconf 91' lang='lat' dir='ltr'><strong>qui</strong></span> <span class='ocrx_word' id='word_1_390' title='bbox 1480 2771 1562 2828; x_wconf 89' lang='lat' dir='ltr'><strong>corde</strong></span> <span class='ocrx_word' id='word_1_391' title='bbox 1583 2769 1682 2828; x_wconf 85' lang='lat' dir='ltr'><strong>acriter</strong></span> <span class='ocrx_word' id='word_1_392' title='bbox 1701 2784 1748 2827; x_wconf 80' lang='lat' dir='ltr'><strong>re-</strong></span> 
     </span>
     <span class='ocr_line' id='line_1_57' title="bbox 950 2858 1749 2934; baseline 0 -17"><span class='ocrx_word' id='word_1_393' title='bbox 950 2863 1111 2934; x_wconf 86' lang='lat' dir='ltr'><strong>prehendet,</strong></span> <span class='ocrx_word' id='word_1_394' title='bbox 1133 2879 1206 2933; x_wconf 84' lang='lat' dir='ltr'><strong>saepe</strong></span> <span class='ocrx_word' id='word_1_395' title='bbox 1223 2861 1303 2916; x_wconf 90' lang='lat' dir='ltr'><strong>etiam</strong></span> <span class='ocrx_word' id='word_1_396' title='bbox 1326 2860 1371 2915; x_wconf 89' lang='lat' dir='ltr'><strong>illa</strong></span> <span class='ocrx_word' id='word_1_397' title='bbox 1386 2876 1446 2933; x_wconf 72' lang='lat' dir='ltr'><strong>quae</strong></span> <span class='ocrx_word' id='word_1_398' title='bbox 1470 2859 1548 2915; x_wconf 90' lang='lat' dir='ltr'><strong>vobis</strong></span> <span class='ocrx_word' id='word_1_399' title='bbox 1571 2859 1648 2915; x_wconf 92' lang='lat' dir='ltr'><strong>etin</strong></span> <span class='ocrx_word' id='word_1_400' title='bbox 1670 2858 1749 2917; x_wconf 75' lang='lat' dir='ltr'><strong>vobis</strong></span> 
     </span>
    </p>
   </div>
   <div class='ocr_carea' id='block_1_12' title="bbox 84 2927 1749 3022">
    <p class='ocr_par' dir='ltr' id='par_1_12' title="bbox 84 2927 1749 3022">
     <span class='ocr_line' id='line_1_58' title="bbox 84 2927 1749 3022; baseline -0.002 -15"><span class='ocrx_word' id='word_1_401' title='bbox 84 2930 114 2975; x_wconf 69' lang='lat'><strong>⁰¹</strong></span> <span class='ocrx_word' id='word_1_402' title='bbox 138 2936 201 2992; x_wconf 56' lang='grc' dir='ltr'><strong>(ιι88</strong></span> <span class='ocrx_word' id='word_1_403' title='bbox 225 2929 346 2990; x_wconf 70' lang='lat' dir='ltr'><strong>tempore</strong></span> <span class='ocrx_word' id='word_1_404' title='bbox 372 2928 576 2974; x_wconf 59' lang='lat' dir='ltr'><strong>³¹¹l⁰⁰⁰⁵⁵⁰r¹¹¹¹¹</strong></span> <span class='ocrx_word' id='word_1_405' title='bbox 619 2927 770 2974; x_wconf 60' lang='lat' dir='ltr'><strong>V⁰⁵¹f⁰¹⁹¹¹f¹¹</strong></span> <span class='ocrx_word' id='word_1_406' title='bbox 808 2934 906 2989; x_wconf 74' lang='lat' dir='ltr'><strong>regum</strong></span> <span class='ocrx_word' id='word_1_407' title='bbox 950 2950 1107 3014; x_wconf 82' lang='lat' dir='ltr'><strong>laudaverit,</strong></span> <span class='ocrx_word' id='word_1_408' title='bbox 1122 2950 1193 3022; x_wconf 76' lang='lat' dir='ltr'><strong>apuu</strong></span> <span class='ocrx_word' id='word_1_409' title='bbox 1208 2949 1276 3004; x_wconf 73' lang='lat' dir='ltr'><strong>auos</strong></span> <span class='ocrx_word' id='word_1_410' title='bbox 1290 2949 1324 3005; x_wconf 80' lang='lat' dir='ltr'><strong>ue</strong></span> <span class='ocrx_word' id='word_1_411' title='bbox 1340 2948 1418 3003; x_wconf 78' lang='lat' dir='ltr'><strong>vous</strong></span> <span class='ocrx_word' id='word_1_412' title='bbox 1433 2946 1656 3020; x_wconf 73' lang='lat' dir='ltr'><strong>reprehensum</strong></span> <span class='ocrx_word' id='word_1_413' title='bbox 1672 2946 1749 3017; x_wconf 70' lang='lat' dir='ltr'><strong>Jun-</strong></span> 
     </span>
    </p>
   </div>
   <div class='ocr_carea' id='block_1_13' title="bbox 83 3006 933 3168">
    <p class='ocr_par' dir='ltr' id='par_1_13' title="bbox 83 3006 933 3168">
     <span class='ocr_line' id='line_1_59' title="bbox 85 3006 905 3078; baseline -0.005 -13"><span class='ocrx_word' id='word_1_414' title='bbox 85 3016 250 3065; x_wconf 86' lang='lat' dir='ltr'><strong>constmcta</strong></span> <span class='ocrx_word' id='word_1_415' title='bbox 264 3016 289 3063; x_wconf 91' lang='lat' dir='ltr'><strong>et</strong></span> <span class='ocrx_word' id='word_1_416' title='bbox 303 3007 448 3063; x_wconf 88' lang='lat' dir='ltr'><strong>constituta</strong></span> <span class='ocrx_word' id='word_1_417' title='bbox 463 3006 582 3075; x_wconf 90' lang='lat' dir='ltr'><strong>luerunt,</strong></span> <span class='ocrx_word' id='word_1_418' title='bbox 599 3014 627 3060; x_wconf 95' lang='lat' dir='ltr'><strong>ut</strong></span> <span class='ocrx_word' id='word_1_419' title='bbox 642 3006 675 3060; x_wconf 90' lang='lat' dir='ltr'><strong>ad</strong></span> <span class='ocrx_word' id='word_1_420' title='bbox 695 3008 745 3061; x_wconf 91' lang='lat' dir='ltr'><strong>hoc</strong></span> <span class='ocrx_word' id='word_1_421' title='bbox 767 3007 805 3060; x_wconf 89' lang='lat' dir='ltr'><strong>ad</strong></span> <span class='ocrx_word' id='word_1_422' title='bbox 831 3007 905 3078; x_wconf 89' lang='lat' dir='ltr'><strong>quod</strong></span> 
     </span>
     <span class='ocr_line' id='line_1_60' title="bbox 83 3094 933 3168; baseline -0.004 -17"><span class='ocrx_word' id='word_1_423' title='bbox 83 3097 222 3168; x_wconf 88' lang='lat' dir='ltr'><strong>deputata</strong></span> <span class='ocrx_word' id='word_1_424' title='bbox 240 3104 302 3150; x_wconf 89' lang='lat' dir='ltr'><strong>sunt</strong></span> <span class='ocrx_word' id='word_1_425' title='bbox 322 3102 475 3161; x_wconf 88' lang='lat' dir='ltr'><strong>teneantur,</strong></span> <span class='ocrx_word' id='word_1_426' title='bbox 495 3103 521 3149; x_wconf 90' lang='lat' dir='ltr'><strong>et</strong></span> <span class='ocrx_word' id='word_1_427' title='bbox 540 3110 557 3149; x_wconf 90' lang='lat' dir='ltr'><strong>a</strong></span> <span class='ocrx_word' id='word_1_428' title='bbox 578 3095 729 3151; x_wconf 88' lang='lat' dir='ltr'><strong>rectoribus</strong></span> <span class='ocrx_word' id='word_1_429' title='bbox 749 3096 835 3150; x_wconf 89' lang='lat' dir='ltr'><strong>Deum</strong></span> <span class='ocrx_word' id='word_1_430' title='bbox 856 3094 933 3162; x_wconf 86' lang='lat' dir='ltr'><strong>ti-C</strong></span> 
     </span>
    </p>
   </div>
   <div class='ocr_carea' id='block_1_14' title="bbox 80 3181 894 4490">
    <p class='ocr_par' dir='ltr' id='par_1_14' title="bbox 80 3181 894 4490">
     <span class='ocr_line' id='line_1_61' title="bbox 83 3181 890 3253; baseline -0.001 -14"><span class='ocrx_word' id='word_1_431' title='bbox 83 3184 227 3239; x_wconf 89' lang='lat' dir='ltr'><strong>mentibus</strong></span> <span class='ocrx_word' id='word_1_432' title='bbox 247 3183 418 3246; x_wconf 85' lang='lat' dir='ltr'><strong>ordinentur,</strong></span> <span class='ocrx_word' id='word_1_433' title='bbox 441 3181 637 3249; x_wconf 88' lang='lat' dir='ltr'><strong>custodiantur,</strong></span> <span class='ocrx_word' id='word_1_434' title='bbox 659 3199 692 3237; x_wconf 92' lang='lat' dir='ltr'><strong>ue</strong></span> <span class='ocrx_word' id='word_1_435' title='bbox 712 3182 890 3253; x_wconf 87' lang='lat' dir='ltr'><strong>dissipentur,</strong></span> 
     </span>
     <span class='ocr_line' id='line_1_62' title="bbox 84 3271 894 3327; baseline 0 0"><span class='ocrx_word' id='word_1_436' title='bbox 84 3273 221 3327; x_wconf 87' lang='lat' dir='ltr'><strong>obtinete.</strong></span> <span class='ocrx_word' id='word_1_437' title='bbox 238 3271 290 3326; x_wconf 87' lang='lat' dir='ltr'><strong>Sed</strong></span> <span class='ocrx_word' id='word_1_438' title='bbox 307 3280 334 3326; x_wconf 90' lang='lat' dir='ltr'><strong>et</strong></span> <span class='ocrx_word' id='word_1_439' title='bbox 348 3271 502 3327; x_wconf 88' lang='lat' dir='ltr'><strong>rectoribus</strong></span> <span class='ocrx_word' id='word_1_440' title='bbox 516 3271 746 3326; x_wconf 80' lang='lat' dir='ltr'><strong>monasteriorum</strong></span> <span class='ocrx_word' id='word_1_441' title='bbox 761 3279 787 3325; x_wconf 93' lang='lat' dir='ltr'><strong>et</strong></span> <span class='ocrx_word' id='word_1_442' title='bbox 807 3286 894 3327; x_wconf 85' lang='lat' dir='ltr'><strong>xeno·</strong></span> 
     </span>
     <span class='ocr_line' id='line_1_63' title="bbox 82 3358 893 3430; baseline -0.002 -15"><span class='ocrx_word' id='word_1_443' title='bbox 82 3361 257 3426; x_wconf 88' lang='lat' dir='ltr'><strong>doehiorum,</strong></span> <span class='ocrx_word' id='word_1_444' title='bbox 274 3359 301 3413; x_wconf 92' lang='lat' dir='ltr'><strong>id</strong></span> <span class='ocrx_word' id='word_1_445' title='bbox 317 3368 358 3414; x_wconf 89' lang='lat' dir='ltr'><strong>est</strong></span> <span class='ocrx_word' id='word_1_446' title='bbox 373 3358 700 3430; x_wconf 79' lang='lat' dir='ltr'><strong>hospitaliumpnecipitc</strong></span> <span class='ocrx_word' id='word_1_447' title='bbox 716 3368 745 3413; x_wconf 97' lang='lat' dir='ltr'><strong>ut</strong></span> <span class='ocrx_word' id='word_1_448' title='bbox 759 3359 828 3415; x_wconf 87' lang='lat' dir='ltr'><strong>sicut</strong></span> <span class='ocrx_word' id='word_1_449' title='bbox 844 3375 893 3415; x_wconf 91' lang='lat' dir='ltr'><strong>ca-</strong></span> 
     </span>
     <span class='ocr_line' id='line_1_64' title="bbox 83 3447 893 3519; baseline 0 -16"><span class='ocrx_word' id='word_1_450' title='bbox 83 3449 185 3504; x_wconf 87' lang='lat' dir='ltr'><strong>nonica</strong></span> <span class='ocrx_word' id='word_1_451' title='bbox 207 3448 287 3504; x_wconf 89' lang='lat' dir='ltr'><strong>docet</strong></span> <span class='ocrx_word' id='word_1_452' title='bbox 310 3448 470 3516; x_wconf 90' lang='lat' dir='ltr'><strong>auctoritas,</strong></span> <span class='ocrx_word' id='word_1_453' title='bbox 503 3456 530 3504; x_wconf 93' lang='lat' dir='ltr'><strong>et</strong></span> <span class='ocrx_word' id='word_1_454' title='bbox 551 3447 669 3519; x_wconf 88' lang='lat' dir='ltr'><strong>capitula</strong></span> <span class='ocrx_word' id='word_1_455' title='bbox 692 3447 736 3503; x_wconf 88' lang='lat' dir='ltr'><strong>avi</strong></span> <span class='ocrx_word' id='word_1_456' title='bbox 761 3455 787 3503; x_wconf 90' lang='lat' dir='ltr'><strong>et</strong></span> <span class='ocrx_word' id='word_1_457' title='bbox 807 3447 893 3519; x_wconf 89' lang='lat' dir='ltr'><strong>patris</strong></span> 
     </span>
     <span class='ocr_line' id='line_1_65' title="bbox 87 3535 891 3607; baseline 0 -18"><span class='ocrx_word' id='word_1_458' title='bbox 87 3537 176 3592; x_wconf 84' lang='lat' dir='ltr'><strong>vestri</strong></span> <span class='ocrx_word' id='word_1_459' title='bbox 195 3536 363 3607; x_wconf 65' lang='lat' dir='ltr'><strong>pmcipiunt,</strong></span> <span class='ocrx_word' id='word_1_460' title='bbox 384 3535 519 3607; x_wconf 89' lang='lat' dir='ltr'><strong>episcopis</strong></span> <span class='ocrx_word' id='word_1_461' title='bbox 537 3536 657 3607; x_wconf 92' lang='lat' dir='ltr'><strong>propriis</strong></span> <span class='ocrx_word' id='word_1_462' title='bbox 690 3536 743 3590; x_wconf 91' lang='lat' dir='ltr'><strong>sint</strong></span> <span class='ocrx_word' id='word_1_463' title='bbox 766 3535 891 3604; x_wconf 88' lang='lat' dir='ltr'><strong>subjecti,</strong></span> 
     </span>
     <span class='ocr_line' id='line_1_66' title="bbox 88 3612 892 3695; baseline -0.004 -15"><span class='ocrx_word' id='word_1_464' title='bbox 88 3634 116 3680; x_wconf 90' lang='lat' dir='ltr'><strong>et</strong></span> <span class='ocrx_word' id='word_1_465' title='bbox 131 3624 298 3680; x_wconf 84' lang='lat' dir='ltr'><strong>monasteris</strong></span> <span class='ocrx_word' id='word_1_466' title='bbox 318 3632 400 3695; x_wconf 91' lang='lat' dir='ltr'><strong>atque</strong></span> <span class='ocrx_word' id='word_1_467' title='bbox 414 3612 559 3694; x_wconf 86' lang='lat' dir='ltr'><strong>hospitalia</strong></span> <span class='ocrx_word' id='word_1_468' title='bbox 574 3623 627 3678; x_wconf 81' lang='lat' dir='ltr'><strong>sibi</strong></span> <span class='ocrx_word' id='word_1_469' title='bbox 649 3624 796 3680; x_wconf 89' lang='lat' dir='ltr'><strong>commissa</strong></span> <span class='ocrx_word' id='word_1_470' title='bbox 818 3623 892 3693; x_wconf 88' lang='lat' dir='ltr'><strong>ipso-</strong></span> 
     </span>
     <span class='ocr_line' id='line_1_67' title="bbox 87 3711 892 3785; baseline -0.002 -17"><span class='ocrx_word' id='word_1_471' title='bbox 87 3730 152 3768; x_wconf 88' lang='lat' dir='ltr'><strong>rum</strong></span> <span class='ocrx_word' id='word_1_472' title='bbox 184 3721 279 3785; x_wconf 80' lang='lat' dir='ltr'><strong>regant</strong></span> <span class='ocrx_word' id='word_1_473' title='bbox 302 3711 419 3768; x_wconf 91' lang='lat' dir='ltr'><strong>consilio</strong></span> <span class='ocrx_word' id='word_1_474' title='bbox 436 3730 443 3777; x_wconf 90' lang='grc'>;</span> <span class='ocrx_word' id='word_1_475' title='bbox 469 3712 600 3783; x_wconf 89' lang='lat' dir='ltr'><strong>quoniam</strong></span> <span class='ocrx_word' id='word_1_476' title='bbox 615 3712 734 3783; x_wconf 89' lang='lat' dir='ltr'><strong>episcopi</strong></span> <span class='ocrx_word' id='word_1_477' title='bbox 749 3719 892 3783; x_wconf 88' lang='lat' dir='ltr'><strong>paternam</strong></span> 
     </span>
     <span class='ocr_line' id='line_1_68' title="bbox 86 3800 889 3870; baseline -0.001 -13"><span class='ocrx_word' id='word_1_478' title='bbox 86 3801 301 3857; x_wconf 79' lang='lat' dir='ltr'><strong>sollicitudinem</strong></span> <span class='ocrx_word' id='word_1_479' title='bbox 323 3801 373 3870; x_wconf 90' lang='lat' dir='ltr'><strong>eis,</strong></span> <span class='ocrx_word' id='word_1_480' title='bbox 396 3802 546 3856; x_wconf 90' lang='lat' dir='ltr'><strong>secundum</strong></span> <span class='ocrx_word' id='word_1_481' title='bbox 570 3800 749 3855; x_wconf 89' lang='lat' dir='ltr'><strong>ministerium</strong></span> <span class='ocrx_word' id='word_1_482' title='bbox 772 3800 889 3869; x_wconf 91' lang='lat' dir='ltr'><strong>illorum,</strong></span> 
     </span>
     <span class='ocr_line' id='line_1_69' title="bbox 87 3888 891 3961; baseline -0.001 -16"><span class='ocrx_word' id='word_1_483' title='bbox 87 3890 240 3945; x_wconf 85' lang='lat' dir='ltr'><strong>studebunt</strong></span> <span class='ocrx_word' id='word_1_484' title='bbox 262 3888 431 3960; x_wconf 87' lang='lat' dir='ltr'><strong>impendere.</strong></span> <span class='ocrx_word' id='word_1_485' title='bbox 456 3891 490 3944; x_wconf 88' lang='lat' dir='ltr'><strong>Et</strong></span> <span class='ocrx_word' id='word_1_486' title='bbox 514 3890 577 3961; x_wconf 90' lang='lat' dir='ltr'><strong>quia</strong></span> <span class='ocrx_word' id='word_1_487' title='bbox 603 3905 676 3960; x_wconf 70' lang='lat' dir='ltr'><strong>saepe</strong></span> <span class='ocrx_word' id='word_1_488' title='bbox 703 3889 848 3960; x_wconf 90' lang='lat' dir='ltr'><strong>unicuique</strong></span> <span class='ocrx_word' id='word_1_489' title='bbox 863 3889 891 3944; x_wconf 91' lang='lat' dir='ltr'><strong>in</strong></span> 
     </span>
     <span class='ocr_line' id='line_1_70' title="bbox 86 3977 890 4050; baseline -0.002 -17"><span class='ocrx_word' id='word_1_490' title='bbox 86 3979 165 4033; x_wconf 92' lang='lat' dir='ltr'><strong>omni</strong></span> <span class='ocrx_word' id='word_1_491' title='bbox 183 3978 278 4033; x_wconf 91' lang='lat' dir='ltr'><strong>ordine</strong></span> <span class='ocrx_word' id='word_1_492' title='bbox 297 3985 497 4048; x_wconf 87' lang='lat' dir='ltr'><strong>competentem</strong></span> <span class='ocrx_word' id='word_1_493' title='bbox 517 3978 608 4050; x_wconf 87' lang='lat' dir='ltr'><strong>legem</strong></span> <span class='ocrx_word' id='word_1_494' title='bbox 627 3986 653 4032; x_wconf 90' lang='lat' dir='ltr'><strong>et</strong></span> <span class='ocrx_word' id='word_1_495' title='bbox 670 3977 810 4046; x_wconf 90' lang='lat' dir='ltr'><strong>justitiam,</strong></span> <span class='ocrx_word' id='word_1_496' title='bbox 837 3993 890 4031; x_wconf 91' lang='lat' dir='ltr'><strong>una</strong></span> 
     </span>
     <span class='ocr_line' id='line_1_71' title="bbox 85 4066 890 4138; baseline -0.004 -15"><span class='ocrx_word' id='word_1_497' title='bbox 85 4066 299 4123; x_wconf 80' lang='lat' dir='ltr'><strong>cumfratribus</strong></span> <span class='ocrx_word' id='word_1_498' title='bbox 320 4066 427 4133; x_wconf 86' lang='lat' dir='ltr'><strong>vestris,</strong></span> <span class='ocrx_word' id='word_1_499' title='bbox 449 4066 584 4138; x_wconf 78' lang='lat' dir='ltr'><strong>frequenti</strong></span> <span class='ocrx_word' id='word_1_500' title='bbox 605 4066 807 4121; x_wconf 84' lang='lat' dir='ltr'><strong>annuntiatione</strong></span> <span class='ocrx_word' id='word_1_501' title='bbox 826 4080 890 4138; x_wconf 90' lang='lat' dir='ltr'><strong>per·</strong></span> 
     </span>
     <span class='ocr_line' id='line_1_72' title="bbox 83 4152 888 4227; baseline -0.001 -17"><span class='ocrx_word' id='word_1_502' title='bbox 83 4155 220 4219; x_wconf 80' lang='lat' dir='ltr'><strong>donastis,</strong></span> <span class='ocrx_word' id='word_1_503' title='bbox 238 4154 418 4210; x_wconf 88' lang='lat' dir='ltr'><strong>ecclesiastici</strong></span> <span class='ocrx_word' id='word_1_504' title='bbox 432 4164 459 4209; x_wconf 91' lang='lat' dir='ltr'><strong>et</strong></span> <span class='ocrx_word' id='word_1_505' title='bbox 472 4154 593 4227; x_wconf 78' lang='lat' dir='ltr'><strong>religiosi</strong></span> <span class='ocrx_word' id='word_1_506' title='bbox 608 4155 717 4208; x_wconf 87' lang='lat' dir='ltr'><strong>habitus</strong></span> <span class='ocrx_word' id='word_1_507' title='bbox 730 4153 781 4208; x_wconf 88' lang='lat' dir='ltr'><strong>viri</strong></span> <span class='ocrx_word' id='word_1_508' title='bbox 796 4170 827 4209; x_wconf 90' lang='lat' dir='ltr'><strong>ac</strong></span> <span class='ocrx_word' id='word_1_509' title='bbox 847 4152 888 4209; x_wconf 87' lang='lat' dir='ltr'><strong>ie·</strong></span> 
     </span>
     <span class='ocr_line' id='line_1_73' title="bbox 83 4242 889 4315; baseline -0.001 -17"><span class='ocrx_word' id='word_1_510' title='bbox 83 4243 179 4303; x_wconf 78' lang='lat' dir='ltr'><strong>mium.</strong></span> <span class='ocrx_word' id='word_1_511' title='bbox 196 4251 278 4314; x_wconf 86' lang='lat' dir='ltr'><strong>atque</strong></span> <span class='ocrx_word' id='word_1_512' title='bbox 296 4242 433 4315; x_wconf 87' lang='lat' dir='ltr'><strong>peregrini</strong></span> <span class='ocrx_word' id='word_1_513' title='bbox 453 4251 478 4297; x_wconf 91' lang='lat' dir='ltr'><strong>et</strong></span> <span class='ocrx_word' id='word_1_514' title='bbox 493 4258 638 4313; x_wconf 86' lang='lat' dir='ltr'><strong>pauperes,</strong></span> <span class='ocrx_word' id='word_1_515' title='bbox 660 4243 686 4296; x_wconf 91' lang='lat' dir='ltr'><strong>in</strong></span> <span class='ocrx_word' id='word_1_516' title='bbox 707 4242 805 4314; x_wconf 93' lang='lat' dir='ltr'><strong>quibus</strong></span> <span class='ocrx_word' id='word_1_517' title='bbox 826 4258 889 4313; x_wconf 89' lang='lat' dir='ltr'><strong>spe·</strong></span> 
     </span>
     <span class='ocr_line' id='line_1_74' title="bbox 80 4331 888 4402; baseline -0.002 -16"><span class='ocrx_word' id='word_1_518' title='bbox 80 4332 191 4387; x_wconf 84' lang='lat' dir='ltr'><strong>cialiter</strong></span> <span class='ocrx_word' id='word_1_519' title='bbox 205 4331 328 4385; x_wconf 90' lang='lat' dir='ltr'><strong>Christus</strong></span> <span class='ocrx_word' id='word_1_520' title='bbox 348 4331 502 4401; x_wconf 87' lang='lat' dir='ltr'><strong>suscipitur,</strong></span> <span class='ocrx_word' id='word_1_521' title='bbox 524 4332 747 4402; x_wconf 86' lang='lat' dir='ltr'><strong>perdonationem</strong></span> <span class='ocrx_word' id='word_1_522' title='bbox 768 4340 888 4385; x_wconf 88' lang='lat' dir='ltr'><strong>vestram</strong></span> 
     </span>
     <span class='ocr_line' id='line_1_75' title="bbox 84 4420 517 4490; baseline 0.005 -17"><span class='ocrx_word' id='word_1_523' title='bbox 84 4420 138 4473; x_wconf 85' lang='lat' dir='ltr'><strong>sibi</strong></span> <span class='ocrx_word' id='word_1_524' title='bbox 156 4420 274 4474; x_wconf 85' lang='lat' dir='ltr'><strong>sentiant</strong></span> <span class='ocrx_word' id='word_1_525' title='bbox 288 4435 398 4490; x_wconf 89' lang='lat' dir='ltr'><strong>semper</strong></span> <span class='ocrx_word' id='word_1_526' title='bbox 412 4420 517 4475; x_wconf 88' lang='lat' dir='ltr'><strong>adesse.</strong></span> 
     </span>
    </p>
   </div>
   <div class='ocr_carea' id='block_1_15' title="bbox 87 4543 890 4687">
    <p class='ocr_par' dir='ltr' id='par_1_15' title="bbox 87 4543 890 4687">
     <span class='ocr_line' id='line_1_76' title="bbox 87 4543 890 4615; baseline 0.005 -18"><span class='ocrx_word' id='word_1_527' title='bbox 87 4544 134 4597; x_wconf 72' lang='lat' dir='ltr'><strong>Xl.</strong></span> <span class='ocrx_word' id='word_1_528' title='bbox 155 4543 232 4610; x_wconf 77' lang='lat' dir='ltr'><strong>Quod</strong></span> <span class='ocrx_word' id='word_1_529' title='bbox 245 4559 339 4615; x_wconf 77' lang='lat' dir='ltr'><strong>regem</strong></span> <span class='ocrx_word' id='word_1_530' title='bbox 355 4544 396 4598; x_wconf 85' lang='lat' dir='ltr'><strong>ito</strong></span> <span class='ocrx_word' id='word_1_531' title='bbox 410 4546 498 4598; x_wconf 79' lang='lat' dir='ltr'><strong>vitain</strong></span> <span class='ocrx_word' id='word_1_532' title='bbox 513 4545 664 4600; x_wconf 78' lang='lat' dir='ltr'><strong>instituere</strong></span> <span class='ocrx_word' id='word_1_533' title='bbox 677 4545 836 4615; x_wconf 83' lang='lat' dir='ltr'><strong>conec-niet,</strong></span> <span class='ocrx_word' id='word_1_534' title='bbox 856 4549 890 4601; x_wconf 84' lang='lat' dir='ltr'><strong>nt</strong></span> 
     </span>
     <span class='ocr_line' id='line_1_77' title="bbox 339 4615 671 4687; baseline -0.003 -17"><span class='ocrx_word' id='word_1_535' title='bbox 339 4615 467 4670; x_wconf 84' lang='lat' dir='ltr'><strong>ornnibns</strong></span> <span class='ocrx_word' id='word_1_536' title='bbox 481 4616 520 4670; x_wconf 83' lang='lat' dir='ltr'><strong>sit</strong></span> <span class='ocrx_word' id='word_1_537' title='bbox 531 4616 671 4687; x_wconf 75' lang='lat' dir='ltr'><strong>eecrnplo.</strong></span> 
     </span>
    </p>
   </div>
   <div class='ocr_carea' id='block_1_16' title="bbox 117 4720 890 4792">
    <p class='ocr_par' dir='ltr' id='par_1_16' title="bbox 117 4720 890 4792">
     <span class='ocr_line' id='line_1_78' title="bbox 117 4720 890 4792; baseline 0.003 -18"><span class='ocrx_word' id='word_1_538' title='bbox 117 4722 153 4775; x_wconf 86' lang='lat' dir='ltr'><strong>Et</strong></span> <span class='ocrx_word' id='word_1_539' title='bbox 168 4720 281 4791; x_wconf 90' lang='lat' dir='ltr'><strong>quiade</strong></span> <span class='ocrx_word' id='word_1_540' title='bbox 297 4727 405 4775; x_wconf 87' lang='lat' dir='ltr'><strong>statuet</strong></span> <span class='ocrx_word' id='word_1_541' title='bbox 427 4720 514 4776; x_wconf 80' lang='lat' dir='ltr'><strong>salue</strong></span> <span class='ocrx_word' id='word_1_542' title='bbox 530 4722 623 4792; x_wconf 93' lang='lat' dir='ltr'><strong>populi</strong></span> <span class='ocrx_word' id='word_1_543' title='bbox 645 4722 793 4792; x_wconf 88' lang='lat' dir='ltr'><strong>christiani,</strong></span> <span class='ocrx_word' id='word_1_544' title='bbox 820 4722 890 4778; x_wconf 89' lang='lat' dir='ltr'><strong>sicut</strong></span> 
     </span>
    </p>
   </div>
   <div class='ocr_carea' id='block_1_17' title="bbox 938 3034 1748 4435">
    <p class='ocr_par' dir='ltr' id='par_1_17' title="bbox 938 3034 1748 4435">
     <span class='ocr_line' id='line_1_79' title="bbox 951 3034 1747 3106; baseline -0.003 -12"><span class='ocrx_word' id='word_1_545' title='bbox 951 3038 1033 3094; x_wconf 86' lang='lat' dir='ltr'><strong>cabit.</strong></span> <span class='ocrx_word' id='word_1_546' title='bbox 1060 3038 1088 3094; x_wconf 89' lang='lat' dir='ltr'><strong>Si</strong></span> <span class='ocrx_word' id='word_1_547' title='bbox 1115 3046 1215 3105; x_wconf 89' lang='lat' dir='ltr'><strong>autem,</strong></span> <span class='ocrx_word' id='word_1_548' title='bbox 1244 3045 1273 3091; x_wconf 96' lang='lat' dir='ltr'><strong>ut</strong></span> <span class='ocrx_word' id='word_1_549' title='bbox 1298 3035 1423 3103; x_wconf 89' lang='lat' dir='ltr'><strong>dicimus,</strong></span> <span class='ocrx_word' id='word_1_550' title='bbox 1453 3036 1597 3106; x_wconf 85' lang='lat' dir='ltr'><strong>adjuvante</strong></span> <span class='ocrx_word' id='word_1_551' title='bbox 1619 3034 1747 3103; x_wconf 89' lang='lat' dir='ltr'><strong>Domino,</strong></span> 
     </span>
     <span class='ocr_line' id='line_1_80' title="bbox 945 3124 1748 3197; baseline -0.002 -16"><span class='ocrx_word' id='word_1_552' title='bbox 945 3126 1049 3192; x_wconf 88' lang='lat' dir='ltr'><strong>vivere,</strong></span> <span class='ocrx_word' id='word_1_553' title='bbox 1063 3126 1184 3197; x_wconf 88' lang='lat' dir='ltr'><strong>judicare</strong></span> <span class='ocrx_word' id='word_1_554' title='bbox 1200 3134 1226 3181; x_wconf 91' lang='lat' dir='ltr'><strong>et</strong></span> <span class='ocrx_word' id='word_1_555' title='bbox 1240 3141 1321 3197; x_wconf 88' lang='lat' dir='ltr'><strong>agere</strong></span> <span class='ocrx_word' id='word_1_556' title='bbox 1344 3124 1547 3196; x_wconf 70' lang='lat' dir='ltr'><strong>praevalebitis3</strong></span> <span class='ocrx_word' id='word_1_557' title='bbox 1572 3124 1595 3178; x_wconf 92' lang='lat' dir='ltr'><strong>si</strong></span> <span class='ocrx_word' id='word_1_558' title='bbox 1622 3139 1671 3180; x_wconf 89' lang='lat' dir='ltr'><strong>vos</strong></span> <span class='ocrx_word' id='word_1_559' title='bbox 1692 3137 1748 3181; x_wconf 87' lang='lat' dir='ltr'><strong>non</strong></span> 
     </span>
     <span class='ocr_line' id='line_1_81' title="bbox 944 3211 1748 3286; baseline -0.001 -18"><span class='ocrx_word' id='word_1_560' title='bbox 944 3215 1123 3270; x_wconf 87' lang='lat' dir='ltr'><strong>stimulaverit</strong></span> <span class='ocrx_word' id='word_1_561' title='bbox 1131 3214 1336 3286; x_wconf 88' lang='lat' dir='ltr'><strong>omorprivatus</strong></span> <span class='ocrx_word' id='word_1_562' title='bbox 1348 3232 1355 3279; x_wconf 86' lang='lat'>;</span> <span class='ocrx_word' id='word_1_563' title='bbox 1367 3213 1390 3268; x_wconf 94' lang='lat' dir='ltr'><strong>si</strong></span> <span class='ocrx_word' id='word_1_564' title='bbox 1407 3228 1456 3268; x_wconf 92' lang='lat' dir='ltr'><strong>vos</strong></span> <span class='ocrx_word' id='word_1_565' title='bbox 1467 3229 1521 3268; x_wconf 94' lang='lat' dir='ltr'><strong>non</strong></span> <span class='ocrx_word' id='word_1_566' title='bbox 1539 3211 1748 3269; x_wconf 81' lang='lat' dir='ltr'><strong>inflammaverit</strong></span> 
     </span>
     <span class='ocr_line' id='line_1_82' title="bbox 943 3301 1747 3374; baseline -0.001 -17"><span class='ocrx_word' id='word_1_567' title='bbox 943 3303 1076 3373; x_wconf 85' lang='lat' dir='ltr'><strong>cupiditas</strong></span> <span class='ocrx_word' id='word_1_568' title='bbox 1090 3303 1195 3374; x_wconf 76' lang='lat' dir='ltr'><strong>gloria,</strong></span> <span class='ocrx_word' id='word_1_569' title='bbox 1221 3301 1388 3368; x_wconf 87' lang='lat' dir='ltr'><strong>divitiarum,</strong></span> <span class='ocrx_word' id='word_1_570' title='bbox 1409 3302 1629 3373; x_wconf 88' lang='lat' dir='ltr'><strong>possessionum,</strong></span> <span class='ocrx_word' id='word_1_571' title='bbox 1653 3309 1679 3358; x_wconf 85' lang='lat' dir='ltr'><strong>ot</strong></span> <span class='ocrx_word' id='word_1_572' title='bbox 1692 3315 1747 3373; x_wconf 91' lang='lat' dir='ltr'><strong>po·</strong></span> 
     </span>
     <span class='ocr_line' id='line_1_83' title="bbox 948 3389 1748 3462; baseline 0 -18"><span class='ocrx_word' id='word_1_573' title='bbox 948 3399 1070 3446; x_wconf 91' lang='lat' dir='ltr'><strong>tentatus</strong></span> <span class='ocrx_word' id='word_1_574' title='bbox 1082 3409 1089 3458; x_wconf 88' lang='lat'>;</span> <span class='ocrx_word' id='word_1_575' title='bbox 1101 3391 1124 3445; x_wconf 89' lang='lat' dir='ltr'><strong>si</strong></span> <span class='ocrx_word' id='word_1_576' title='bbox 1133 3407 1189 3446; x_wconf 92' lang='lat' dir='ltr'><strong>non</strong></span> <span class='ocrx_word' id='word_1_577' title='bbox 1196 3390 1259 3462; x_wconf 87' lang='lat' dir='ltr'><strong>plus</strong></span> <span class='ocrx_word' id='word_1_578' title='bbox 1267 3390 1437 3446; x_wconf 89' lang='lat' dir='ltr'><strong>credideritis</strong></span> <span class='ocrx_word' id='word_1_579' title='bbox 1444 3389 1540 3446; x_wconf 77' lang='lat' dir='ltr'><strong>alienae</strong></span> <span class='ocrx_word' id='word_1_580' title='bbox 1547 3389 1748 3462; x_wconf 78' lang='lat' dir='ltr'><strong>lingue,quam</strong></span> 
     </span>
     <span class='ocr_line' id='line_1_84' title="bbox 942 3476 1745 3550; baseline 0.001 -18"><span class='ocrx_word' id='word_1_581' title='bbox 942 3479 1060 3550; x_wconf 70' lang='lat' dir='ltr'><strong>propriae</strong></span> <span class='ocrx_word' id='word_1_582' title='bbox 1074 3479 1266 3545; x_wconf 85' lang='lat' dir='ltr'><strong>conscientiae;</strong></span> <span class='ocrx_word' id='word_1_583' title='bbox 1283 3478 1306 3532; x_wconf 92' lang='lat' dir='ltr'><strong>si</strong></span> <span class='ocrx_word' id='word_1_584' title='bbox 1321 3493 1370 3533; x_wconf 93' lang='lat' dir='ltr'><strong>vos</strong></span> <span class='ocrx_word' id='word_1_585' title='bbox 1386 3491 1440 3533; x_wconf 92' lang='lat' dir='ltr'><strong>non</strong></span> <span class='ocrx_word' id='word_1_586' title='bbox 1455 3477 1553 3533; x_wconf 88' lang='lat' dir='ltr'><strong>roserit</strong></span> <span class='ocrx_word' id='word_1_587' title='bbox 1565 3476 1638 3533; x_wconf 87' lang='lat' dir='ltr'><strong>tinea</strong></span> <span class='ocrx_word' id='word_1_588' title='bbox 1652 3476 1745 3534; x_wconf 85' lang='lat' dir='ltr'><strong>adula-</strong></span> 
     </span>
     <span class='ocr_line' id='line_1_85' title="bbox 943 3563 1744 3632; baseline 0 -12"><span class='ocrx_word' id='word_1_589' title='bbox 943 3566 1024 3621; x_wconf 92' lang='lat' dir='ltr'><strong>tionis</strong></span> <span class='ocrx_word' id='word_1_590' title='bbox 1044 3584 1051 3632; x_wconf 88' lang='lat'>;</span> <span class='ocrx_word' id='word_1_591' title='bbox 1066 3567 1088 3620; x_wconf 92' lang='lat' dir='ltr'><strong>si</strong></span> <span class='ocrx_word' id='word_1_592' title='bbox 1102 3582 1158 3621; x_wconf 92' lang='lat' dir='ltr'><strong>non</strong></span> <span class='ocrx_word' id='word_1_593' title='bbox 1172 3583 1221 3622; x_wconf 88' lang='lat' dir='ltr'><strong>vos</strong></span> <span class='ocrx_word' id='word_1_594' title='bbox 1236 3565 1336 3621; x_wconf 88' lang='lat' dir='ltr'><strong>usserit</strong></span> <span class='ocrx_word' id='word_1_595' title='bbox 1350 3565 1419 3620; x_wconf 89' lang='lat' dir='ltr'><strong>livor</strong></span> <span class='ocrx_word' id='word_1_596' title='bbox 1432 3564 1528 3621; x_wconf 83' lang='lat' dir='ltr'><strong>alienae</strong></span> <span class='ocrx_word' id='word_1_597' title='bbox 1542 3563 1680 3621; x_wconf 78' lang='lat' dir='ltr'><strong>felicitatis</strong></span> <span class='ocrx_word' id='word_1_598' title='bbox 1695 3582 1703 3631; x_wconf 88' lang='lat'>;</span> <span class='ocrx_word' id='word_1_599' title='bbox 1719 3564 1744 3620; x_wconf 81' lang='lat' dir='ltr'><strong>si</strong></span> 
     </span>
     <span class='ocr_line' id='line_1_86' title="bbox 942 3650 1741 3727; baseline -0.001 -19"><span class='ocrx_word' id='word_1_600' title='bbox 942 3668 992 3709; x_wconf 92' lang='lat' dir='ltr'><strong>vos</strong></span> <span class='ocrx_word' id='word_1_601' title='bbox 1006 3670 1060 3709; x_wconf 92' lang='lat' dir='ltr'><strong>uon</strong></span> <span class='ocrx_word' id='word_1_602' title='bbox 1073 3654 1212 3710; x_wconf 85' lang='lat' dir='ltr'><strong>vexaverit</strong></span> <span class='ocrx_word' id='word_1_603' title='bbox 1225 3654 1366 3727; x_wconf 87' lang='lat' dir='ltr'><strong>neglectus</strong></span> <span class='ocrx_word' id='word_1_604' title='bbox 1381 3652 1478 3708; x_wconf 86' lang='lat' dir='ltr'><strong>animae</strong></span> <span class='ocrx_word' id='word_1_605' title='bbox 1492 3659 1519 3708; x_wconf 92' lang='lat' dir='ltr'><strong>et</strong></span> <span class='ocrx_word' id='word_1_606' title='bbox 1532 3667 1609 3708; x_wconf 86' lang='lat' dir='ltr'><strong>emor</strong></span> <span class='ocrx_word' id='word_1_607' title='bbox 1627 3650 1718 3708; x_wconf 85' lang='lat' dir='ltr'><strong>carnis</strong></span> <span class='ocrx_word' id='word_1_608' title='bbox 1732 3669 1741 3720; x_wconf 79' lang='lat'>3</span> 
     </span>
     <span class='ocr_line' id='line_1_87' title="bbox 942 3739 1745 3816; baseline 0 -19"><span class='ocrx_word' id='word_1_609' title='bbox 942 3743 965 3797; x_wconf 95' lang='lat' dir='ltr'><strong>si</strong></span> <span class='ocrx_word' id='word_1_610' title='bbox 991 3742 1163 3798; x_wconf 88' lang='lat' dir='ltr'><strong>credideritis</strong></span> <span class='ocrx_word' id='word_1_611' title='bbox 1192 3758 1288 3816; x_wconf 85' lang='lat' dir='ltr'><strong>regern</strong></span> <span class='ocrx_word' id='word_1_612' title='bbox 1311 3741 1448 3798; x_wconf 88' lang='lat' dir='ltr'><strong>Christum</strong></span> <span class='ocrx_word' id='word_1_613' title='bbox 1475 3755 1591 3812; x_wconf 92' lang='lat' dir='ltr'><strong>nonpro</strong></span> <span class='ocrx_word' id='word_1_614' title='bbox 1606 3756 1646 3810; x_wconf 85' lang='lat' dir='ltr'><strong>se,</strong></span> <span class='ocrx_word' id='word_1_615' title='bbox 1661 3739 1745 3797; x_wconf 87' lang='lat' dir='ltr'><strong>idest</strong></span> 
     </span>
     <span class='ocr_line' id='line_1_88' title="bbox 941 3829 1743 3903; baseline -0.002 -16"><span class='ocrx_word' id='word_1_616' title='bbox 941 3847 996 3887; x_wconf 90' lang='lat' dir='ltr'><strong>non</strong></span> <span class='ocrx_word' id='word_1_617' title='bbox 1010 3847 1061 3903; x_wconf 92' lang='lat' dir='ltr'><strong>pro</strong></span> <span class='ocrx_word' id='word_1_618' title='bbox 1075 3847 1124 3886; x_wconf 89' lang='lat' dir='ltr'><strong>sua</strong></span> <span class='ocrx_word' id='word_1_619' title='bbox 1138 3831 1299 3888; x_wconf 82' lang='lat' dir='ltr'><strong>necessitate</strong></span> <span class='ocrx_word' id='word_1_620' title='bbox 1312 3839 1447 3886; x_wconf 90' lang='lat' dir='ltr'><strong>mortuum</strong></span> <span class='ocrx_word' id='word_1_621' title='bbox 1460 3873 1467 3897; x_wconf 92' lang='lat'><strong>,</strong></span> <span class='ocrx_word' id='word_1_622' title='bbox 1484 3830 1534 3885; x_wconf 89' lang='lat' dir='ltr'><strong>sed</strong></span> <span class='ocrx_word' id='word_1_623' title='bbox 1546 3844 1597 3902; x_wconf 91' lang='lat' dir='ltr'><strong>pro</strong></span> <span class='ocrx_word' id='word_1_624' title='bbox 1611 3829 1701 3898; x_wconf 88' lang='lat' dir='ltr'><strong>nobis,</strong></span> <span class='ocrx_word' id='word_1_625' title='bbox 1712 3835 1743 3885; x_wconf 87' lang='lat' dir='ltr'><strong>nt</strong></span> 
     </span>
     <span class='ocr_line' id='line_1_89' title="bbox 940 3917 1744 3993; baseline -0.004 -18"><span class='ocrx_word' id='word_1_626' title='bbox 940 3920 1094 3975; x_wconf 88' lang='lat' dir='ltr'><strong>viveremus</strong></span> <span class='ocrx_word' id='word_1_627' title='bbox 1108 3921 1155 3993; x_wconf 92' lang='lat' dir='ltr'><strong>qui</strong></span> <span class='ocrx_word' id='word_1_628' title='bbox 1169 3920 1269 3976; x_wconf 92' lang='lat' dir='ltr'><strong>mortui</strong></span> <span class='ocrx_word' id='word_1_629' title='bbox 1285 3935 1414 3985; x_wconf 86' lang='lat' dir='ltr'><strong>eramus;</strong></span> <span class='ocrx_word' id='word_1_630' title='bbox 1431 3927 1458 3975; x_wconf 90' lang='lat' dir='ltr'><strong>et</strong></span> <span class='ocrx_word' id='word_1_631' title='bbox 1473 3933 1522 3974; x_wconf 89' lang='lat' dir='ltr'><strong>vos</strong></span> <span class='ocrx_word' id='word_1_632' title='bbox 1535 3918 1597 3990; x_wconf 88' lang='lat' dir='ltr'><strong>plus</strong></span> <span class='ocrx_word' id='word_1_633' title='bbox 1612 3917 1744 3974; x_wconf 81' lang='lat' dir='ltr'><strong>studeatis</strong></span> 
     </span>
     <span class='ocr_line' id='line_1_90' title="bbox 940 4005 1743 4078; baseline -0.004 -15"><span class='ocrx_word' id='word_1_634' title='bbox 940 4008 999 4063; x_wconf 88' lang='lat' dir='ltr'><strong>aliis</strong></span> <span class='ocrx_word' id='word_1_635' title='bbox 1015 4008 1107 4065; x_wconf 90' lang='lat' dir='ltr'><strong>vivere</strong></span> <span class='ocrx_word' id='word_1_636' title='bbox 1121 4009 1150 4062; x_wconf 91' lang='lat' dir='ltr'><strong>in</strong></span> <span class='ocrx_word' id='word_1_637' title='bbox 1168 4008 1264 4064; x_wconf 87' lang='lat' dir='ltr'><strong>salutis</strong></span> <span class='ocrx_word' id='word_1_638' title='bbox 1285 4024 1341 4063; x_wconf 79' lang='lat' dir='ltr'><strong>suae</strong></span> <span class='ocrx_word' id='word_1_639' title='bbox 1364 4007 1536 4073; x_wconf 87' lang='lat' dir='ltr'><strong>utilitatibus,</strong></span> <span class='ocrx_word' id='word_1_640' title='bbox 1560 4021 1643 4078; x_wconf 89' lang='lat' dir='ltr'><strong>quam</strong></span> <span class='ocrx_word' id='word_1_641' title='bbox 1664 4005 1743 4061; x_wconf 83' lang='lat' dir='ltr'><strong>vobis</strong></span> 
     </span>
     <span class='ocr_line' id='line_1_91' title="bbox 939 4094 1742 4168; baseline 0.002 -18"><span class='ocrx_word' id='word_1_642' title='bbox 939 4097 1006 4168; x_wconf 91' lang='lat' dir='ltr'><strong>ipsis</strong></span> <span class='ocrx_word' id='word_1_643' title='bbox 1019 4096 1045 4151; x_wconf 92' lang='lat' dir='ltr'><strong>in</strong></span> <span class='ocrx_word' id='word_1_644' title='bbox 1061 4097 1178 4168; x_wconf 89' lang='lat' dir='ltr'><strong>propriis</strong></span> <span class='ocrx_word' id='word_1_645' title='bbox 1199 4096 1382 4151; x_wconf 88' lang='lat' dir='ltr'><strong>voluntatibus</strong></span> <span class='ocrx_word' id='word_1_646' title='bbox 1400 4115 1407 4164; x_wconf 90' lang='lat'>;</span> <span class='ocrx_word' id='word_1_647' title='bbox 1424 4095 1447 4150; x_wconf 90' lang='lat' dir='ltr'><strong>si</strong></span> <span class='ocrx_word' id='word_1_648' title='bbox 1469 4094 1588 4152; x_wconf 84' lang='lat' dir='ltr'><strong>scieritis</strong></span> <span class='ocrx_word' id='word_1_649' title='bbox 1607 4110 1656 4151; x_wconf 89' lang='lat' dir='ltr'><strong>vos</strong></span> <span class='ocrx_word' id='word_1_650' title='bbox 1679 4109 1742 4152; x_wconf 73' lang='lat' dir='ltr'><strong>estc</strong></span> 
     </span>
     <span class='ocr_line' id='line_1_92' title="bbox 938 4182 1743 4256; baseline 0 -17"><span class='ocrx_word' id='word_1_651' title='bbox 938 4194 1094 4252; x_wconf 84' lang='lat' dir='ltr'><strong>morituros,</strong></span> <span class='ocrx_word' id='word_1_652' title='bbox 1110 4194 1137 4240; x_wconf 92' lang='lat' dir='ltr'><strong>et</strong></span> <span class='ocrx_word' id='word_1_653' title='bbox 1150 4201 1199 4241; x_wconf 89' lang='lat' dir='ltr'><strong>vos</strong></span> <span class='ocrx_word' id='word_1_654' title='bbox 1211 4184 1381 4241; x_wconf 90' lang='lat' dir='ltr'><strong>credideritis</strong></span> <span class='ocrx_word' id='word_1_655' title='bbox 1405 4184 1439 4239; x_wconf 91' lang='lat' dir='ltr'><strong>de</strong></span> <span class='ocrx_word' id='word_1_656' title='bbox 1463 4183 1542 4241; x_wconf 87' lang='lat' dir='ltr'><strong>lactis</strong></span> <span class='ocrx_word' id='word_1_657' title='bbox 1567 4182 1686 4256; x_wconf 83' lang='lat' dir='ltr'><strong>propriis</strong></span> <span class='ocrx_word' id='word_1_658' title='bbox 1698 4198 1743 4239; x_wconf 86' lang='lat' dir='ltr'><strong>ra-</strong></span> 
     </span>
     <span class='ocr_line' id='line_1_93' title="bbox 939 4270 1743 4346; baseline -0.01 -12"><span class='ocrx_word' id='word_1_659' title='bbox 939 4275 1040 4334; x_wconf 88' lang='lat' dir='ltr'><strong>tionem</strong></span> <span class='ocrx_word' id='word_1_660' title='bbox 1055 4273 1172 4329; x_wconf 85' lang='lat' dir='ltr'><strong>Domino</strong></span> <span class='ocrx_word' id='word_1_661' title='bbox 1187 4274 1339 4328; x_wconf 90' lang='lat' dir='ltr'><strong>reddituros</strong></span> <span class='ocrx_word' id='word_1_662' title='bbox 1351 4291 1359 4339; x_wconf 88' lang='grc'>;</span> <span class='ocrx_word' id='word_1_663' title='bbox 1373 4281 1399 4328; x_wconf 87' lang='lat' dir='ltr'><strong>et</strong></span> <span class='ocrx_word' id='word_1_664' title='bbox 1415 4289 1475 4345; x_wconf 81' lang='lat' dir='ltr'><strong>qum</strong></span> <span class='ocrx_word' id='word_1_665' title='bbox 1496 4273 1579 4346; x_wconf 88' lang='lat' dir='ltr'><strong>digne</strong></span> <span class='ocrx_word' id='word_1_666' title='bbox 1603 4270 1743 4343; x_wconf 90' lang='lat' dir='ltr'><strong>receperi-</strong></span> 
     </span>
     <span class='ocr_line' id='line_1_94' title="bbox 939 4360 1652 4435; baseline -0.003 -19"><span class='ocrx_word' id='word_1_667' title='bbox 939 4363 983 4430; x_wconf 87' lang='lat' dir='ltr'><strong>tis,</strong></span> <span class='ocrx_word' id='word_1_668' title='bbox 1000 4363 1059 4419; x_wconf 92' lang='lat' dir='ltr'><strong>sine</strong></span> <span class='ocrx_word' id='word_1_669' title='bbox 1073 4361 1126 4417; x_wconf 85' lang='lat' dir='ltr'><strong>fine</strong></span> <span class='ocrx_word' id='word_1_670' title='bbox 1140 4361 1183 4417; x_wconf 90' lang='lat' dir='ltr'><strong>vel</strong></span> <span class='ocrx_word' id='word_1_671' title='bbox 1198 4361 1385 4417; x_wconf 91' lang='lat' dir='ltr'><strong>immutatione</strong></span> <span class='ocrx_word' id='word_1_672' title='bbox 1398 4361 1488 4435; x_wconf 84' lang='lat' dir='ltr'><strong>aliqua</strong></span> <span class='ocrx_word' id='word_1_673' title='bbox 1502 4360 1652 4417; x_wconf 87' lang='lat' dir='ltr'><strong>habituros.</strong></span> 
     </span>
    </p>
   </div>
   <div class='ocr_carea' id='block_1_18' title="bbox 902 4450 1746 4598">
    <p class='ocr_par' dir='ltr' id='par_1_18' title="bbox 902 4450 1746 4598">
     <span class='ocr_line' id='line_1_95' title="bbox 902 4450 1746 4598; baseline -0.005 -66"><span class='ocrx_word' id='word_1_674' title='bbox 902 4450 1028 4532; x_wconf 79' lang='lat' dir='ltr'><strong>Dxxh.</strong></span> <span class='ocrx_word' id='word_1_675' title='bbox 1047 4477 1183 4545; x_wconf 80' lang='lat' dir='ltr'><strong>Qnornodo</strong></span> <span class='ocrx_word' id='word_1_676' title='bbox 1197 4476 1361 4533; x_wconf 78' lang='lat' dir='ltr'><strong>dornesticos</strong></span> <span class='ocrx_word' id='word_1_677' title='bbox 1375 4491 1480 4548; x_wconf 76' lang='lat' dir='ltr'><strong>regere,</strong></span> <span class='ocrx_word' id='word_1_678' title='bbox 1502 4475 1567 4547; x_wconf 84' lang='lat' dir='ltr'><strong>qaid</strong></span> <span class='ocrx_word' id='word_1_679' title='bbox 1587 4476 1651 4541; x_wconf 85' lang='lat' dir='ltr'><strong>ileo,</strong></span> <span class='ocrx_word' id='word_1_680' title='bbox 1678 4473 1746 4598; x_wconf 79' lang='lat' dir='ltr'><strong>qaid</strong></span> 
     </span>
    </p>
   </div>
   <div class='ocr_carea' id='block_1_19' title="bbox 991 4542 1767 4674">
    <p class='ocr_par' dir='ltr' id='par_1_19' title="bbox 991 4542 1767 4674">
     <span class='ocr_line' id='line_1_96' title="bbox 991 4542 1767 4620; baseline -0.004 -17"><span class='ocrx_word' id='word_1_681' title='bbox 991 4548 1109 4603; x_wconf 83' lang='lat' dir='ltr'><strong>subditis</strong></span> <span class='ocrx_word' id='word_1_682' title='bbox 1123 4547 1249 4615; x_wconf 83' lang='lat' dir='ltr'><strong>reddere,</strong></span> <span class='ocrx_word' id='word_1_683' title='bbox 1271 4551 1298 4602; x_wconf 88' lang='lat' dir='ltr'><strong>et</strong></span> <span class='ocrx_word' id='word_1_684' title='bbox 1315 4548 1411 4620; x_wconf 79' lang='lat' dir='ltr'><strong>quales</strong></span> <span class='ocrx_word' id='word_1_685' title='bbox 1427 4546 1572 4618; x_wconf 86' lang='lat' dir='ltr'><strong>polotiioc</strong></span> <span class='ocrx_word' id='word_1_686' title='bbox 1583 4542 1679 4616; x_wconf 84' lang='lat' dir='ltr'><strong>reipeb</strong></span> <span class='ocrx_word' id='word_1_687' title='bbox 1692 4543 1744 4600; x_wconf 84' lang='lat' dir='ltr'><strong>icoe</strong></span> <span class='ocrx_word' id='word_1_688' title='bbox 1763 4589 1767 4600; x_wconf 90' lang='lat'>.</span> 
     </span>
     <span class='ocr_line' id='line_1_97' title="bbox 992 4617 1451 4674; baseline -0.007 -1"><span class='ocrx_word' id='word_1_689' title='bbox 992 4619 1141 4674; x_wconf 84' lang='lat' dir='ltr'><strong>ministros</strong></span> <span class='ocrx_word' id='word_1_690' title='bbox 1155 4621 1328 4674; x_wconf 84' lang='lat' dir='ltr'><strong>constituere</strong></span> <span class='ocrx_word' id='word_1_691' title='bbox 1344 4617 1451 4673; x_wconf 85' lang='lat' dir='ltr'><strong>debeat.</strong></span> 
     </span>
    </p>
   </div>
   <div class='ocr_carea' id='block_1_20' title="bbox 993 4718 1744 4792">
    <p class='ocr_par' dir='ltr' id='par_1_20' title="bbox 993 4718 1744 4792">
     <span class='ocr_line' id='line_1_98' title="bbox 993 4718 1744 4792; baseline -0.007 -13"><span class='ocrx_word' id='word_1_692' title='bbox 993 4726 1109 4779; x_wconf 86' lang='lat' dir='ltr'><strong>Domum</strong></span> <span class='ocrx_word' id='word_1_693' title='bbox 1124 4732 1242 4780; x_wconf 89' lang='lat' dir='ltr'><strong>vestram</strong></span> <span class='ocrx_word' id='word_1_694' title='bbox 1256 4723 1434 4780; x_wconf 89' lang='lat' dir='ltr'><strong>domesticam</strong></span> <span class='ocrx_word' id='word_1_695' title='bbox 1449 4721 1488 4775; x_wconf 91' lang='lat' dir='ltr'><strong>sic</strong></span> <span class='ocrx_word' id='word_1_696' title='bbox 1498 4718 1607 4788; x_wconf 89' lang='lat' dir='ltr'><strong>nutrite,</strong></span> <span class='ocrx_word' id='word_1_697' title='bbox 1620 4719 1705 4792; x_wconf 86' lang='lat' dir='ltr'><strong>regite</strong></span> <span class='ocrx_word' id='word_1_698' title='bbox 1715 4726 1744 4775; x_wconf 88' lang='lat' dir='ltr'><strong>et</strong></span> 
     </span>
    </p>
   </div>
   <div class='ocr_carea' id='block_1_21' title="bbox 84 4806 1745 5617">
    <p class='ocr_par' dir='ltr' id='par_1_21' title="bbox 84 4806 1745 5617">
     <span class='ocr_line' id='line_1_99' title="bbox 85 4806 1742 4885; baseline 0 -22"><span class='ocrx_word' id='word_1_699' title='bbox 85 4808 169 4863; x_wconf 87' lang='lat' dir='ltr'><strong>nobis</strong></span> <span class='ocrx_word' id='word_1_700' title='bbox 184 4808 343 4879; x_wconf 84' lang='lat' dir='ltr'><strong>scripsistis,</strong></span> <span class='ocrx_word' id='word_1_701' title='bbox 360 4808 441 4863; x_wconf 89' lang='lat' dir='ltr'><strong>vultis</strong></span> <span class='ocrx_word' id='word_1_702' title='bbox 456 4826 589 4879; x_wconf 71' lang='lat' dir='ltr'><strong>quaerere,</strong></span> <span class='ocrx_word' id='word_1_703' title='bbox 606 4810 695 4880; x_wconf 90' lang='lat' dir='ltr'><strong>primo</strong></span> <span class='ocrx_word' id='word_1_704' title='bbox 716 4811 824 4865; x_wconf 88' lang='lat' dir='ltr'><strong>avobis</strong></span> <span class='ocrx_word' id='word_1_705' title='bbox 846 4811 889 4882; x_wconf 92' lang='lat' dir='ltr'><strong>ip·</strong></span> <span class='ocrx_word' id='word_1_706' title='bbox 939 4813 1085 4884; x_wconf 91' lang='lat' dir='ltr'><strong>disponite,</strong></span> <span class='ocrx_word' id='word_1_707' title='bbox 1102 4821 1131 4868; x_wconf 91' lang='lat' dir='ltr'><strong>ut</strong></span> <span class='ocrx_word' id='word_1_708' title='bbox 1142 4814 1251 4884; x_wconf 87' lang='lat' dir='ltr'><strong>quando</strong></span> <span class='ocrx_word' id='word_1_709' title='bbox 1259 4813 1336 4885; x_wconf 85' lang='lat' dir='ltr'><strong>regni</strong></span> <span class='ocrx_word' id='word_1_710' title='bbox 1345 4810 1462 4882; x_wconf 91' lang='lat' dir='ltr'><strong>populus</strong></span> <span class='ocrx_word' id='word_1_711' title='bbox 1470 4808 1505 4864; x_wconf 87' lang='lat' dir='ltr'><strong>od</strong></span> <span class='ocrx_word' id='word_1_712' title='bbox 1513 4823 1563 4864; x_wconf 88' lang='lat' dir='ltr'><strong>vos</strong></span> <span class='ocrx_word' id='word_1_713' title='bbox 1572 4806 1742 4875; x_wconf 88' lang='lat' dir='ltr'><strong>convenerit,</strong></span> 
     </span>
     <span class='ocr_line' id='line_1_100' title="bbox 85 4896 1744 4970; baseline 0.002 -20"><span class='ocrx_word' id='word_1_714' title='bbox 85 4899 124 4950; x_wconf 86' lang='lat' dir='ltr'><strong>sis</strong></span> <span class='ocrx_word' id='word_1_715' title='bbox 134 4896 255 4966; x_wconf 88' lang='lat' dir='ltr'><strong>incipite,</strong></span> <span class='ocrx_word' id='word_1_716' title='bbox 268 4896 502 4967; x_wconf 86' lang='lat' dir='ltr'><strong>quieliosdehetis</strong></span> <span class='ocrx_word' id='word_1_717' title='bbox 514 4898 661 4968; x_wconf 83' lang='lat' dir='ltr'><strong>corrigere,</strong></span> <span class='ocrx_word' id='word_1_718' title='bbox 675 4899 744 4954; x_wconf 90' lang='lat' dir='ltr'><strong>sicut</strong></span> <span class='ocrx_word' id='word_1_719' title='bbox 760 4899 890 4969; x_wconf 90' lang='lat' dir='ltr'><strong>scriptum</strong></span> <span class='ocrx_word' id='word_1_720' title='bbox 940 4903 967 4956; x_wconf 92' lang='lat' dir='ltr'><strong>iu</strong></span> <span class='ocrx_word' id='word_1_721' title='bbox 983 4901 1061 4956; x_wconf 88' lang='lat' dir='ltr'><strong>vobis</strong></span> <span class='ocrx_word' id='word_1_722' title='bbox 1075 4909 1102 4956; x_wconf 88' lang='lat' dir='ltr'><strong>et</strong></span> <span class='ocrx_word' id='word_1_723' title='bbox 1117 4902 1144 4956; x_wconf 90' lang='lat' dir='ltr'><strong>in</strong></span> <span class='ocrx_word' id='word_1_724' title='bbox 1159 4901 1317 4956; x_wconf 89' lang='lat' dir='ltr'><strong>domesticis</strong></span> <span class='ocrx_word' id='word_1_725' title='bbox 1331 4897 1430 4954; x_wconf 87' lang='lat' dir='ltr'><strong>vestris</strong></span> <span class='ocrx_word' id='word_1_726' title='bbox 1451 4897 1561 4952; x_wconf 88' lang='lat' dir='ltr'><strong>videant</strong></span> <span class='ocrx_word' id='word_1_727' title='bbox 1584 4897 1700 4970; x_wconf 89' lang='lat' dir='ltr'><strong>qualiter</strong></span> <span class='ocrx_word' id='word_1_728' title='bbox 1713 4910 1744 4953; x_wconf 80' lang='lat' dir='ltr'><strong>se</strong></span> 
     </span>
     <span class='ocr_line' id='line_1_101' title="bbox 85 4985 1745 5061; baseline 0.001 -22"><span class='ocrx_word' id='word_1_729' title='bbox 85 4994 128 5039; x_wconf 81' lang='lat' dir='ltr'><strong>est</strong></span> <span class='ocrx_word' id='word_1_730' title='bbox 143 5003 151 5038; x_wconf 76' lang='grc' dir='ltr'>ι</span> <span class='ocrx_word' id='word_1_731' title='bbox 168 4985 279 5047; x_wconf 76' lang='lat' dir='ltr'><strong>dedice,</strong></span> <span class='ocrx_word' id='word_1_732' title='bbox 296 5001 367 5039; x_wconf 85' lang='lat' dir='ltr'><strong>curo</strong></span> <span class='ocrx_word' id='word_1_733' title='bbox 382 4988 562 5057; x_wconf 83' lang='lat' dir='ltr'><strong>temetipsum</strong></span> <span class='ocrx_word' id='word_1_734' title='bbox 577 4986 653 5057; x_wconf 77' lang='lat' dir='ltr'><strong>line.</strong></span> <span class='ocrx_word' id='word_1_735' title='bbox 672 4988 712 5056; x_wconf 84' lang='lat' dir='ltr'><strong>rr)</strong></span> <span class='ocrx_word' id='word_1_736' title='bbox 726 5005 733 5049; x_wconf 89' lang='lat'>;</span> <span class='ocrx_word' id='word_1_737' title='bbox 748 4996 774 5041; x_wconf 92' lang='lat' dir='ltr'><strong>et</strong></span> <span class='ocrx_word' id='word_1_738' title='bbox 788 4986 891 5042; x_wconf 87' lang='lat' dir='ltr'><strong>munda</strong></span> <span class='ocrx_word' id='word_1_739' title='bbox 940 4999 1021 5061; x_wconf 89' lang='lat' dir='ltr'><strong>atquc</strong></span> <span class='ocrx_word' id='word_1_740' title='bbox 1032 4991 1154 5057; x_wconf 87' lang='lat' dir='ltr'><strong>domum,</strong></span> <span class='ocrx_word' id='word_1_741' title='bbox 1175 4996 1320 5045; x_wconf 89' lang='lat' dir='ltr'><strong>cumtanta</strong></span> <span class='ocrx_word' id='word_1_742' title='bbox 1334 4985 1485 5042; x_wconf 86' lang='lat' dir='ltr'><strong>humilitate</strong></span> <span class='ocrx_word' id='word_1_743' title='bbox 1502 4993 1587 5058; x_wconf 85' lang='lat' dir='ltr'><strong>etque</strong></span> <span class='ocrx_word' id='word_1_744' title='bbox 1610 4985 1745 5057; x_wconf 82' lang='lat' dir='ltr'><strong>castitate,</strong></span> 
     </span>
     <span class='ocr_line' id='line_1_102' title="bbox 84 5073 1741 5151; baseline 0.002 -25"><span class='ocrx_word' id='word_1_745' title='bbox 84 5073 171 5127; x_wconf 87' lang='lat' dir='ltr'><strong>debet</strong></span> <span class='ocrx_word' id='word_1_746' title='bbox 186 5088 311 5126; x_wconf 88' lang='lat' dir='ltr'><strong>manusa</strong></span> <span class='ocrx_word' id='word_1_747' title='bbox 336 5074 463 5127; x_wconf 89' lang='lat' dir='ltr'><strong>sordibus</strong></span> <span class='ocrx_word' id='word_1_748' title='bbox 486 5090 558 5140; x_wconf 87' lang='lat' dir='ltr'><strong>esse,</strong></span> <span class='ocrx_word' id='word_1_749' title='bbox 585 5092 646 5146; x_wconf 75' lang='lat' dir='ltr'><strong>quor</strong></span> <span class='ocrx_word' id='word_1_750' title='bbox 666 5075 770 5129; x_wconf 87' lang='lat' dir='ltr'><strong>alienas</strong></span> <span class='ocrx_word' id='word_1_751' title='bbox 794 5076 891 5131; x_wconf 89' lang='lat' dir='ltr'><strong>sordes</strong></span> <span class='ocrx_word' id='word_1_752' title='bbox 941 5095 1021 5151; x_wconf 93' lang='lat' dir='ltr'><strong>quam</strong></span> <span class='ocrx_word' id='word_1_753' title='bbox 1038 5079 1139 5146; x_wconf 89' lang='lat' dir='ltr'><strong>sobrie,</strong></span> <span class='ocrx_word' id='word_1_754' title='bbox 1157 5093 1237 5150; x_wconf 85' lang='lat' dir='ltr'><strong>quam</strong></span> <span class='ocrx_word' id='word_1_755' title='bbox 1249 5077 1331 5146; x_wconf 90' lang='lat' dir='ltr'><strong>juste,</strong></span> <span class='ocrx_word' id='word_1_756' title='bbox 1348 5091 1429 5146; x_wconf 88' lang='lat' dir='ltr'><strong>quam</strong></span> <span class='ocrx_word' id='word_1_757' title='bbox 1444 5075 1488 5146; x_wconf 91' lang='lat' dir='ltr'><strong>pie</strong></span> <span class='ocrx_word' id='word_1_758' title='bbox 1512 5073 1624 5140; x_wconf 91' lang='lat' dir='ltr'><strong>nutrire,</strong></span> <span class='ocrx_word' id='word_1_759' title='bbox 1644 5074 1741 5145; x_wconf 90' lang='lat' dir='ltr'><strong>dispo·</strong></span> 
     </span>
     <span class='ocr_line' id='line_1_103' title="bbox 85 5161 1742 5238; baseline 0.002 -23"><span class='ocrx_word' id='word_1_760' title='bbox 85 5168 168 5215; x_wconf 88' lang='lat' dir='ltr'><strong>curat</strong></span> <span class='ocrx_word' id='word_1_761' title='bbox 183 5161 338 5232; x_wconf 87' lang='lat' dir='ltr'><strong>detergere.</strong></span> <span class='ocrx_word' id='word_1_762' title='bbox 356 5163 389 5215; x_wconf 82' lang='lat' dir='ltr'><strong>lit</strong></span> <span class='ocrx_word' id='word_1_763' title='bbox 403 5178 464 5233; x_wconf 74' lang='lat' dir='ltr'><strong>quio</strong></span> <span class='ocrx_word' id='word_1_764' title='bbox 479 5162 505 5215; x_wconf 94' lang='lat' dir='ltr'><strong>in</strong></span> <span class='ocrx_word' id='word_1_765' title='bbox 521 5162 582 5217; x_wconf 91' lang='lat' dir='ltr'><strong>aliis</strong></span> <span class='ocrx_word' id='word_1_766' title='bbox 607 5164 712 5218; x_wconf 68' lang='lat' dir='ltr'><strong>(lebetis</strong></span> <span class='ocrx_word' id='word_1_767' title='bbox 737 5163 888 5237; x_wconf 76' lang='lat' dir='ltr'><strong>corrigere,</strong></span> <span class='ocrx_word' id='word_1_768' title='bbox 941 5184 1008 5222; x_wconf 92' lang='lat' dir='ltr'><strong>nere</strong></span> <span class='ocrx_word' id='word_1_769' title='bbox 1036 5167 1163 5231; x_wconf 89' lang='lat' dir='ltr'><strong>debeant,</strong></span> <span class='ocrx_word' id='word_1_770' title='bbox 1180 5173 1205 5220; x_wconf 89' lang='lat' dir='ltr'><strong>et</strong></span> <span class='ocrx_word' id='word_1_771' title='bbox 1219 5165 1393 5238; x_wconf 85' lang='lat' dir='ltr'><strong>gnbernare:</strong></span> <span class='ocrx_word' id='word_1_772' title='bbox 1411 5164 1473 5236; x_wconf 92' lang='lat' dir='ltr'><strong>quia</strong></span> <span class='ocrx_word' id='word_1_773' title='bbox 1489 5162 1559 5218; x_wconf 90' lang='lat' dir='ltr'><strong>sicut</strong></span> <span class='ocrx_word' id='word_1_774' title='bbox 1573 5161 1684 5233; x_wconf 87' lang='lat' dir='ltr'><strong>quidam</strong></span> <span class='ocrx_word' id='word_1_775' title='bbox 1699 5176 1742 5218; x_wconf 85' lang='lat' dir='ltr'><strong>sa-</strong></span> 
     </span>
     <span class='ocr_line' id='line_1_104' title="bbox 87 5248 1745 5326; baseline 0.003 -24"><span class='ocrx_word' id='word_1_776' title='bbox 87 5264 172 5302; x_wconf 91' lang='lat' dir='ltr'><strong>nemo</strong></span> <span class='ocrx_word' id='word_1_777' title='bbox 187 5248 213 5301; x_wconf 92' lang='lat' dir='ltr'><strong>in</strong></span> <span class='ocrx_word' id='word_1_778' title='bbox 239 5248 317 5302; x_wconf 91' lang='lat' dir='ltr'><strong>vobis</strong></span> <span class='ocrx_word' id='word_1_779' title='bbox 342 5249 415 5317; x_wconf 87' lang='lat' dir='ltr'><strong>juste</strong></span> <span class='ocrx_word' id='word_1_780' title='bbox 444 5250 531 5306; x_wconf 85' lang='lat' dir='ltr'><strong>valeat</strong></span> <span class='ocrx_word' id='word_1_781' title='bbox 559 5252 771 5322; x_wconf 85' lang='lat' dir='ltr'><strong>reprehendere.</strong></span> <span class='ocrx_word' id='word_1_782' title='bbox 803 5255 891 5323; x_wconf 84' lang='lat' dir='ltr'><strong>Super</strong></span> <span class='ocrx_word' id='word_1_783' title='bbox 942 5258 1019 5326; x_wconf 90' lang='lat' dir='ltr'><strong>piens</strong></span> <span class='ocrx_word' id='word_1_784' title='bbox 1039 5256 1114 5321; x_wconf 82' lang='lat' dir='ltr'><strong>dixit,</strong></span> <span class='ocrx_word' id='word_1_785' title='bbox 1137 5254 1287 5309; x_wconf 88' lang='lat' dir='ltr'><strong>secundum</strong></span> <span class='ocrx_word' id='word_1_786' title='bbox 1310 5269 1402 5309; x_wconf 91' lang='lat' dir='ltr'><strong>mores</strong></span> <span class='ocrx_word' id='word_1_787' title='bbox 1432 5250 1533 5307; x_wconf 92' lang='lat' dir='ltr'><strong>domini</strong></span> <span class='ocrx_word' id='word_1_788' title='bbox 1561 5249 1612 5304; x_wconf 89' lang='lat' dir='ltr'><strong>erit</strong></span> <span class='ocrx_word' id='word_1_789' title='bbox 1638 5248 1745 5307; x_wconf 78' lang='lat' dir='ltr'><strong>familia</strong></span> 
     </span>
     <span class='ocr_line' id='line_1_105' title="bbox 85 5337 1742 5414; baseline 0.003 -23"><span class='ocrx_word' id='word_1_790' title='bbox 85 5345 207 5409; x_wconf 69' lang='lat' dir='ltr'><strong>(quantos</strong></span> <span class='ocrx_word' id='word_1_791' title='bbox 222 5337 294 5390; x_wconf 90' lang='lat' dir='ltr'><strong>enim</strong></span> <span class='ocrx_word' id='word_1_792' title='bbox 309 5338 375 5391; x_wconf 90' lang='lat' dir='ltr'><strong>estis</strong></span> <span class='ocrx_word' id='word_1_793' title='bbox 389 5339 416 5392; x_wconf 91' lang='lat' dir='ltr'><strong>in</strong></span> <span class='ocrx_word' id='word_1_794' title='bbox 429 5340 505 5410; x_wconf 83' lang='lat' dir='ltr'><strong>regni</strong></span> <span class='ocrx_word' id='word_1_795' title='bbox 520 5340 648 5408; x_wconf 92' lang='lat' dir='ltr'><strong>culmine,</strong></span> <span class='ocrx_word' id='word_1_796' title='bbox 671 5349 806 5396; x_wconf 87' lang='lat' dir='ltr'><strong>tantorum</strong></span> <span class='ocrx_word' id='word_1_797' title='bbox 830 5358 891 5397; x_wconf 90' lang='lat' dir='ltr'><strong>mo·</strong></span> <span class='ocrx_word' id='word_1_798' title='bbox 942 5345 1085 5401; x_wconf 88' lang='lat' dir='ltr'><strong>custodite.</strong></span> <span class='ocrx_word' id='word_1_799' title='bbox 1103 5344 1135 5398; x_wconf 87' lang='lat' dir='ltr'><strong>Et</strong></span> <span class='ocrx_word' id='word_1_800' title='bbox 1149 5343 1212 5397; x_wconf 92' lang='lat' dir='ltr'><strong>ideo</strong></span> <span class='ocrx_word' id='word_1_801' title='bbox 1226 5343 1324 5399; x_wconf 90' lang='lat' dir='ltr'><strong>domus</strong></span> <span class='ocrx_word' id='word_1_802' title='bbox 1338 5341 1411 5414; x_wconf 85' lang='lat' dir='ltr'><strong>regis</strong></span> <span class='ocrx_word' id='word_1_803' title='bbox 1425 5339 1517 5396; x_wconf 88' lang='lat' dir='ltr'><strong>schola</strong></span> <span class='ocrx_word' id='word_1_804' title='bbox 1531 5338 1639 5406; x_wconf 86' lang='lat' dir='ltr'><strong>dicitur,</strong></span> <span class='ocrx_word' id='word_1_805' title='bbox 1656 5339 1683 5394; x_wconf 93' lang='lat' dir='ltr'><strong>id</strong></span> <span class='ocrx_word' id='word_1_806' title='bbox 1699 5347 1742 5396; x_wconf 85' lang='lat' dir='ltr'><strong>est</strong></span> 
     </span>
     <span class='ocr_line' id='line_1_106' title="bbox 87 5424 1742 5505; baseline 0.003 -27"><span class='ocrx_word' id='word_1_807' title='bbox 87 5426 167 5478; x_wconf 86' lang='lat' dir='ltr'><strong>ribus</strong></span> <span class='ocrx_word' id='word_1_808' title='bbox 182 5424 288 5479; x_wconf 86' lang='lat' dir='ltr'><strong>debetis</strong></span> <span class='ocrx_word' id='word_1_809' title='bbox 303 5426 417 5489; x_wconf 84' lang='lat' dir='ltr'><strong>servire,</strong></span> <span class='ocrx_word' id='word_1_810' title='bbox 434 5435 461 5481; x_wconf 88' lang='lat' dir='ltr'><strong>et</strong></span> <span class='ocrx_word' id='word_1_811' title='bbox 476 5428 544 5484; x_wconf 93' lang='lat' dir='ltr'><strong>sicut</strong></span> <span class='ocrx_word' id='word_1_812' title='bbox 559 5429 670 5484; x_wconf 87' lang='lat' dir='ltr'><strong>lucerna</strong></span> <span class='ocrx_word' id='word_1_813' title='bbox 690 5446 772 5500; x_wconf 88' lang='lat' dir='ltr'><strong>super</strong></span> <span class='ocrx_word' id='word_1_814' title='bbox 791 5430 892 5486; x_wconf 88' lang='lat' dir='ltr'><strong>cande-</strong></span> <span class='ocrx_word' id='word_1_815' title='bbox 942 5433 1101 5505; x_wconf 75' lang='lat' dir='ltr'><strong>disciplina,</strong></span> <span class='ocrx_word' id='word_1_816' title='bbox 1119 5431 1181 5503; x_wconf 87' lang='lat' dir='ltr'><strong>quia</strong></span> <span class='ocrx_word' id='word_1_817' title='bbox 1200 5448 1255 5488; x_wconf 91' lang='lat' dir='ltr'><strong>non</strong></span> <span class='ocrx_word' id='word_1_818' title='bbox 1269 5439 1373 5486; x_wconf 89' lang='lat' dir='ltr'><strong>tantum</strong></span> <span class='ocrx_word' id='word_1_819' title='bbox 1395 5427 1560 5495; x_wconf 88' lang='lat' dir='ltr'><strong>scholastici,</strong></span> <span class='ocrx_word' id='word_1_820' title='bbox 1585 5428 1614 5483; x_wconf 92' lang='lat' dir='ltr'><strong>id</strong></span> <span class='ocrx_word' id='word_1_821' title='bbox 1635 5435 1676 5484; x_wconf 90' lang='lat' dir='ltr'><strong>est</strong></span> <span class='ocrx_word' id='word_1_822' title='bbox 1697 5427 1742 5483; x_wconf 92' lang='lat' dir='ltr'><strong>di-</strong></span> 
     </span>
     <span class='ocr_line' id='line_1_107' title="bbox 87 5512 1742 5591; baseline 0.002 -24"><span class='ocrx_word' id='word_1_823' title='bbox 87 5513 197 5567; x_wconf 89' lang='lat' dir='ltr'><strong>labrum</strong></span> <span class='ocrx_word' id='word_1_824' title='bbox 207 5512 233 5566; x_wconf 93' lang='lat' dir='ltr'><strong>in</strong></span> <span class='ocrx_word' id='word_1_825' title='bbox 244 5512 325 5568; x_wconf 92' lang='lat' dir='ltr'><strong>domo</strong></span> <span class='ocrx_word' id='word_1_826' title='bbox 335 5514 433 5585; x_wconf 87' lang='lat' dir='ltr'><strong>posita,</strong></span> <span class='ocrx_word' id='word_1_827' title='bbox 448 5515 575 5571; x_wconf 88' lang='lat' dir='ltr'><strong>bonitatis</strong></span> <span class='ocrx_word' id='word_1_828' title='bbox 586 5518 711 5591; x_wconf 81' lang='lat' dir='ltr'><strong>exempla</strong></span> <span class='ocrx_word' id='word_1_829' title='bbox 722 5527 889 5581; x_wconf 68' lang='lat' dir='ltr'><strong>incastratur:</strong></span> <span class='ocrx_word' id='word_1_830' title='bbox 943 5520 1078 5591; x_wconf 87' lang='lat' dir='ltr'><strong>sciplinati</strong></span> <span class='ocrx_word' id='word_1_831' title='bbox 1095 5527 1121 5577; x_wconf 86' lang='lat' dir='ltr'><strong>et</strong></span> <span class='ocrx_word' id='word_1_832' title='bbox 1136 5521 1205 5576; x_wconf 89' lang='lat' dir='ltr'><strong>bene</strong></span> <span class='ocrx_word' id='word_1_833' title='bbox 1219 5520 1330 5577; x_wconf 90' lang='lat' dir='ltr'><strong>correcti</strong></span> <span class='ocrx_word' id='word_1_834' title='bbox 1347 5526 1418 5581; x_wconf 88' lang='lat' dir='ltr'><strong>sunt,</strong></span> <span class='ocrx_word' id='word_1_835' title='bbox 1436 5517 1505 5572; x_wconf 89' lang='lat' dir='ltr'><strong>sicut</strong></span> <span class='ocrx_word' id='word_1_836' title='bbox 1519 5516 1564 5571; x_wconf 91' lang='lat' dir='ltr'><strong>alii</strong></span> <span class='ocrx_word' id='word_1_837' title='bbox 1574 5537 1581 5582; x_wconf 87' lang='lat'>;</span> <span class='ocrx_word' id='word_1_838' title='bbox 1593 5516 1641 5571; x_wconf 88' lang='lat' dir='ltr'><strong>sed</strong></span> <span class='ocrx_word' id='word_1_839' title='bbox 1651 5516 1742 5588; x_wconf 89' lang='lat' dir='ltr'><strong>potius</strong></span> 
     </span>
     <span class='ocr_line' id='line_1_108' title="bbox 557 5596 570 5617; baseline 0 0"><span class='ocrx_word' id='word_1_840' title='bbox 557 5596 570 5617; x_wconf 72' lang='grc' dir='ltr'>Ι</span> 
     </span>
    </p>
   </div>
   <div class='ocr_carea' id='block_1_22' title="bbox 0 0 1902 6101">
    <p class='ocr_par' dir='ltr' id='par_1_22' title="bbox 0 0 1902 6101">
     <span class='ocr_line' id='line_1_109' title="bbox 0 0 1902 6101; baseline 0 0"><span class='ocrx_word' id='word_1_841' title='bbox 0 0 1902 6101; x_wconf 95' lang='lat' dir='ltr'><strong> </strong></span> 
     </span>
    </p>
   </div>
  </div>
 </body>
</html>
