3794 6104
64 233 115 288 3ἵὸ
389 229 508 287 OPUSC.
531 228 577 284 ET
598 229 710 286 aelst.
740 229 776 285 IN
803 226 915 284 CAUSA
940 228 1110 285 amanam
1138 226 1290 287 rabbuti.
1660 231 1714 288 iii

62 357 135 428 pacis
149 356 254 410 unitate
276 355 368 409 divisi.
388 377 398 405 ι
415 356 449 410 Et
462 363 523 426 post
538 355 675 427 aliquanta
691 374 697 409 :
714 355 800 420 lllarn,
819 356 859 410 in·
873 355 902 421 Α
914 355 984 426 cipe,
1010 355 1165 410 nullatenus
1187 354 1357 425 approbavit,
1373 370 1436 427 quas
1457 355 1556 426 prresul
1581 351 1713 413 moute

66 446 131 517 quit,
160 443 279 515 eulpam,
296 459 380 514 quam
403 444 437 498 de
464 445 590 514 augenda
617 451 752 514 potestate
781 443 869 502 aliena
919 443 1223 514 Constantinopolitanae
1237 443 1720 516 tunctnatslios,necaepraesnm·

65 542 93 588 ut
110 533 215 588 asseris
232 533 420 588 adhortatione
435 541 618 598 contraxeras,
635 531 772 588 efficacius
787 542 868 606 atque
919 533 1007 602 psisse
1028 531 1182 603 professus,
1198 532 1225 586 in
1249 532 1406 603 spostolicae
1429 533 1504 589 sodis
1522 533 1649 589 antistitis
1663 547 1720 589 nott

65 623 200 678 sincerius
216 631 260 676 tua
275 622 394 677 charitas
415 622 548 687 diluisset,
574 622 597 675 si
612 622 684 692 quod
698 622 795 676 tentari
810 625 869 679 sine
919 621 1027 690 negarit
1043 622 1130 691 posita
1144 628 1288 691 potestate,
1301 638 1362 692 quae
1376 621 1449 687 ideo,
1459 622 1536 696 ,sieut
1549 622 1717 691 dictumest,

64 720 110 765 tua
134 711 276 765 voluntate
291 726 346 764 non
367 709 463 780 potuit,
484 725 538 764 non
553 710 589 763 ad
616 710 674 764 sola
704 710 868 766 elericorum
919 710 1000 764 sedes
1014 709 1162 778 apostolica
1190 726 1245 764 non
1272 709 1464 781 recepitque
1489 727 1550 781 quaa
1566 709 1719 784 privilegiis

65 799 179 856 consilia
193 798 384 854 transtulisses
408 799 494 868 :quia
511 799 580 853 sieut
602 798 629 852 in
650 798 720 852 mala
742 800 868 855 suasione
919 797 1080 852 universalis
1095 797 1227 854 Ecclesia>
1250 799 1384 853 contraria
1407 799 1566 869 probantur,
1582 798 1658 855 nulla
1670 812 1719 854 m·

64 887 249 958 delinquitur,
267 887 301 941 ita
324 896 350 941 et
372 888 399 941 in
421 887 492 941 mala
515 887 695 941 consensione
721 897 863 958 peccatur.

66 977 117 1031 Sed
132 984 244 1049 gratum
268 976 345 1042 mihi,
369 976 454 1030 frater
469 975 639 1039 charissime,
665 985 716 1041 est,
735 977 807 1046 quod
823 978 868 1031 di-

64 1064 141 1120 lectio
156 1071 203 1118 tua
223 1062 366 1134 profitetur
381 1064 432 1117 sibi
447 1063 603 1135 displicere,
621 1065 694 1135 quod
706 1073 770 1120 tuuc
785 1066 867 1120 etiam

65 1152 174 1225 placere
190 1168 245 1208 non
261 1153 363 1207 debuit.
386 1152 487 1207 Sufficit
503 1153 529 1206 in
545 1154 640 1224 gratiae
654 1154 806 1209 communis
823 1170 867 1208 re-

66 1258 193 1314 gressum
209 1240 347 1312 professio
356 1241 509 1297 dilectionis
523 1249 586 1309 tua,
604 1249 630 1295 et
644 1242 782 1297 attestatio
796 1243 869 1313 prin·

65 1331 131 1400 cipis
155 1329 321 1384 Christiani:
350 1345 401 1384 nec
425 1330 531 1383 videtur
555 1331 632 1383 tarda
647 1330 796 1396 correctio,
823 1331 867 1386 cui

65 1426 118 1472 tam
132 1416 300 1473 venerahilis
315 1425 436 1471 assertor
450 1417 578 1471 accessit.
599 1417 746 1485 Abjieiatur
759 1419 867 1488 penitus

919 886 992 941 tione
1008 886 1166 940 subsistunt.
1192 885 1263 954 Quid
1286 888 1358 942 enirn
1376 888 1440 958 quis
1455 888 1484 942 in
1500 887 1578 942 libris
1598 887 1720 955 anuh,

919 990 989 1046 quos
1016 975 1109 1045 utique
1125 990 1288 1030 veneramur
1300 985 1328 1031 et
1338 976 1490 1047 sequimur,
1506 976 1637 1047 quoniam
1651 991 1723 1048 quo-

920 1063 1045 1117 rumdam
1056 1062 1112 1118 illic
1125 1071 1151 1116 et
1166 1062 1343 1134 profanitates
1357 1081 1420 1120 esse
1441 1065 1566 1120 feruntur
1580 1072 1607 1119 et
1618 1063 1724 1120 scelera

919 1159 998 1222 gesta
1012 1160 1167 1215 narrantur,
1188 1152 1250 1206 ideo
1273 1153 1353 1207 nobis
1375 1154 1478 1223 pariter
1496 1162 1541 1209 aut
1564 1153 1723 1209 veneranda

920 1248 982 1294 sunt
997 1249 1041 1294 ant
1057 1240 1206 1311 sequenda,
1223 1241 1286 1311 quis
1301 1240 1328 1294 in
1344 1240 1397 1295 illis
1417 1242 1518 1298 sanctis
1532 1241 1608 1296 libris
1627 1248 1654 1296 et
1670 1256 1720 1296 te·

918 1328 1087 1383 nerabilihus
1096 1329 1292 1384 continentur?
1307 1328 1423 1385 Sanctus
1437 1330 1533 1384 Petrus
1542 1330 1646 1400 primus
1655 1342 1722 1400 apt>

919 1416 1069 1480 stolorum,
1088 1417 1128 1472 sic
1159 1418 1297 1472 aestimans
1316 1418 1388 1473 Novi
1415 1418 1580 1473 Testamenti
1605 1416 1722 1489 gratian

65 1505 219 1560 inconcessi
235 1505 306 1574 juris
325 1505 371 1577 qui
386 1505 584 1560 dissensionem
606 1505 707 1559 fecerat
720 1507 864 1576 appetitus.
918 1506 1132 1576 pradicandam,
1149 1514 1177 1560 ut
1191 1521 1208 1560 s
1223 1506 1293 1578 legia
1307 1506 1409 1561 veteris
1423 1522 1478 1562 non
1491 1504 1722 1563 maeooeansi·

64 1593 204 1649 Sufficiant
214 1593 323 1655 limites,
341 1609 409 1664 quos
427 1602 583 1648 sanctorum
600 1594 710 1648 Patrum
722 1595 867 1665 provideri·
917 1594 991 1658 tutis,
1008 1595 1132 1665 quaedam
1147 1611 1198 1665 per
1211 1595 1412 1651 simulationem
1426 1595 1524 1668 legitur
1533 1592 1722 1650 interindaas

64 1683 166 1736 tissima
181 1682 295 1736 decreta
310 1690 470 1752 posuerunt,
487 1690 517 1735 ut
532 1682 621 1752 quieta
636 1682 670 1735 sit
685 1684 741 1735 suis
762 1683 865 1737 meritis
877 1711 904 1770 B
918 1682 1090 1755 gentilesque
1105 1683 1241 1754 gessisse3
1257 1683 1379 1754 nunquid
1393 1683 1457 1738 ideo
1471 1691 1517 1738 aut
1540 1682 1587 1738 illa
1600 1682 1660 1751 ejus
1674 1696 1722 1738 so·

64 1770 223 1841 etantiquis
238 1770 390 1841 privilegiis
413 1770 530 1842 dignitas
545 1771 665 1825 omnium
682 1772 862 1827 sacerdotum.
922 1771 1028 1842 quenda
1049 1779 1124 1836 sunt,
1142 1787 1201 1841 qnae
1221 1771 1320 1826 mento
1340 1780 1367 1826 et
1388 1771 1561 1843 coapostolus
1579 1772 1638 1840 eius
1651 1769 1722 1826 troo

63 1859 218 1913 lienouetur
232 1866 260 1913 et
275 1864 381 1913 maneat
396 1858 424 1912 in
439 1866 465 1913 te
480 1858 630 1913 Dominicae
646 1860 787 1914 charitatis
803 1859 869 1915 sffe-
920 1855 1067 1932 redarguit,
1085 1869 1111 1913 et
1126 1868 1221 1929 postea
1236 1869 1437 1932 consequenter
1456 1861 1515 1932 ipse
1529 1859 1631 1929 vitarit,
1647 1858 1723 1930 pari·

63 1947 131 2013 ctio,
150 1946 186 2000 ad
201 1962 285 2017 quam
300 1946 473 2001 dilectionem
492 1954 567 2001 tuam
592 1948 690 2017 sapius
715 1949 869 2003 cohortatus
920 1957 962 2002 ter
974 1948 1137 2003 assumenda
1152 1956 1215 2001 sunt
1230 1964 1291 2003 curn
1305 1949 1348 2002 his
1362 1964 1424 2020 quar
1438 1956 1532 2018 utpote
1542 1949 1722 2019 primusapo·

63 2051 137 2100 sam,
156 2049 222 2089 cum
245 2032 329 2088 fratre
353 2042 378 2088 et
401 2035 559 2105 cmpiscopo
580 2043 672 2091 nostro
687 2036 804 2100 Iuliano,
823 2036 868 2108 qui
920 2037 1005 2091 stolus
1036 2036 1156 2090 salubria
1179 2036 1359 2107 predicavit?
1378 2036 1573 2108 Nunquiduarn
1595 2045 1641 2091 ant
1662 2035 1721 2104 ejus

62 2139 236 2178 communem
252 2123 368 2195 gratiam
384 2140 492 2193 semper
511 2124 623 2193 optarit,
641 2125 719 2191 cujus
735 2125 867 2178 industria
918 2133 994 2180 recta
1008 2125 1128 2179 doctrina
1143 2141 1205 2179 cum
1221 2125 1263 2178 his
1287 2140 1348 2195 quse
1366 2126 1523 2181 humanitus
1546 2131 1723 2180 accessarant

61 2220 84 2266 et
96 2211 301 2267 sollicitudines
317 2219 369 2267 tuae
384 2211 586 2280 relevabuntur,
605 2221 631 2267 et
646 2209 714 2267 fides
734 2213 867 2268 catholiea
919 2213 1086 2283 repudianda
1101 2223 1152 2278 est,
1169 2221 1214 2268 aut
1229 2213 1275 2267 illa
1285 2212 1375 2269 adhuc
1383 2213 1527 2269 imbecillis
1536 2212 1643 2269 inscitia
1658 2227 1721 2268 cum

60 2301 207 2355 munietur.
228 2299 315 2370 Super
324 2299 416 2354 omnia
430 2308 519 2355 autern
535 2300 650 2355 fraterna
661 2301 793 2355 charitate
803 2303 866 2356 hor·
916 2301 1038 2373 perfecta
1053 2302 1112 2371 ejus
1126 2302 1253 2357 doctrina
1269 2301 1442 2372 suscipienda
1457 2301 1721 2374 estiNunquidntm

61 2397 98 2443 tor
112 2397 141 2443 et
156 2403 269 2452 moneo,
287 2396 316 2441 ut
331 2403 363 2442 ea
375 2405 436 2459 quea
446 2389 481 2442 ad
497 2387 612 2459 gloriam
627 2390 670 2442 vel
683 2390 718 2443 ad
728 2390 866 2444 munimen
917 2391 944 2445 in
960 2391 1082 2460 ipsorum
1106 2391 1295 2445 haeretieonrm
1321 2390 1399 2445 libris
1421 2404 1476 2445 non
1495 2391 1581 2445 multa
1603 2406 1666 2462 quar
1685 2388 1721 2446 td

59 2477 197 2547 pertinent
218 2476 397 2531 sacerdotalis
421 2475 500 2531 officii
513 2520 519 2542 ,
534 2476 707 2531 Nieaenorum
731 2494 865 2533 canonum
917 2479 1059 2534 veritatem
1082 2480 1236 2556 pertineant
1257 2478 1347 2549 posita
1371 2479 1552 2552 releguntur?
1573 2478 1720 2551 Nunquid·

60 2565 222 2619 universalis
236 2563 367 2619 Ecclesia
382 2579 479 2635 pacem
496 2566 631 2619 servantia
646 2566 755 2621 decreta
771 2575 865 2622 custo·
916 2584 979 2622 narn
989 2568 1052 2622 ideo
1074 2568 1174 2622 veritas
1199 2566 1343 2621 refutanda
1367 2575 1418 2636 est,
1435 2567 1498 2639 quia
1525 2568 1632 2623 illorum
1646 2567 1719 2635 libri,

59 2653 124 2719 dias,
141 2653 188 2708 Sic
205 2652 278 2707 enirn
294 2653 363 2707 inter
378 2653 485 2708 Domini
497 2654 653 2708 sacerdotes
662 2655 790 2710 inviolata
801 2657 865 2710 clia·
916 2657 962 2711 uhi
987 2657 1105 2727 pravitas
1133 2657 1213 2720 inest,
1230 2654 1406 2710 refutantur:
1422 2664 1468 2710 aut
1489 2656 1551 2710 ideo
1566 2655 1644 2726 pravi
1659 2655 1721 2711 libri

60 2741 123 2795 ritas
139 2741 319 2813 permanebit,
336 2742 358 2796 si
374 2741 485 2812 paribus
500 2743 595 2796 studiis
611 2760 672 2814 quae
687 2751 749 2798 sunt
765 2760 780 2798 a
796 2760 862 2798 san·
916 2744 1081 2814 suscipiendi
1098 2751 1160 2798 sunt
1176 2759 1281 2810 eorum,
1293 2743 1357 2815 quia
1372 2743 1474 2799 veritas
1483 2759 1544 2815 quae
1553 2743 1609 2799 illic
1617 2744 1721 2799 inserta

60 2829 106 2883 ctis
121 2830 253 2885 Patribus
268 2830 412 2884 constituta
432 2839 606 2886 serventur.»
672 2875 673 2878 ,
915 2840 956 2887 est
971 2849 1025 2887 non
1041 2833 1174 2904 negaturi
1189 2833 1232 2887 tit
1249 2832 1390 2902 apostolus
1409 2833 1537 2902 (illiers.
1557 2834 1586 2902 v)
1601 2832 1720 2889 :Omnia

55 2912 59 2923 '
914 2922 1037 2992 probate,
1055 2938 1116 2993 quae
1140 2921 1212 2976 bona
1227 2929 1289 2976 sunt
1307 2928 1409 2976 tenete.
1430 2921 1538 2976 Scimus
1557 2922 1719 2992 Apostolum

915 3010 997 3064 etiam
1011 3010 1046 3064 de
1059 3025 1230 3081 paganorum
1245 3009 1321 3064 libris
1335 3009 1426 3080 aliqua
1440 3009 1566 3080 posuisse
1577 3026 1585 3064 :
1595 3009 1721 3081 nunquid

880 3065 976 3153 Cideo
990 3099 1074 3154 etiarn
1089 3106 1187 3155 cuncta
1203 3097 1361 3169 recipienda
1371 3105 1443 3164 sant,
1457 3114 1519 3169 qua
1533 3114 1597 3154 oum
1607 3098 1650 3153 his
1663 3113 1716 3169 pa·

913 3187 979 3241 riter
1001 3195 1063 3241 sunt
1082 3187 1211 3257 prolatet
1232 3189 1294 3257 lpse
1314 3186 1453 3256 apostolus
1471 3186 1509 3240 ait
1524 3186 1626 3240 multos
1639 3202 1715 3256 prte-

59 3259 94 3312 Df
108 3257 205 3313 Mem
224 3272 333 3312 cmm
359 3257 593 3325 Chalcedomtir
610 3263 639 3313 ⁶2
658 3259 692 3314 de
706 3261 861 3315 mmmm
912 3276 1048 3330 dicatores
1075 3275 1153 3329 aliter
1182 3283 1262 3344 atque
1289 3275 1370 3329 aliter
1392 3273 1528 3328 Christum
1553 3274 1713 3344 praedicare,

91 3344 388 3417 “P05l0l0fum2deiuf
406 3348 558 3400 immi&
573 3347 758 3418 Anlilr‘lmlw
773 3348 858 3413 dati&
911 3364 1052 3428 ubilicet,
1076 3378 1240 3434 quocunque
1268 3363 1360 3429 modo,
1381 3362 1714 3432 Christumprardicatum

90 3438 118 3488 ff
130 3435 164 3488 df
178 3434 307 3505 ‘difflui
321 3433 488 3504 POflll'fiWm
508 3436 633 3491 θθῑῖθθΐῑδ
646 3437 679 3490 ab
694 3435 812 3491 liid070·
910 3460 1017 3523 oportet
1035 3452 1149 3506 admitti.
1167 3452 1268 3505 Tamen
1283 3467 1337 3506 non
1360 3451 1424 3506 ideo
1438 3450 1515 3506 illum
1527 3466 1643 3517 morem,
1658 3466 1714 3523 quo

911 3556 966 3595 non
991 3547 1066 3595 recte
1095 3540 1273 3609 praedicatum
1301 3547 1352 3605 est,
1382 3554 1437 3594 non
1454 3540 1583 3594 admonet
1598 3539 1712 3595 esitare.

88 3622 160 3691 Quia
175 3637 244 3678 varo
270 3623 368 3678 iterum
384 3623 492 3694 quidam
508 3625 565 3679 haec
586 3625 708 3679 relevare
723 3642 753 3679 ac
775 3627 857 3680 resti·
909 3629 996 3684 llalos
1010 3628 1150 3698 operarios
1164 3629 1223 3698 ipse
1236 3627 1422 3699 conqueritur,
1438 3643 1555 3700 quonam
1569 3626 1711 3684 aliareftt·

56 3718 131 3767 tuere
145 3711 236 3766 conati
253 3711 315 3776 sint,
332 3711 481 3784 allegantes
492 3718 620 3783 quoniam
638 3714 758 3784 synodus
773 3715 857 3769 Chal·
909 3716 1001 3781 tanda,
1019 3716 1073 3770 alia
1090 3716 1169 3771 docet
1184 3731 1245 3770 esse
1261 3715 1400 3772 sectanda.
1424 3717 1488 3772 llaec
1503 3725 1530 3771 et
1552 3716 1709 3786 hujusmodi

57 3808 220 3866 redonensis
240 3817 286 3863 aut
311 3816 369 3863 rata
385 3809 410 3863 iu
426 3818 510 3864 totum
535 3811 686 3876 tenebitur,
707 3820 751 3866 ant
767 3813 793 3865 in
813 3820 857 3866 to·
909 3806 1030 3875 exempla
1060 3819 1110 3859 nos
1135 3805 1259 3870 edocent,
1275 3813 1302 3858 et
1318 3803 1472 3860 testimonia
1493 3804 1584 3860 divina
1606 3803 1709 3861 confir·

54 3904 107 3953 tum
122 3897 295 3954 annullanda
314 3898 442 3964 ducetur,
460 3899 553 3953 heatus
577 3899 703 3954 Gelasius
720 3901 855 3971 explanat,
907 3900 1000 3957 mant,
1016 3896 1070 3948 nori
1094 3892 1185 3948 omnia
1206 3893 1311 3964 passim
1335 3909 1351 3947 a
1374 3907 1537 3965 quocunque
1561 3893 1648 3960 diota,
1664 3893 1709 3949 vel

54 3996 175 4042 aranas
189 3986 333 4057 opiniones
349 3994 430 4057 atque
445 3988 611 4055 objectiones
626 3989 750 4054 destruit,
762 3997 857 4061 etquae
907 3982 1061 4053 &bitumine
1072 3982 1181 4052 scripit,
1198 3980 1385 4037 indifferenter
1404 3981 1538 4052 wilm,
1548 3983 1597 4037 sed
1611 3989 1706 4038 ”⁸¹0⁰-

54 4085 111 4130 sant
125 4075 246 4131 tenenda
261 4074 287 4129 in
302 4075 421 4130 decretis
436 4076 493 4130 suis
508 4077 635 4143 ostendit,
646 4077 806 4147 dicenstlll.
823 4080 856 4132 de
905 4070 939 4124 lis
954 4071 1032 4125 bonis
1047 4087 1108 4141 quaa
1123 4079 1239 4126 noceant
1254 4069 1384 4125 refutare.
1398 4094 1409 4119 n
1427 4071 1460 4126 Et
1488 4070 1553 4125 item
1569 4088 1576 4125 :
1595 4091 1607 4122 s
1625 4069 1706 4141 Quod

54 4164 157 4219 laath.
171 4164 260 4234 uine.)
278 4180 285 4217 :
305 4186 315 4212 ι
331 4162 373 4218 Ne
386 4161 466 4231 forto,
483 4164 555 4235 quod
571 4165 668 4229 solent,
685 4166 775 4219 dicant
791 4167 856 4237 quin
906 4156 1060 4213 firmavitin
1071 4158 1177 4229 synodo
1199 4158 1279 4214 sedes
1303 4159 1461 4228 apostolica,
1478 4159 1530 4214 hoc
1546 4160 1632 4215 robur
1654 4160 1705 4215 ab·

55 4250 156 4318 Graeci,
175 4252 252 4324 qnod
271 4253 293 4306 si
310 4253 429 4322 synodus
445 4253 673 4308 Chalcedonensis
696 4254 852 4319 admittitur,
907 4246 1001 4312 tinuit;
1018 4247 1090 4317 quod
1105 4246 1241 4311 ressslfllih
1259 4246 1360 4302 habere
1374 4262 1428 4301 ⁰⁰¹¹
1439 4247 1525 4317 P⁰lllil
1539 4245 1703 4316 firmifflem,

56 4341 142 4395 omnia
154 4348 284 4396 constare
297 4341 416 4396 debeant
431 4358 492 4412 quae
507 4341 562 4396 illic
576 4343 701 4396 videntur
724 4358 786 4396 esse
802 4343 853 4397 de.
905 4343 932 4388 ct
955 4335 1014 4389 sola
1032 4334 1142 4389 rescidit
1162 4334 1234 4405 quod
1253 4343 1352 4403 praeter
1373 4334 1499 4388 ordinem
1521 4336 1701 4407 congregatio

55 4437 187 4499 prompta.
204 4432 259 4484 Aut
283 4429 355 4483 enim
369 4446 401 4484 ex
421 4437 476 4484 toto
491 4445 552 4484 eam
581 4430 684 4484 admitti
707 4420 888 4501 oportere,D
904 4424 1000 4493 synodi
1013 4431 1154 4494 putaverat
1175 4422 1371 4492 usurpandum.
1391 4445 1403 4471 ι
1422 4423 1456 4477 Et
1469 4422 1534 4476 itam
1550 4440 1557 4476 r
1576 4422 1700 4487 «Nobis,

57 4524 97 4571 tat
110 4518 179 4572 siex
194 4525 274 4589 parte
290 4517 456 4588 repudianda
467 4527 517 4580 est,
534 4517 641 4573 firmam
656 4535 687 4573 er
705 4526 759 4573 toto
784 4537 852 4574 con·
903 4511 998 4582 inquil·
1013 4519 1296 4581 ⁰9p0¹11¹11108110ssss⁸‚
1313 4511 1377 4582 (tuin
1392 4509 1546 4565 θῐίθῦῑῦῙθθ
1570 4511 1702 4582 θΡῑθῦθΡῑ,

57 4611 123 4659 stare
137 4621 193 4661 non
214 4621 308 4677 posse.
331 4607 504 4676 cognoscant
518 4606 610 4678 igitur,
633 4607 763 4677 quoniam
786 4608 851 4662 illud
902 4600 966 4653 dum
981 4600 1106 4654 nesciunt
1124 4599 1189 4671 quid
1213 4600 1377 4671 loquantur,
1392 4608 1486 4656 ⁰0nll’t
1509 4613 1577 4671 quos
1601 4598 1654 4669 ipsi
1669 4614 1699 4654 se

58 4696 201 4751 anundum
228 4694 384 4764 Scripturas
413 4704 521 4750 sanctas
552 4695 776 4767 traditionemque
791 4713 850 4750 ma·
902 4688 997 4744 seruire
1011 4689 1138 4758 produnt,
1156 4691 1229 4759 quod
1244 4690 1340 4759 primae
1355 4688 1413 4743 sedi
1423 4703 1491 4743 sana
1501 4696 1629 4760 rectaque
1640 4704 1701 4743 sna·

56 4782 147 4850 iorum,
164 4783 316 4837 seeundum
329 4798 448 4838 canones
461 4782 627 4856 regulasque
642 4785 783 4851 Ecclesia,
800 4801 851 4855 pro
902 4777 976 4832 denti
997 4793 1093 4847 parere
1117 4776 1264 4848 refugiunt.
1281 4778 1333 4848 lpsi
1358 4785 1420 4831 sunt
1443 4791 1573 4842 canones,
1589 4777 1635 4848 qui
1649 4792 1700 4848 ap-

60 4867 104 4926 ide
117 4871 257 4927 communi
272 4879 299 4926 et
314 4872 427 4926 veritate
443 4872 577 4927 catholica
588 4880 614 4926 et
627 4873 786 4942 apostolica,
800 4889 850 4943 pro
901 4866 1073 4937 pellalionem
1096 4867 1178 4921 lolius
1199 4865 1332 4920 Ecclesia?
1347 4865 1381 4919 fld
1400 4864 1481 4933 hullt!
1494 4865 1569 4920 tedis
1584 4880 1698 4921 2¹thss

61 4974 105 5030 qna
122 4961 191 5016 hanc
206 4958 265 5014 fieri
280 4961 360 5014 sedes
376 4961 526 5030 apostoliea
547 4961 685 5033 delegavit
701 4961 850 5033 laetamque
900 4954 1011 5008 voluere
1021 4954 1157 5009 deterri.»
1176 4956 1209 5007 m
1227 4954 1291 5007 item
1309 4953 1404 5007 idem:
1423 4975 1434 5003 «
1452 4953 1577 5015 Viderint
1592 4970 1660 5029 ergo
1674 4956 1697 5010 si

60 5043 174 5113 irms'vit,
192 5065 209 5104 a
223 5056 280 5103 tota
295 5048 417 5104 Ecclesia
451 5050 633 5104 indubitanter
653 5051 767 5104 admitti.
792 5052 849 5105 Alia
900 5053 968 5107 alios
984 5053 1083 5107 habent
1093 5068 1221 5112 canones,
1232 5051 1329 5122 quibus
1345 5067 1409 5106 suas
1417 5052 1534 5124 ineptias
1542 5067 1697 5127 exsequan-

61 5144 148 5201 autern,
165 5154 227 5208 quae
241 5152 293 5208 per
308 5138 850 5209 incompetentempraesumptionemillic
900 5147 952 5194 tur.
976 5142 1108 5195 Craterum
1133 5140 1185 5204 isti,
1204 5139 1248 5210 qui
1272 5139 1356 5208 sacri,
1375 5141 1421 5211 qui
1442 5142 1636 5208 ecclesiastici,
1649 5142 1696 5214 qui

61 5225 154 5292 prolata
172 5234 246 5290 sunt,
271 5225 315 5280 rel
335 5227 425 5296 potius
441 5226 576 5292 ventilata,
598 5244 658 5298 quar
683 5227 762 5282 sedes
779 5243 848 5298 apo·
899 5228 1012 5300 legitimi
1034 5229 1212 5291 celebrantur,
1235 5243 1289 5281 non
1309 5227 1397 5283 solum
1410 5231 1502 5286 sedem
1518 5229 1696 5302 apostolicam

61 5313 142 5370 stolica
156 5314 280 5387 gerenda
295 5313 449 5369 nullatenus
465 5315 610 5386 delegavit,
629 5332 689 5385 quae
704 5331 765 5370 mox
782 5333 797 5369 a
813 5316 849 5370 vi·
898 5317 932 5371 ad
944 5316 1077 5385 judicium
1092 5332 1189 5371 vocare
1199 5331 1254 5371 non
1268 5326 1393 5388 possunt,
1413 5340 1423 5366 u
1441 5319 1594 5392 etreliqua.
1610 5320 1695 5376 lteru-

60 5402 126 5456 ttriis
140 5403 216 5460 sedis
232 5403 388 5474 apostolicae
413 5405 582 5460 contradicta
605 5403 778 5459 manifestum
795 5413 846 5471 est,
898 5421 950 5477 que
967 5405 1038 5460 idem
1056 5423 1062 5457 :
1080 5426 1091 5454 a
1110 5405 1164 5460 Sed
1173 5405 1255 5462 relint
1262 5407 1357 5474 nolint,
1368 5407 1454 5479 ipsius
1465 5407 1578 5478 judicio,
1595 5409 1699 5467 scilicet

60 5504 108 5558 quse
120 5492 201 5547 sedes
216 5490 381 5562 apostolica,
398 5492 478 5546 etiam
492 5501 601 5562 petente
622 5492 755 5548 Martiano
769 5495 847 5563 prin·
898 5493 1053 5564 apostolica
1074 5494 1166 5562 sedis,
1192 5496 1309 5568 antiquo
1331 5512 1467 5551 canonum
1487 5498 1698 5556 consututioncs

350 3085 462 3140 CAPUT
477 3085 576 3140 XXIV.
