3794 6104
209 192 262 269 lit}
708 184 878 241 tltttchxttl
897 179 1097 239 ttttEliENsts
1116 180 1393 239 tachtttt’tscott.
1811 184 1861 237 176

208 314 364 387 apostolice
377 313 436 370 sedi
450 312 605 377 remissurn,
623 311 691 366 sicut
704 325 748 364 me
762 325 811 381 pro
826 316 918 364 vestro
942 323 1009 364 con·
1023 305 1104 367 Avel
1118 322 1172 361 non
1188 307 1340 364 resistendo
1364 307 1543 374 consenserit,
1573 323 1629 364 non
1650 307 1709 377 jam
1743 307 1859 377 pastoris

206 412 310 476 templu
325 402 423 460 fecisse
446 402 553 473 penitus
574 407 688 464 constat,
714 399 823 470 quando
846 412 932 468 nuper
955 412 1005 466 per
1056 395 1105 450 sed
1119 395 1281 450 mercenarii
1303 396 1412 451 nomine
1437 412 1467 451 se
1491 396 1600 452 noterit
1623 396 1806 461 censendum,
1833 403 1858 450 et

207 493 281 550 siros
297 493 396 548 missos
411 491 440 547 in
455 489 603 546 Galliamm
618 495 709 559 partes
726 485 854 557 epistolas
869 492 923 541 tam
938 484 1004 538 mihi
1055 483 1195 554 quiajam
1219 499 1273 539 non
1297 483 1440 555 pertinebit
1463 486 1579 540 adeum
1602 484 1637 540 de
1661 483 1769 552 ovibus,
1804 499 1857 540 non

208 598 291 654 qnam
306 578 539 644 aliisdestiuastis,
555 586 581 632 et
594 576 696 630 nullum
711 574 774 630 indo
789 588 1004 645 responsumre-
1054 567 1198 638 pertinebit
1222 576 1422 641 consequenter
1453 569 1488 624 de
1512 567 1700 639 pastoralibus
1737 568 1857 640 dignita-

207 670 327 744 cepistis.
340 667 482 724 Humiliter
493 680 622 738 suggero,
639 663 700 735 quia
724 677 921 734 nunquampar
936 676 1004 716 con·
1055 656 1137 710 libus,
1164 655 1232 725 Qus}
1254 664 1344 712 autem
1368 657 1396 711 in
1430 657 1552 728 epistolis
1580 656 1614 711 ad
1652 656 1801 728 episcopos
1833 665 1858 711 et

205 749 965 831 temptumasedisapostolicaepraeceptionibusdeviavi,
979 757 1006 804 et
1054 759 1203 813 regnorum
1226 744 1359 815 primores
1385 745 1466 818 regni
1494 746 1633 817 qnondam
1666 744 1789 801 Lotharii
1819 744 1858 799 di-

203 849 231 904 in
247 854 336 904 vestra
351 842 464 915 epistola
476 858 525 914 per
538 847 767 898 commemoratos
778 839 876 894 missos
887 845 1003 902 vestros,
1055 833 1136 888 rectis
1159 834 1358 900 contineantur,
1382 834 1482 889 melius
1511 833 1562 904 ipsi
1603 832 1691 899 scitis,
1726 833 1773 905 qui
1810 849 1855 889 eas

205 936 317 991 Paulum
342 933 444 988 scilicet
469 939 495 986 et
511 931 629 985 Leonem
654 927 827 985 venerabiles
848 926 1003 997 episcopos,
1055 920 1169 992 legistis.
1185 922 1283 978 Audivi
1305 923 1387 978 etiam
1405 924 1478 996 quod
1501 923 1604 977 similes
1627 921 1763 994 epistolae,
1790 922 1856 978 sicut

203 1021 342 1095 pusillitati
357 1037 426 1075 mese
440 1019 545 1074 directa
559 1016 707 1088 scripsistis
717 1016 783 1088 quid
797 1015 860 1069 inde
880 1029 1003 1086 agerem,
1054 1010 1155 1066 domno
1179 1020 1273 1066 nostro
1295 1011 1403 1076 Carolo,
1429 1019 1456 1067 et
1475 1011 1612 1082 episcopis
1633 1026 1665 1066 ac
1688 1010 1855 1082 primoribus

205 1111 322 1167 sednon
336 1107 484 1179 scripsistis
499 1115 528 1162 ut
542 1105 605 1160 iude
629 1104 708 1160 vobis
731 1103 921 1160 rescriberem.
948 1102 1004 1157 Ve-
1055 1100 1131 1172 regni
1146 1099 1230 1170 ipsius
1244 1100 1354 1156 directae
1369 1109 1440 1169 sunt,
1458 1100 1558 1155 domno
1573 1099 1753 1155 nibilominus
1767 1099 1856 1155 Ludo·

203 1206 356 1256 rumtamen
385 1196 490 1252 eisdem
514 1194 605 1249 missis
629 1192 728 1249 vestris
750 1192 843 1248 verbis
865 1190 1004 1262 respondi,
1055 1188 1115 1244 vico
1129 1188 1187 1261 regi
1203 1188 1334 1259 glorioso,
1361 1197 1387 1245 et
1411 1188 1547 1260 episcopis
1566 1203 1599 1243 ac
1620 1188 1702 1259 regni
1724 1189 1785 1257 ejus
1803 1187 1856 1259 pri.

201 1304 252 1360 pro
267 1287 371 1343 viribus
386 1283 590 1353 meiussiouem
600 1290 720 1336 vestram
733 1288 934 1336 exsecuturum.
952 1277 1004 1351 Egi
1054 1276 1175 1331 moribus
1192 1277 1283 1333 missa
1306 1285 1378 1342 sunt,
1402 1277 1475 1349 quod
1496 1292 1546 1333 vos
1571 1277 1617 1351 qui
1641 1277 1677 1333 de
1692 1291 1782 1350 regno
1804 1277 1858 1346 ejus

201 1384 291 1432 autem
316 1373 413 1429 exinde
443 1378 572 1443 quantum
600 1368 683 1435 valui,
704 1377 729 1423 et
772 1375 903 1440 quantum
938 1365 1005 1421 mihi
1054 1364 1120 1420 estis
1132 1365 1231 1420 cenius
1246 1365 1330 1422 scitis.
1351 1366 1414 1420 llihi
1435 1381 1543 1439 quoque
1564 1366 1665 1438 exiguo
1691 1366 1855 1421 Rhemorum

203 1465 340 1538 agendum
353 1476 415 1517 esse
430 1459 523 1516 videre
537 1457 622 1529 potui,
639 1465 665 1513 et
680 1457 752 1529 quod
777 1472 820 1512 me
843 1471 927 1527 agere
949 1470 1005 1510 uon
1055 1453 1183 1524 episcopo
1204 1455 1362 1510 auctoritate
1377 1469 1426 1510 sua
1446 1455 1562 1511 domnus
1575 1454 1856 1526 apostolicusspeoia-

202 1569 285 1626 posse
300 1550 365 1617 vidi,
381 1550 416 1605 ad
430 1536 573 1620 potestatis
587 1553 685 1603 vestrae
698 1544 884 1601 auctoritatem
899 1552 1004 1599 tracta·
1054 1541 1115 1597 liter
1130 1543 1340 1609 commendarit,
1363 1551 1391 1598 ut
1413 1543 1473 1600 vice
1496 1558 1546 1599 sua
1567 1551 1624 1598 tam
1647 1558 1741 1616 reges,
1770 1543 1855 1615 quant

202 1643 276 1699 tione
290 1654 352 1696 mea
365 1636 467 1694 referre
483 1635 587 1701 curavi,
601 1635 669 1691 sicut
684 1641 710 1689 et
734 1633 810 1689 vobis
830 1633 1004 1688 innotescen-
1017 1664 1044 1725 B
1056 1639 1171 1687 caeteros
1187 1632 1237 1687 Dei
1260 1647 1293 1688 ac
1315 1632 1409 1687 mundi
1431 1632 1570 1687 ministros
1581 1631 1768 1700 admonendo,
1796 1646 1854 1687 snt·

205 1732 270 1787 dum
285 1729 361 1799 cnjus
376 1727 417 1783 rei
431 1725 531 1781 exitum
545 1731 572 1780 et
586 1721 699 1779 effectus
713 1722 902 1778 certitudinem
926 1720 1002 1788 scivi,
1055 1720 1156 1785 dendo,
1171 1736 1202 1776 ac
1216 1720 1387 1792 prohibendo
1402 1736 1418 1776 a
1433 1720 1588 1793 cupiditatis
1596 1720 1639 1776 vel
1649 1720 1775 1777 avaritiae
1784 1720 1853 1787 vitio,

206 1819 313 1893 quarmo
328 1815 453 1889 praefatas
465 1813 660 1883 increpatorias
675 1811 778 1867 litteras
794 1810 860 1865 mihi
881 1809 1002 1875 misistis,
1055 1815 1081 1862 et
1096 1817 1125 1862 ut
1140 1808 1227 1864 aliena
1242 1825 1297 1864 non
1312 1809 1471 1880 suscipiant,
1487 1817 1568 1881 atque
1584 1825 1704 1882 regnum
1719 1809 1853 1880 quondam

205 1908 333 1983 parabam
348 1905 459 1972 scilieet,
485 1900 622 1974 quomodo
645 1901 705 1972 ipsa
727 1899 781 1965 die,
807 1898 916 1971 quando
948 1897 1005 1968 epi·
1054 1896 1173 1952 Lotharii
1188 1905 1215 1952 et
1230 1897 1393 1953 honrinesin
1424 1913 1457 1953 eo
1482 1898 1615 1970 degentes
1637 1913 1693 1953 non
1719 1897 1852 1964 invadant,

205 1997 288 2054 stolas
303 2002 401 2051 vestras
415 1990 581 2048 auctoritatis
595 1989 661 2044 mihi
675 1988 773 2043 Paulus
787 1995 814 2043 et
843 1988 898 2044 Leo
918 2003 1003 2043 vene·
1055 1985 1235 2056 comprimant
1249 1995 1276 2041 et
1290 1994 1474 2057 compescant.
1491 1985 1544 2041 Sed
1559 1994 1586 2041 et
1599 2003 1649 2057 per
1667 1987 1773 2042 multos
1795 1995 1821 2042 et
1839 2002 1855 2043 a

204 2085 307 2143 rabiles
322 2081 443 2155 episcopi
458 2080 592 2135 dederunt
614 2077 674 2151 regi
698 2085 724 2132 et
746 2075 892 2147 episcopis,
917 2082 944 2131 et
959 2091 1004 2132 re·
1054 2073 1147 2128 multis
1170 2074 1261 2143 audio,
1283 2074 1451 2147 divulgatum
1475 2075 1545 2129 inter
1567 2074 1705 2146 principes
1738 2082 1853 2143 nostros,

204 2169 511 2250 gnornmprimoribus,
527 2168 642 2241 quitum
661 2167 696 2221 de
720 2180 807 2238 regno
828 2164 900 2237 quod
926 2172 1005 2220 antea
1055 2163 1180 2218 dominos
1195 2163 1300 2219 scilicet
1314 2178 1346 2219 ac
1362 2179 1442 2235 reges
1465 2162 1610 2235 gloriosos,
1634 2163 1737 2219 mutuis
1759 2178 1852 2220 sacra·

204 2265 320 2321 domnus
335 2259 445 2316 Carolus
460 2257 562 2321 habuit,
578 2270 658 2326 quam
674 2261 700 2310 et
714 2253 748 2309 de
762 2269 848 2326 regno
859 2252 1005 2324 qnodolim
1054 2251 1152 2307 mentis
1168 2250 1313 2318 lirmatum,
1329 2260 1357 2307 ut
1371 2252 1441 2308 inter
1460 2268 1508 2308 eos
1530 2252 1577 2324 qui
1599 2268 1630 2308 se
1652 2252 1750 2308 dicunt
1772 2252 1854 2324 ipsius

204 2369 254 2408 rex
269 2347 412 2407 Lotharius
427 2346 520 2400 habuit
534 2343 686 2411 adsuerunt,
703 2340 798 2414 relegi,
814 2350 841 2397 et
854 2341 895 2396 eis
912 2349 941 2397 ut
968 2341 1005 2396 ita
1054 2340 1131 2413 regni
1148 2340 1269 2396 haeredes
1284 2356 1346 2396 esse
1360 2357 1437 2412 aequa
1452 2340 1550 2397 divisio
1563 2340 1649 2412 ipsius
1674 2340 1755 2414 regni
1778 2340 1824 2396 fiat
1844 2359 1852 2398 :

206 2445 346 2496 “mrem
360 2433 519 2491 de¹¹¹¹¹¹¹i³l⁸
529 2430 630 2488 curali·
1055 2445 1114 2502 quae
1128 2427 1241 2484 firmitas
1258 2429 1280 2484 si
1295 2428 1364 2485 iacta
1377 2444 1432 2484 non
1445 2429 1551 2499 inisset,
1567 2438 1596 2485 ut
1610 2429 1688 2484 malti
1709 2429 1852 2497 ailirrnant,

243 2527 290 2583 llis
312 2532 403 2581 autem
427 2522 537 2595 quidem
562 2519 698 2591 episcopis
723 2511 801 2590 regni
824 2516 896 2590 quod
924 2525 1004 2573 antea
1051 2518 1109 2587 jhm
1125 2517 1223 2574 seditio
1237 2517 1307 2572 inter
1321 2517 1437 2589 populos
1451 2517 1507 2572 illis
1521 2518 1661 2587 subjectos
1677 2526 1772 2574 exorta
1786 2517 1852 2574 fuis·

205 2617 322 2674 domnus
347 2612 459 2670 Carolus
482 2607 750 2673 babuit‚detulemnt
780 2605 932 2678 epistolam,
968 2605 1004 2661 ad
1054 2614 1106 2662 set.
1122 2607 1155 2662 Et
1170 2606 1192 2661 si
1207 2606 1265 2677 ipsa
1281 2604 1395 2662 firmitas
1417 2615 1544 2663 exsecuta
1565 2622 1620 2663 non
1641 2605 1733 2674 inerit,
1760 2606 1854 2680 pratia

205 2725 253 2767 eos
269 2704 433 2780 generaliter
447 2701 577 2756 directam
592 2696 738 2754 transmisi.
762 2696 879 2768 Indeque
893 2693 1003 2767 episco·
1054 2702 1081 2750 et
1096 2695 1254 2763 seditiones,
1271 2695 1339 2752 sicut
1350 2696 1407 2766 jam
1430 2694 1529 2752 luerim
1554 2703 1615 2768 post
1636 2695 1741 2752 obitum
1762 2695 1854 2753 domui

204 2797 247 2872 pis
262 2805 361 2853 tamer
375 2805 462 2864 regno
477 2803 527 2844 suo
541 2787 678 2859 qnondam
692 2783 821 2851 lotharii,
839 2783 885 2856 qui
906 2784 934 2838 in
958 2786 1005 2839 At·
1053 2783 1183 2840 Ludovioi
1216 2784 1398 2856 imperatoris,
1436 2784 1508 2841 inter
1545 2800 1593 2841 eos
1628 2791 1789 2858 exsurgent,
1828 2792 1854 2840 et

203 2886 302 2942 liniaco
313 2883 390 2952 jussu
405 2878 491 2949 ipsius
504 2875 597 2931 domni
612 2873 699 2929 Caroli
710 2873 783 2944 regis
804 2880 1001 2938 convenerunt,
1053 2873 1168 2928 maxima
1183 2880 1291 2946 strages
1305 2873 1399 2945 populi
1420 2888 1452 2929 ac
1474 2873 1592 2945 perditio
1611 2873 1769 2930 animarum
1792 2872 1854 2930 inde

206 2972 329 3031 eamdem
355 2966 496 3038 epistolam
516 2961 617 3035 relegi·
638 2969 664 3017 et
686 2960 798 3033 praelato
821 2959 921 3016 domno
944 2959 1004 3032 regi
1053 2960 1204 3032 proveniet,
1222 2961 1398 3032 quodpostea
1412 2961 1551 3018 emendari
1574 2977 1628 3017 uon
1648 2962 1760 3034 poterit.
1781 2961 1854 3032 Qua-

205 3060 312 3127 CaroIo,
328 3058 418 3113 sedet
441 3051 577 3124 episcopis
599 3049 677 3121 regui
701 3049 795 3120 ipsius,
818 3056 845 3103 et
869 3046 1004 3119 episcopis
1055 3058 1163 3121 propter
1176 3050 1248 3106 inter
1262 3059 1334 3106 tanta
1349 3058 1376 3107 et
1391 3051 1455 3106 talia
1477 3050 1606 3122 pericula,
1630 3050 1736 3107 scilicet
1760 3050 1853 3107 domni

203 3148 283 3224 regni
298 3146 400 3202 dudum
414 3140 544 3206 Lotlrarii,
561 3147 588 3195 et
611 3137 746 3210 episcopis
771 3135 848 3210 regni
862 3135 1001 3206 Ludovici,
1054 3138 1195 3209 apostolici
1210 3147 1376 3210 preceptum
1391 3139 1542 3212 negligere,
1559 3147 1586 3196 et
1595 3147 1704 3212 pactum
1714 3139 1857 3210 juramen·

199 3239 290 3294 sedet
305 3235 357 3307 ipsi
372 3230 508 3288 Ludovico
522 3226 582 3301 regi
596 3225 751 3283 Germaniae
766 3227 836 3281 hanc
847 3223 1004 3281 schedulam
1054 3226 1089 3280 tis
1102 3226 1130 3281 in
1145 3226 1254 3283 nomine
1269 3227 1377 3283 Domini
1391 3236 1418 3283 et
1433 3236 1588 3284 sanctornm
1603 3228 1662 3298 eius
1676 3228 1749 3284 inter
1772 3243 1854 3301 reges

200 3343 262 3399 quae
275 3320 458 3394 subsequitur,
470 3317 689 3389 postjuramenta
704 3315 775 3370 inter
790 3329 871 3386 reges
885 3311 944 3368 sine
959 3328 1003 3369 me
1053 3323 1162 3371 nostros
1185 3313 1322 3371 firmatum
1344 3315 1549 3373 dissolvendum
1566 3316 1701 3387 judicare,
1724 3324 1753 3372 et
1779 3317 1853 3374 sedi·

199 3415 277 3481 laeta,
294 3411 368 3469 dedi.
397 3411 427 3465 ln
442 3422 495 3481 qua
510 3406 549 3462 sic
576 3403 739 3461 auctoritatis
768 3411 864 3459 restra
895 3417 1002 3472 praece-
1053 3403 1141 3459 tiones
1154 3404 1317 3477 populorum
1331 3419 1363 3461 ac
1380 3403 1475 3476 praelia
1489 3404 1698 3476 parvipendere,
1714 3413 1786 3462 etut
1806 3420 1854 3462 ee-

194 3504 317 3578 ptionem
332 3500 426 3566 indixi,
443 3506 472 3552 ut
487 3494 614 3568 periculis
623 3493 826 3550 imminentibus
836 3506 1002 3547 commemo·
1053 3491 1199 3548 elesiarum
1214 3502 1336 3549 rectores
1350 3510 1381 3549 ac
1393 3493 1444 3549 viri
1459 3493 1575 3562 nobiles,
1591 3493 1625 3550 de
1648 3492 1743 3549 multis
1766 3492 1852 3566 pati.

196 3593 271 3659 ratis,
288 3589 425 3665 quomodo
442 3586 482 3642 eis
496 3584 618 3651 obviare,
635 3592 660 3638 ot
675 3583 721 3638 illa
736 3581 828 3638 omnia
843 3580 951 3652 penitus
975 3588 1002 3635 ct
1052 3580 1135 3636 busa
1156 3581 1271 3655 paganis
1291 3581 1415 3653 impetiti,
1441 3590 1468 3638 et
1492 3582 1550 3638 sine
1572 3598 1638 3656 rege
1661 3597 1695 3640 ac
1716 3582 1852 3656 principe,

195 3680 306 3739 insimul
321 3691 496 3737 commovere
511 3689 565 3729 non
580 3681 711 3743 poteram,
730 3670 862 3726 relatione
886 3669 921 3724 ad
949 3684 1001 3722 au·
1053 3670 1104 3723 nisi
1120 3685 1200 3741 quem
1215 3670 1266 3741 ipsi
1281 3677 1473 3741 postmortem
1488 3671 1607 3727 lotharii
1614 3686 1665 3744 pro
1676 3687 1726 3728 sua
1738 3670 1854 3745 quisque

196 3770 347 3827 ctoritatem
361 3773 489 3830 vestrm.
507 3769 533 3817 et
547 3761 571 3817 δί
585 3776 638 3815 Ηθῡ
653 3758 851 3822 resistentibus,
868 3756 911 3812 vel
935 3749 1002 3810 mihi
1052 3758 1240 3814 convenientia
1266 3759 1407 3831 elegerint,
1437 3759 1507 3816 sicut
1533 3760 1661 3827 fatentur,
1692 3760 1851 3829 existentes,

195 3856 376 3915 ⁰⁰⁰³¹¹¹0F0¹¹b
394 3853 455 3923 1P⁵⁰
484 3857 576 3905 aulem
595 3846 734 3913 schedula,
767 3854 793 3900 ⁰²
819 3844 939 3915 regibus,
974 3850 1001 3898 et
1051 3862 1106 3902 non
1121 3845 1238 3903 debeant
1253 3847 1296 3905 vel
1310 3848 1379 3904 sicut
1393 3848 1495 3905 habent
1508 3849 1702 3906 necessitatem
1722 3865 1781 3906 non
1803 3850 1853 3905 ba·

196 3943 344 4016 episcopis,
369 3956 401 3997 ao
426 3954 571 4011 regnorum
592 3935 756 4008 primoribus
776 3951 793 3990 a
815 3950 859 3989 me
888 3932 1000 3988 recitata
1050 3935 1132 3991 beant
1159 3935 1308 3993 libertatem
1336 3945 1473 3993 rectorem
1497 3937 1610 4011 eligere,
1648 3938 1695 4010 qui
1732 3946 1853 3995 santtm

195 4040 222 4088 et
235 4032 309 4097 data,
320 4030 358 4084 ita
372 4045 402 4084 se
416 4028 499 4083 habet
516 4044 554 4080 z«
578 4025 701 4081 Domnus
717 4022 883 4094 apostolicus
903 4021 1000 4077 hdr-ia·
1050 4023 1212 4091 Ecclesiam,
1241 4033 1268 4081 et
1295 4041 1343 4082 eos
1370 4034 1452 4098 atque
1479 4025 1708 4083 christianitatem
1736 4025 1766 4082 in
1806 4026 1851 4083 1110

197 4137 258 4186 nus,
275 4118 346 4175 sicut
360 4115 451 4171 multis
465 4121 505 4198 est
519 4113 669 4187 cognitum,
690 4121 716 4168 et
729 4111 827 4167 litteris
842 4110 908 4178 suis,
930 4127 997 4182 quas
1049 4128 1136 4185 regno
1150 4113 1343 4169 consistentem
1358 4113 1487 4170 defendat
1501 4123 1527 4170 et
1541 4115 1686 4187 gubernet,
1701 4114 1797 4173 dicere
1803 4131 1852 4170 tn.

195 4225 253 4283 prae
267 4206 393 4263 manibus
407 4203 504 4270 babeo,
521 4202 659 4282 exiguitati
675 4218 743 4258 mere
758 4201 940 4274 dignatusest
961 4199 999 4254 in·
1049 4201 1127 4257 xians
1142 4202 1201 4258 sine
1229 4202 1350 4275 generali
1364 4203 1540 4260 unanimitate
1564 4204 1760 4276 episcoporum
1773 4203 1850 4277 regni

195 4299 300 4364 limiti,
325 4294 437 4369 regibus
451 4291 651 4364 elpraesulibus
675 4307 705 4346 ae
729 4305 878 4362 regnomm
891 4288 996 4361 primo·
1049 4291 1142 4347 domni
1155 4290 1255 4358 Caroli,
1272 4291 1370 4364 quibus
1386 4291 1502 4348 domnus
1527 4291 1691 4363 apostolicus
1710 4293 1746 4349 de
1770 4307 1848 4350 causa

194 4387 272 4445 ribus
287 4385 314 4441 in
329 4384 371 4440 his
386 4381 535 4439 Galliamm
550 4379 666 4451 partium
680 4378 848 4452 regionibus,
872 4384 899 4433 et
921 4372 1031 4437 interD
1045 4381 1125 4454 regni
1139 4380 1266 4446 lotharii,
1283 4396 1358 4436 suam
1373 4380 1446 4436 misit
1460 4381 1613 4454 epistolam,
1629 4396 1712 4455 quam
1721 4382 1774 4449 eis,
1782 4382 1848 4438 sicut

195 4485 296 4535 cetera
324 4471 484 4530 auctoritate
512 4468 655 4524 ministerii
679 4469 720 4523 sui
735 4467 879 4534 mandarit,
895 4475 924 4522 nt
951 4482 995 4522 re-
1044 4469 1110 4525 mihi
1124 4477 1166 4525 est
1180 4477 1347 4541 preceptum
1363 4512 1370 4537 ,
1386 4469 1483 4534 direxi,
1507 4469 1542 4526 de
1566 4470 1609 4525 his
1633 4486 1694 4543 quae
1714 4469 1844 4541 praemisi,

194 4580 279 4638 gnum
294 4562 433 4637 quondam
448 4573 481 4616 ac
496 4557 570 4631 regis
582 4554 709 4622 lotharii,
719 4556 791 4629 quod
802 4556 902 4613 domno
912 4555 996 4627 impe·
1045 4565 1175 4630 quantum
1191 4575 1224 4614 ex
1237 4573 1281 4614 me
1296 4564 1347 4625 est,
1364 4557 1430 4614 nnlh
1444 4557 1594 4614 definitioni
1610 4558 1699 4614 audeo
1728 4573 1846 4616 consen-

195 4653 280 4711 ratori
307 4650 444 4709 Ludovico
473 4641 607 4719 spirituali
635 4642 690 4700 filio
723 4645 782 4714 ejus
823 4643 995 4700 haereditario
1044 4647 1104 4717 tire,
1122 4655 1260 4704 reservato
1275 4663 1324 4717 per
1338 4647 1427 4703 omnia
1437 4646 1581 4721 privilegio
1590 4647 1733 4703 sententiae
1756 4644 1848 4704 domni

192 4740 385 4809 juredebetur,
402 4746 429 4796 0²
444 4737 516 4810 <l11⁰d
541 4735 575 4790 ad
599 4750 662 4790 eum
684 4741 747 4804 post
768 4740 884 4787 mortem
909 4731 996 4822 ipsius
1045 4750 1132 4808 papae,
1149 4736 1227 4804 cuius
1241 4735 1397 4804 auctoritas,
1412 4734 1436 4790 si
1450 4734 1553 4807 aliquid
1567 4735 1602 4792 de
1616 4735 1684 4791 actis
1706 4735 1847 4808 corrigen·

194 4828 313 4884 Letharii
328 4828 423 4897 rediet,
440 4826 484 4883 vel
497 4825 622 4882 homines
643 4823 672 4877 in
694 4836 727 4877 eo
751 4820 893 4892 degentes,
919 4837 995 4876 mor·
1045 4823 1110 4878 dum
1123 4823 1212 4890 fuerit,
1236 4823 1420 4882 admonitione
1444 4834 1556 4896 paterna
1580 4824 1710 4897 corriget,
1737 4833 1766 4881 et
1788 4839 1847 4898 qtae

196 4914 289 4971 talium
303 4915 522 4980 nullusinvadat,
539 4913 629 4969 nullus
650 4908 830 4974 commoveat,
852 4907 943 4963 nullus
961 4908 995 4964 ad
1046 4911 1205 4968 stabilienda
1220 4921 1281 4966 sunt
1295 4914 1393 4984 poterit
1404 4914 1544 4971 roborare,
1570 4936 1581 4963 .

197 5018 228 5060 se
242 5009 357 5060 conetur
371 5001 516 5058 inflectere.
541 5002 620 5072 Quod
644 5001 667 5056 si
698 4999 759 5071 quis
788 4996 994 5068 praesumpseri,
1081 5001 1120 5055 De
1136 4999 1188 5056 hoc
1202 5016 1268 5057 vero
1283 5001 1356 5074 quod
1368 5002 1434 5057 mihi
1444 5002 1849 5074 scripsistisdicentesttQuit

196 5107 251 5149 non
266 5090 356 5147 solum
378 5104 429 5160 per
450 5106 506 5146 suae
526 5091 692 5148 auctoritatis
715 5086 896 5143 ministerium
918 5084 996 5140 infir·
1045 5088 1142 5144 melius
1157 5097 1183 5145 te
1198 5089 1281 5158 novit,
1298 5090 1370 5162 qnod
1384 5091 1431 5145 lilii
1446 5091 1583 5162 quondam
1606 5092 1737 5149 ludovici
1760 5093 1849 5164 impe·

196 5178 323 5246 mihitur·
340 5192 433 5234 verum
449 5177 528 5232 etiarn
543 5177 639 5235 vinclis
654 5174 833 5235 anathematis
850 5173 995 5247 obligatus,
1046 5176 1154 5247 ratoris,
1168 5177 1197 5233 in
1211 5194 1293 5234 uuum
1307 5179 1510 5247 convenientes,
1527 5196 1643 5254 regnum
1656 5180 1727 5236 inter
1751 5198 1782 5238 50
1804 5180 1848 5238 (fi.

195 5268 305 5325 nomine
320 5264 531 5323 Christianitatis
546 5267 674 5337 privatus,
692 5263 996 5336 cumdisbotopmnino
1046 5265 1177 5332 viserunt,
1190 5267 1306 5340 jureque
1317 5267 1435 5337 jurando
1450 5268 1501 5324 sibi
1515 5268 1633 5326 invicem
1652 5270 1848 5342 promiserunt,

196 5355 346 5424 locabitur,
370 5363 396 5412 et
435 5351 458 5409 si
487 5352 548 5426 quis
575 5361 698 5410 nostrum
725 5355 759 5411 de
782 5353 917 5427 episcopis
942 5361 997 5408 tam
1047 5362 1075 5408 ut
1090 5354 1180 5411 nullus
1194 5373 1289 5413 eorum
1310 5372 1425 5429 regnum
1449 5357 1560 5414 alterius
1584 5357 1674 5415 fratris
1696 5360 1749 5416 sthi
1769 5375 1849 5417 usur.

196 5439 309 5501 nefaria
330 5442 489 5502 temeritatis
519 5446 657 5498 auctorem
680 5443 723 5500 vel
751 5443 867 5500 tacendo
899 5440 998 5515 sugerit
1045 5452 1132 5516 paret,
1149 5453 1196 5501 aut
1211 5444 1320 5503 omnino
1333 5445 1505 5518 pervaderet,
1521 5454 1548 5504 et
1563 5455 1628 5506 tunc
1651 5430 1765 5506 Carolus
1790 5464 1849 5520 rex,
