3794 6104
671 222 841 279 lllNClldlll
868 220 1070 279 uttutturtSts
1098 220 1373 278 ARClllEPlSCOPl.

391 346 607 410 TITULATIO
636 345 829 408 ttuxttlun.
1024 344 1165 414 ASepius
1180 351 1306 415 expertus
1321 360 1403 418 quam
1419 345 1453 400 sit
1466 344 1588 401 laudatio
1602 345 1657 402 fixa
1692 406 1705 425 ι

482 470 598 527 Com
615 470 740 526 mom
1093 432 1158 488 llaec
1171 439 1225 497 tua,
1242 449 1302 505 quae
1316 433 1402 489 variat
1415 441 1537 503 ternpore
1552 443 1578 490 ct
1592 449 1640 489 ore
1656 434 1750 490 simul.

350 586 355 598 ,
569 500 614 598 ,Ἰ
669 514 693 597 ‚¹
745 585 750 598 ¹
1057 519 1111 575 Sed
1126 521 1243 591 pmdens
1258 521 1349 575 animo
1363 522 1465 592 pariter
1479 537 1534 576 non
1548 523 1641 578 omnia
1654 522 1772 594 profert,

209 584 357 642 llinamara
394 585 589 640 laudunenses
630 600 751 655 episcopt
792 585 828 639 od
872 585 1006 640 mmnurn
1092 608 1143 677 Qui
1161 609 1496 680 qiscmteneqtempom
1510 618 1600 665 meme
1615 626 1676 667 sua·

442 673 572 728 00000000
590 688 683 744 000000
701 672 779 740 0000·
1055 696 1089 750 Et
1102 696 1179 766 perdi
1195 697 1294 767 pellem
1309 712 1426 753 noscens
1440 705 1466 752 te
1478 697 1601 770 linquere
1615 699 1701 767 nolle,

209 787 262 844 lste
272 787 409 858 pitatiolus
422 787 503 859 plane
518 786 654 858 depromit
668 793 694 841 et
707 793 778 856 apte,
1092 785 1211 840 Sustinet
1225 792 1255 840 ut
1268 785 1387 855 propriis
1401 786 1509 841 casibus
1524 786 1584 858 ipse
1599 803 1674 843 ruas.

243 876 341 931 Sedem
358 875 549 946 appellandam
564 875 649 930 libere
665 874 853 944 apostolicam,
1055 872 1188 943 congeris
1202 881 1228 927 ct
1252 873 1377 943 quaedam
1400 873 1503 929 tibimet
1527 890 1589 946 quae
1612 875 1695 931 valde
1715 876 1854 944 resistunt,

207 962 279 1031 Quin
289 964 471 1034 appellantem
486 964 558 1019 haud
573 962 670 1018 vinclis
685 962 800 1016 artarier
815 960 888 1031 ullis,
1089 962 1181 1031 Teque
1196 960 1285 1032 magis
1300 970 1433 1033 pungunt,
1449 978 1509 1033 quae
1524 962 1573 1017 tibi
1588 972 1668 1035 grata
1683 971 1777 1034 putas.

241 1051 412 1121 Responsum
428 1068 444 1107 a
457 1052 549 1107 vineto
564 1051 612 1106 rite
627 1065 679 1106 nec
694 1050 807 1119 exigier.
1053 1048 1134 1103 llulta
1151 1048 1260 1119 quidem
1274 1064 1306 1103 ex
1322 1050 1443 1103 studiisa
1459 1058 1483 1105 te
1498 1049 1611 1105 dimissa
1627 1051 1767 1119 videntur,

205 1140 341 1212 trahique
356 1138 477 1211 pontifici
492 1139 634 1211 distinguit
645 1139 743 1209 jusque
758 1138 922 1210 modumque
1089 1135 1156 1204 Quae
1171 1136 1233 1208 quia
1247 1137 1407 1203 contemnis,
1422 1137 1517 1193 fraude
1532 1138 1651 1210 doloque
1665 1146 1753 1196 taces.

242 1228 308 1282 Cum
324 1228 550 1298 compraesulibus
563 1243 614 1282 ceu
627 1234 716 1283 teneat
731 1226 847 1282 sobrius.
1053 1225 1176 1295 impurus
1192 1225 1316 1296 quaedam
1329 1225 1442 1292 falsasti,
1458 1226 1574 1283 imittere
1588 1226 1710 1284 mendas

205 1316 299 1387 Sitque
316 1316 361 1386 pio
376 1317 438 1389 regi
452 1316 550 1371 Carolo
564 1331 625 1386 pax,
642 1317 706 1380 vita,
721 1323 852 1385 potestas,
1088 1314 1149 1368 Non
1163 1314 1275 1379 veritus,
1292 1314 1420 1385 quoniam
1437 1330 1491 1369 non
1505 1314 1554 1369 tibi
1568 1331 1637 1386 pura
1651 1316 1777 1386 placent.

241 1403 294 1473 Qui
307 1405 408 1475 probus
423 1405 481 1459 baec
495 1420 611 1460 cernens
625 1421 682 1474 prae
696 1405 829 1474 probitate
843 1402 940 1474 probet
1051 1402 1120 1456 Nam
1135 1417 1213 1456 sacro
1226 1401 1388 1471 depromunt
1402 1418 1538 1457 canonum
1552 1402 1663 1458 decreta
1679 1412 1819 1474 patenter,

205 1491 255 1547 Cui
268 1492 291 1545 si
305 1491 450 1562 surripitur
463 1493 587 1547 humanis
601 1492 705 1546 nisibus
720 1492 791 1557 ullis,
1086 1490 1203 1560 turaque
1218 1489 1378 1545 conlirmant
1392 1489 1466 1546 sedis
1481 1492 1651 1561 apostolicae,

241 1577 382 1635 Cassando
397 1580 482 1647 reicit,
499 1596 544 1634 res
556 1581 602 1634 ubi
617 1589 692 1635 eerta
707 1580 787 1636 redit.
1051 1577 1283 1647 ttetropolixanum
1296 1594 1391 1632 curam
1405 1579 1526 1651 regionis
1542 1579 1656 1645 habere,

203 1666 248 1723 Sic
262 1682 311 1722 sua
324 1682 402 1723 mens
416 1667 486 1723 adeo
501 1668 558 1724 veri
573 1667 695 1723 deferret
708 1684 801 1723 amore
1016 1699 1042 1758 B
1088 1666 1122 1720 Ut
1132 1666 1225 1736 presit
1239 1664 1335 1720 sollers
1349 1683 1397 1720 ore
1411 1683 1545 1738 manuque
1560 1683 1658 1740 sagax,

240 1756 322 1810 lleete
338 1755 520 1812 frustrandum
534 1772 568 1812 ne
583 1757 654 1812 sinat
668 1773 729 1812 esse
745 1765 841 1812 ratum.
1052 1753 1093 1807 Ad
1108 1769 1188 1823 quem
1203 1763 1364 1809 concurrant
1378 1771 1545 1826 quaeeunque
1559 1755 1670 1828 negotia
1682 1755 1756 1824 juris

203 1842 327 1915 Namque
341 1844 462 1899 animum
476 1852 568 1901 serrat
581 1845 655 1900 mitis
669 1845 801 1915 sapientia
815 1844 923 1911 sortem,
1085 1840 1179 1895 Cuncti
1194 1849 1347 1911 poscentes,
1364 1842 1503 1912 preminet
1517 1843 1576 1913 ipse
1591 1843 1718 1914 quidem.

238 1932 296 1986 Pm)
310 1932 414 1988 cunetis
429 1933 539 2003 proprie
551 1949 632 2005 quom
650 1933 758 1988 redimit
771 1934 868 2003 pietas.
1050 1924 1181 1994 llegminc
1196 1925 1246 1978 snb
1260 1926 1337 1993 euius
1351 1933 1457 1980 constat
1472 1926 1612 1996 provincia
1627 1934 1695 1993 tota,

202 2016 225 2072 0
241 2035 323 2090 aquam
339 2036 387 2075 rex
401 2020 475 2086 felix,
492 2021 621 2076 virtutum
635 2020 711 2076 sortis
727 2030 841 2087 amator,
1085 2013 1119 2068 Ul
1134 2013 1235 2068 stuciis
1250 2029 1358 2083 semper
1372 2014 1478 2085 legibus
1491 2021 1565 2084 aptet
1578 2029 1651 2070 eam.

235 2108 303 2163 Tam
317 2107 388 2164 hene
403 2125 483 2180 quem
498 2117 609 2179 superat
622 2110 679 2165 sola
695 2110 758 2165 boni
774 2110 877 2180 pietas}
1049 2100 1139 2156 Rebus
1154 2101 1181 2153 in
1196 2101 1329 2167 obsculis,
1345 2101 1434 2156 dubiis
1449 2118 1568 2174 quoque.
1584 2111 1656 2158 ceria
1672 2103 1805 2175 requini,

200 2196 235 2250 lt
249 2203 286 2261 te,
303 2195 420 2262 Christe,
435 2197 524 2252 Deum
536 2213 653 2253 noscens
668 2197 733 2252 dum
748 2197 836 2268 diligit
850 2197 930 2264 ultro,
1084 2187 1203 2244 Consilio
1218 2188 1333 2244 stallum
1350 2189 1443 2261 Sitque
1459 2190 1574 2246 0800008
1588 2190 1676 2264 legal·

236 2282 303 2352 Quae
318 2284 424 2354 spernis
439 2285 553 2354 spernit,
570 2302 631 2357 qum
645 2285 739 2339 statuis
754 2286 854 2351 statuit,
1047 2275 1114 2344 Qum
1129 2277 1262 2347 scriptura
1282 2286 1380 2341 tamen,
1401 2288 1557 2335 sanctornm
1572 2287 1599 2334 et
1612 2280 1696 2347 dicta,
1713 2296 1844 2353 perennes

201 2371 237 2425 Se
253 2370 301 2425 tibi
314 2372 485 2427 committens
499 2373 528 2427 in
541 2382 567 2427 te
583 2381 629 2428 tua
644 2373 725 2428 rerba
739 2382 859 2439 veretur,
1081 2365 1168 2436 teges
1183 2365 1314 2420 duxerunt
1327 2365 1401 2420 nulla
1415 2367 1531 2422 molesta
1546 2366 1643 2422 lerant.

237 2459 315 2515 Nune
330 2467 357 2515 et
370 2460 398 2514 in
412 2468 543 2516 aeternum
556 2468 639 2531 tuque
653 2469 728 2516 tuere
743 2468 819 2516 tuum
1046 2452 1093 2507 Cui
1110 2453 1174 2525 quia
1188 2453 1327 2522 subjicitur
1339 2455 1460 2527 regionis
1475 2454 1622 2526 episcopus
1635 2456 1739 2524 omnis,

546 2603 559 2618 Ἰ
627 2604 634 2617 .
1080 2540 1119 2595 Sit
1133 2540 1241 2595 humilis
1255 2541 1359 2608 humili,
1376 2542 1410 2596 sit
1422 2542 1528 2614 rigidus
1543 2543 1653 2616 rigidis.

494 2602 703 2659 0000000000·
1047 2628 1134 2683 Corde
1150 2645 1264 2684 manens
1277 2629 1360 2696 mitis,
1378 2630 1437 2685 zelo
1452 2630 1487 2685 sit
1502 2629 1636 2700 fervidus,
1652 2640 1737 2706 atque

199 2732 259 2789 Hoc
270 2732 318 2786 tibi
332 2732 366 2788 de
382 2731 466 2802 titulo,
479 2732 589 2802 juvenis
606 2734 750 2791 llincmare
764 2735 906 2803 sacerdos,
1082 2716 1219 2772 Sollicitus
1233 2726 1323 2774 000000
1337 2734 1398 2789 0000
1413 2734 1531 2774 0000000
1546 2727 1688 2787 statuunt3

234 2820 411 2891 despondere
425 2821 491 2874 mibi
507 2822 633 2877 convenit
647 2831 706 2878 arte
720 2823 789 2893 pari.
1046 2805 1156 2873 0000000,
1173 2821 1281 2871 00000οι
1299 2821 1441 2876 00050000,
1456 2814 1573 2879 000000οι
1591 2816 1619 2863 00
1633 2815 1726 2876 00005,

198 2908 240 2963 Ne
254 2908 302 2962 tibi
319 2909 357 2963 sis
370 2909 478 2979 sapiens
490 2909 611 2978 multum,
637 2912 709 2981 quod
734 2920 818 2967 emeat
837 2913 993 2979 homonem,
1080 2894 1114 2947 00
1128 2893 1187 2949 0000
1202 2895 1356 2961 00000000ου
1373 2903 1469 2965 000000
1483 2896 1591 2968 000000
1607 2896 1690 2953 000οῙ
1707 2915 1714 2952 ²

233 2995 338 3069 Collige
353 2997 387 3051 de
402 2996 473 3054 veris
487 2998 546 3053 hmo
560 3005 606 3053 tua
619 2996 680 3055 licta
694 2998 761 3066 fore,
1045 2980 1120 3036 lllius
1134 2981 1161 3034 in
1176 2982 1279 3037 eunetis
1294 2999 1403 3054 semper
1417 2983 1606 3040 moderamina
1620 2984 1724 3042 fratres

198 3082 273 3139 Sicut
287 3091 314 3139 et
327 3085 387 3155 ipsa
401 3084 440 3138 tui
453 3085 603 3156 primordia
618 3087 744 3142 carminis
759 3103 820 3143 esse
1007 3049 1032 3112 G
1081 3070 1255 3140 0000000000,
1273 3071 1342 3126 00000
1357 3071 1451 3144 000000
1466 3080 1559 3128 000000
1573 3073 1668 3131 00000·

231 3172 311 3228 (qm
326 3172 513 3228 demonstrant
528 3174 660 3246 degeneri
673 3191 785 3247 genere·
1044 3158 1078 3213 Ut
1090 3166 1169 3228 pater
1182 3166 1208 3213 et
1223 3157 1320 3214 iratres
1332 3160 1470 3215 charitatis
1484 3160 1599 3216 nexibus
1615 3178 1702 3218 unum

195 3260 321 3332 Namque
336 3260 488 3332 pitatiolum
502 3268 598 3317 neutro
613 3262 707 3319 dixere
720 3263 836 3335 priores,
1080 3246 1109 3300 ln
1123 3245 1231 3302 Christo
1246 3246 1320 3315 lacti,
1337 3248 1484 3303 schismata
1498 3247 1571 3303 nulla
1585 3248 1663 3315 lient,

229 3348 264 3402 Ep
277 3357 357 3420 eaput
373 3349 424 3405 1¹00
439 3349 572 3423 languens
588 3358 685 3406 ewa
700 3352 771 3407 qm
786 3353 876 3409 4100qu
1044 3333 1182 3407 Angelicae
1196 3344 1285 3390 sortes
1299 3335 1369 3391 ooelo
1384 3352 1447 3391 nam
1461 3336 1579 3393 culmine
1593 3348 1741 3411 praestant,

194 3436 263 3505 Quae
277 3437 430 3508 compilasti
446 3439 521 3495 vario
535 3454 584 3509 pro
600 3447 721 3510 tempore
735 3448 761 3496 et
776 3449 836 3497 actu
1079 3422 1237 3493 50000000
1251 3423 1310 3478 0000
1325 3425 1421 3479 000000
1435 3426 1598 3498 00000000ον

229 3525 343 3581 Condita
358 3526 391 3581 de
406 3526 500 3582 verbis
513 3526 587 3583 sedis
601 3527 768 3598 apostolicae,
1043 3510 1119 3566 Unde
1134 3512 1306 3567 sacerdotum
1322 3521 1428 3568 constat
1442 3514 1579 3571 distinctio
1593 3524 1683 3583 certa,

192 3613 321 3670 Conciliis
337 3614 418 3669 certis
432 3631 595 3686 praeponens
610 3616 781 3682 tabescam,
1078 3600 1111 3654 00
1127 3600 1219 3654 000000
1234 3600 1350 3672 0000000
1364 3602 1433 3658 0000
1447 3603 1519 3673 0080
1534 3603 1637 3660 000000·

229 3702 277 3757 Cui
291 3703 379 3759 bonus
394 3702 528 3772 interpres
543 3703 659 3773 Spiritus
673 3705 760 3759 almus
777 3707 854 3761 abest
1042 3686 1160 3743 0000000
1175 3688 1296 3744 00000000
1311 3697 1357 3745 000
1372 3699 1465 3757 000000
1480 3691 1507 3745 00
1523 3706 1640 3763 0000000
1656 3700 1725 3759 0000.

192 3789 246 3845 Cor
262 3789 369 3861 lugiens
384 3788 486 3855 lictum,
503 3790 575 3860 quod
590 3791 732 3862 disciplina
747 3793 863 3848 salubris
1078 3774 1145 3843 0000
1159 3777 1262 3832 0000000
1277 3777 1354 3832 00000
1369 3777 1464 3833 000000
1479 3780 1607 3850 0000000·

150 3878 159 3899 ’
229 3877 290 3931 Non
304 3877 382 3948 regit,
400 3886 482 3947 atque
499 3877 578 3932 simul
594 3894 655 3948 quae
670 3886 715 3934 tun
727 3888 790 3935 vota
804 3890 924 3937 vomunt.
1042 3863 1215 3936 (0000000000
1230 3881 1327 3920 000500
1339 3882 1438 3937 000000
1451 3866 1561 3925 0000000
1575 3870 1715 3941 00000000

194 3963 327 4035 Congruit
340 3963 412 4019 unde
425 3964 474 4019 tibi
488 3966 597 4035 sapiens
612 3967 684 4037 quod
700 3967 806 4025 dixerat
821 3970 895 4036 olim,
1076 3953 1204 4024 Ι00000000
1220 3954 1271 4009 000
1287 3955 1393 4010 0000000
1405 3956 1528 4024 00000000
1542 3956 1681 4024 0000000οι

229 4052 289 4106 Non
306 4057 414 4107 tenuem
428 4067 539 4107 gensum
554 4062 648 4109 vente,
662 4055 762 4110 obesus
779 4058 869 4114 habet,
1041 4041 1123 4111 Cujus
1138 4056 1191 4095 non
1206 4042 1305 4096 metuis
1319 4051 1482 4114 postponere
1497 4044 1571 4100 dicta
1586 4049 1743 4115 tremenda,

194 4140 228 4195 Et
241 4154 319 4193 mens
332 4138 424 4196 inllato
438 4157 521 4195 sensu
536 4141 653 4198 distenta
667 4143 760 4199 ridere
1077 4131 1190 4200 Ι000000
1204 4129 1260 4200 0000
1275 4139 1382 4186 0000000
1397 4147 1529 4188 00000000
1544 4134 1633 4204 00000»

228 4227 313 4282 Noxia
328 4237 406 4300 gesta
420 4228 521 4300 nequit,
539 4245 598 4300 quae
614 4239 703 4286 tanxerx
717 4233 777 4303 ipsa
790 4235 870 4306 gerit.
1040 4217 1125 4289 00000
1139 4218 1234 4288 000001
1250 4218 1332 4274 00000
1347 4235 1465 4290 0000000
1482 4220 1530 4275 000
1545 4222 1659 4293 0000000
1674 4239 1758 4282 00000

192 4316 261 4372 lline
274 4315 342 4371 alios
356 4317 437 4387 gestit
452 4333 561 4389 semper
575 4319 692 4376 clamare
706 4330 846 4392 nocentes,
1075 4306 1213 4378 0000000οι
1231 4315 1258 4363 00
1273 4323 1381 4379 0000000
1395 4325 1456 4381 000
1472 4323 1523 4364 000
1537 4317 1601 4366 0000
1615 4311 1740 4370 0000000·

228 4405 317 4477 Seque
333 4413 408 4477 putat
419 4406 558 4475 mundam,
575 4407 598 4461 si
615 4408 713 4463 nitidos
727 4410 852 4466 maculat.
1004 4392 1094 4462 DQui
1110 4410 1157 4449 000
1173 4404 1214 4449 000
1227 4397 1331 4461 00010οι
1349 4412 1417 4468 0000
1433 4413 1506 4453 00000
1521 4399 1652 4470 00000000
1667 4402 1764 4471 00000,

191 4497 225 4550 xi
240 4510 289 4551 eor
302 4495 457 4561 contritum,
471 4496 588 4550 nomino
602 4495 735 4566 praecone
750 4515 858 4565 munus,
1074 4482 1155 4551 Cuius
1170 4491 1232 4538 sunt
1248 4482 1311 4539 nce
1326 4493 1421 4555 sponte
1437 4502 1487 4542 ⁵⁰²
1502 4487 1599 4559 genter.

227 4584 279 4638 Dat
293 4583 361 4637 mela
377 4590 475 4639 cuneta
491 4583 551 4651 sibi,
568 4585 614 4638 dat
629 4584 701 4638 bona
716 4595 814 4641 concta
829 4588 896 4642 beo.
1037 4571 1161 4642 0000000
1177 4572 1250 4642 quod
1265 4572 1333 4627 00000
1348 4574 1537 4646 000000000000
1554 4577 1607 4631 000
1620 4579 1667 4635 000
1680 4589 1757 4652 000οι

190 4671 239 4737 Tu,
255 4670 363 4743 fugiens
378 4671 495 4742 culpam,
513 4671 620 4742 culpam
636 4672 810 4728 nibilominus
826 4675 914 4741 addis,
1073 4659 1172 4714 000000
1183 4660 1374 4731 00000000000
1390 4661 1475 4718 00000
1489 4664 1669 4734 00000000οῙ0
1685 4685 1692 4721 ²

226 4758 360 4814 Innocuos
374 4777 490 4832 carpens
505 4760 630 4816 conscius
647 4759 718 4815 unde
733 4761 791 4816 tibi.
1037 4745 1104 4815 0000
1114 4749 1173 4803 000
1188 4748 1297 4820 0800000
1314 4765 1374 4819 0000
1389 4757 1416 4804 00
1432 4758 1457 4805 00
1471 4767 1553 4807 00000
1570 4751 1694 4811 00000000

191 4844 310 4900 lior-ibus
324 4854 351 4900 et
364 4847 440 4902 laetis
456 4857 580 4921 turgens,
597 4858 624 4902 ut
638 4863 763 4918 corpore.
781 4852 874 4913 corde,
1073 4839 1125 4890 000
1141 4835 1187 4889 000
1204 4844 1265 4890 0000
1280 4836 1330 4891 000
1344 4838 1454 4910 000000
1467 4854 1584 4912 00000100
1600 4843 1680 4898 0000

226 4932 341 4988 moggus
355 4944 434 5005 atque
450 4937 531 4991 nimis
546 4936 644 4993 diceri,
659 4952 706 4991 ore
722 4937 798 4992 10ng
1036 4925 1140 4995 Nempe
1155 4924 1225 4979 sacri
1235 4940 1364 4990 canones,
1381 4942 1432 4982 nee
1447 4942 1501 4982 non
1516 4936 1542 4983 et
1556 4930 1673 4987 Romula
1686 4931 1771 4999 dieta,

190 5020 304 5077 piscem
319 5021 365 5092 qur
378 5024 477 5090 mappis,
495 5025 559 5080 ,qum
574 5035 598 5081 ιο
614 5033 733 5099 gestare,
748 5026 775 5080 jn
790 5027 861 5093 alvo,
1073 5016 1112 5068 ile
1126 5012 1202 5085 leges
1216 5013 1342 5080 clamant,
1359 5015 1484 5071 omnibus
1500 5025 1582 5089 atque
1596 5018 1693 5090 liquet,

228 5111 363 5180 Rumpere
379 5124 433 5163 non
448 5112 539 5181 quisti,
556 5130 626 5169 nunc
642 5115 747 5169 laniare
762 5115 847 5186 cupis.
1036 5100 1199 5170 000000ονοῑ
1209 5102 1325 5174 00000οι
1338 5104 1484 5175 0010000ον
1495 5105 1683 5181 000000000οι
1693 5108 1835 5182 00000000

190 5198 269 5254 Parte
282 5197 326 5270 pie
342 5197 462 5263 suboles,
479 5199 612 5256 donorum
627 5202 708 5257 oblita
724 5204 855 5273 parentis,
1705 5195 1803 5270 [ipsam

225 5286 291 5352 Qum
306 5294 332 5340 te
345 5285 475 5340 nutritam
491 5285 553 5340 lecit
569 5287 671 5344 bonore
686 5306 802 5346 sacram.
1071 5277 1197 5348 00000οῑ
1212 5279 1306 5335 000000
1320 5295 1375 5335 000
1388 5281 1496 5338 0000000
1511 5296 1592 5354 0080,

190 5371 250 5425 Non
265 5389 323 5442 rex,
339 5382 367 5427 ut
382 5374 461 5440 dieis,
478 5383 619 5444 surreptus
634 5377 736 5432 nisibus
750 5380 820 5444 ullis,
1035 5374 1069 5429 El
1082 5374 1153 5446 (1000,
1169 5392 1273 5448 proque
1287 5378 1385 5449 quibus
1398 5379 1491 5434 sedem
1506 5379 1683 5449 0000000000
1698 5382 1784 5453 illam,

227 5460 266 5516 lle
281 5468 306 5515 te
321 5461 415 5531 rejecit
428 5479 490 5535 qnae
506 5462 575 5517 bene
592 5471 653 5516 nota
668 5473 748 5520 tenet.
1071 5470 1173 5526 l'inciri
1188 5472 1264 5528 nullo
1277 5472 1376 5530 debeat
1390 5475 1424 5529 ab
1437 5474 1558 5533 bomine.
