3794 6104
186 237 219 288 63
664 225 840 282 'lllNClltllll
854 212 1055 276 nddnddsts
1070 208 1343 267 ARCHlEPlSCOPl.
1798 204 1832 256 bl

188 367 229 414 ter
248 359 366 430 idipsum
396 356 582 421 sentientibus,
611 355 706 411 sedem
727 349 904 423 apostolicam
926 358 982 399 non
997 336 1202 401 Asalubritatis
1215 335 1346 390 rationem
1362 331 1581 389 voblsmandare
1596 345 1651 386 non
1680 328 1771 383 valeo.
1798 329 1834 383 lit

186 445 234 502 luit
248 447 434 503 necessarium
444 445 592 517 appellare.
609 442 712 498 Idcirco
735 435 891 509 hujusmodi
904 433 982 506 lega-

189 543 255 601 tum,
271 536 317 606 qui
332 551 423 591 ineam
447 534 523 590 vobis
542 539 739 604 repraesentans
755 539 911 599 personam,
932 538 982 592 eug

186 624 339 696 juscunque
368 624 476 679 diversa
504 620 643 677 sentientis
673 614 892 690 allegationibus,
923 626 983 682 quae

189 713 271 767 modo
293 712 375 768 nullm
395 720 466 778 sunt,
487 710 674 781 responderet,
698 715 725 761 et
746 713 864 761 vestram
886 699 983 756 exinde

189 799 378 856 diffinitionem
391 799 512 864 referret,
529 798 609 853 omisi
623 796 754 868 dirigere,
770 793 834 866 quia
845 805 905 863 quae
920 805 983 844 xer·

190 888 233 943 bis
247 897 275 943 et
289 889 397 958 scriptis
410 888 474 941 milti
496 903 546 957 per
561 886 643 941 istum
659 882 817 956 religiosum
845 875 983 947 archiepi-

190 992 303 1048 scopum
317 975 414 1031 exinde
430 974 570 1046 sequenda
585 982 667 1045 atquc
682 964 984 1027 tenendamandareri-

189 1064 233 1133 tis,
250 1080 298 1134 pro
314 1064 382 1118 scire
398 1072 424 1118 et
438 1079 520 1134 posse
536 1063 647 1119 obedire
658 1069 684 1116 et
697 1073 861 1115 conservare
870 1053 982 1118 curabo,

190 1152 258 1207 sicut
273 1152 403 1207 hactenus
417 1168 459 1218 ea,
476 1168 537 1222 quae
553 1151 615 1205 iude
630 1150 734 1204 lucrant
748 1152 848 1201 statuta
866 1152 892 1199 et
916 1158 984 1199 con-

189 1239 304 1306 firmata,
325 1240 446 1295 servavi.
474 1241 532 1294 Nec
555 1254 638 1294 causa
660 1233 851 1292 inobedientiae
871 1231 985 1286 missum

189 1342 257 1382 meae
273 1327 436 1382 subditionis
448 1343 509 1382 cum
530 1327 583 1382 lroc
603 1312 758 1380 venerando
779 1320 985 1391 archiepiscopo

120 1412 123 1421 ‘
188 1415 280 1471 dimisi
293 1415 477 1470 transmittere
492 1433 498 1468 :
514 1415 563 1470 sed
578 1414 638 1486 quia
654 1414 693 1468 sic
715 1410 833 1466 intellexi
847 1409 875 1464 in
889 1406 986 1462 litteris

190 1511 287 1558 sestrae
301 1503 466 1558 auctoritatis
480 1504 624 1568 contineri,
637 1510 702 1556 tunc
722 1501 820 1565 solum,
843 1505 872 1553 ut
892 1495 984 1551 serbis

1034 428 1093 483 alic
1107 441 1206 481 mana.
1222 425 1296 479 Deus
1311 422 1483 494 omnipotens
1504 419 1675 475 sanctitatem
1699 424 1831 484 vestram,

1032 516 1066 569 ad
1082 513 1231 570 doctrinam
1246 520 1273 568 et
1287 510 1484 567 correctionem
1499 516 1600 564 sanctae
1615 523 1672 562 sum
1687 505 1832 573 Ecclesiae,

1033 603 1060 658 in
1075 619 1124 658 suo
1145 609 1208 673 apto
1227 600 1337 656 servitio
1357 616 1407 671 per
1429 612 1562 653 annorum
1583 594 1670 650 multa
1694 593 1833 650 curricula

1033 705 1199 747 conservare
1214 688 1350 762 dignetur,
1375 687 1483 742 domine
1507 684 1677 741 sanctissime
1700 690 1728 738 et
1753 698 1832 736 rere-

1032 778 1187 834 tentissime
1200 777 1309 832 Patrum
1325 777 1405 831 Pater
1418 775 1445 829 in
1462 774 1587 830 Domino.
1610 774 1680 827 Data
1699 770 1832 826 Kalendis

1034 865 1185 938 Septemb,
1204 864 1297 921 indict.
1315 880 1372 918 xxx.

1299 968 1469 1025 EPISTOLA
1493 969 1563 1023 Vlll.

1094 1076 1130 1116 an
1149 1075 1292 1116 netnoxen
1311 1072 1550 1113 aneutarrscormt
1570 1069 1771 1110 sesosnxsmt.

1035 1153 1150 1206 nomem
1162 1149 1278 1204 euntem
1293 1148 1413 1202 instruit
1427 1146 1460 1200 de
1475 1147 1511 1200 iia
1524 1161 1585 1217 quia
1598 1144 1631 1198 in
1640 1143 1745 1214 synodo
1755 1147 1834 1214 pcata

1069 1221 1180 1276 suntin
1193 1236 1280 1274 carisa
1295 1217 1416 1288 l'alscdt',
1429 1221 1457 1272 et
1467 1214 1701 1288 queamdmodum
1716 1214 1749 1267 in
1767 1213 1833 1271 Urbe

1069 1307 1164 1363 qcrerc
1180 1306 1209 1344 sc
1224 1290 1330 1344 debeat.

1303 1393 1393 1466 (Apud
1417 1393 1567 1463 eumdem.)

1071 1504 1245 1567 ercuxnns
1259 1501 1368 1556 nomine
1389 1515 1443 1553 non
1466 1498 1562 1554 merito
1584 1497 1751 1553 Rhemorum
1774 1498 1834 1568 epi-

190 1606 286 1646 earum
301 1600 371 1657 ulai,
387 1591 410 1646 Si
434 1591 656 1663 disceptantibus,
673 1587 853 1645 V01f0ll³⁵⁸i⁵
868 1585 922 1641 alid
942 1593 986 1638 ssl-
1037 1606 1146 1662 scopus,
1163 1605 1196 1645 ac
1210 1589 1298 1660 plebis
1312 1588 1363 1644 Dei
1378 1587 1505 1653 famulus,
1522 1585 1697 1642 sanctissimo
1711 1592 1738 1639 et
1753 1601 1832 1641 rexe-

178 1680 244 1752 'qne
257 1678 309 1734 alia
323 1680 533 1736 decernentibus
557 1679 645 1747 uobis,
662 1677 767 1749 prelati
781 1675 878 1744 dejecti
892 1673 985 1729 sedem
999 1695 1026 1754 Β
1038 1679 1193 1734 rentissimo
1203 1680 1321 1733 Ecrnoxr
1337 1675 1553 1745 archiepiscopo.
1570 1682 1597 1728 et
1620 1673 1783 1728 charissimo
1804 1688 1836 1729 ec

191 1767 388 1839 appellaverint
402 1768 591 1838 apostolicam,
608 1767 705 1836 atejus
721 1763 832 1836 speciali
843 1779 872 1819 se
883 1761 986 1831 judicio
1036 1767 1159 1822 unanimi
1175 1774 1255 1837 utque
1271 1764 1402 1819 tidissimo
1425 1763 1501 1830 mihi,
1527 1762 1673 1833 plurimam
1694 1762 1723 1816 in
1743 1761 1835 1817 Salia·

191 1855 368 1912 damnarivel
382 1856 487 1911 absolvi
502 1855 636 1926 petierint,
662 1855 685 1908 si
707 1869 769 1925 ego,
792 1852 834 1908 vel
851 1851 873 1905 si
896 1849 988 1904 Valla·
1035 1864 1095 1911 tore
1115 1855 1240 1910 sulutem,

190 1943 251 2012 dus,
269 1953 314 1999 aut
328 1944 395 1999 socii
410 1945 478 2012 eius,
490 1944 523 1998 ad
543 1959 593 2000 sos
608 1942 703 1999 tenire
718 1958 766 2013 per
778 1956 829 1995 nos
844 1954 898 1993 non
923 1952 986 2009 pos·
1073 1943 1181 2012 Quanta
1197 1942 1294 1998 fiducia
1318 1950 1406 1998 restra
1429 1949 1490 1996 utar
1517 1941 1664 1997 dilectione
1686 1955 1720 1996 ex
1749 1947 1836 1995 vestra

191 2047 293 2098 semus,
308 2032 425 2086 sicarios
440 2039 547 2086 nostros
562 2032 595 2086 ad
617 2031 671 2086 hoc
692 2029 831 2102 negotium
850 2025 986 2081 ventilan-
1036 2040 1126 2087 mente
1141 2048 1257 2103 pensare
1272 2031 1395 2102 potestis.
1412 2031 1473 2085 Nou
1496 2030 1568 2084 enim
1592 2028 1671 2083 aliter
1694 2028 1722 2082 iu
1747 2036 1835 2083 mente

190 2118 254 2173 dum
269 2127 295 2174 et
309 2118 468 2185 finiendum,
485 2121 555 2175 mox'
570 2128 631 2190 post
651 2124 868 2174 consummatum
892 2113 987 2169 conci-
1037 2136 1097 2176 mea
1112 2127 1261 2185 sostenen,
1278 2135 1360 2190 quarn
1376 2135 1419 2173 mc
1432 2117 1546 2172 alterum
1571 2116 1693 2187 exceptis
1714 2116 1836 2187 peccatis

191 2207 255 2262 lium
271 2223 309 2263 xv
317 2208 433 2263 Kalend.
446 2208 614 2279 Septembris
622 2206 764 2278 praesentis
775 2221 823 2259 xtx
832 2201 988 2258 indictionis
1037 2209 1115 2264 meis,
1131 2207 1307 2278 Quapropter
1323 2207 1392 2262 sieut
1406 2206 1434 2259 in
1449 2205 1527 2260 uobis
1543 2213 1569 2259 et
1583 2204 1617 2258 de
1627 2202 1832 2270 sobiseonfido,

192 2295 351 2352 auctoritate
367 2305 458 2351 vestra
474 2296 628 2362 collectum,
645 2303 753 2350 nostras
776 2298 987 2363 prmsentaturos
1038 2305 1065 2351 et
1078 2297 1147 2351 sictut
1163 2296 1240 2350 vobis
1255 2303 1281 2349 et
1295 2311 1343 2365 pro
1359 2294 1437 2350 uobis
1461 2293 1488 2347 in
1509 2291 1635 2348 erunibus
1656 2309 1718 2347 esse
1746 2293 1835 2363 cupio,

192 2383 271 2438 vobis
284 2398 427 2454 personas,
443 2383 545 2438 nullam
560 2383 668 2453 penitus
691 2382 893 2437 excusationem
914 2394 987 2448 prae-
1038 2385 1075 2439 ita
1090 2400 1212 2454 erganre
1243 2383 1270 2437 in
1291 2383 1418 2437 omnibus
1443 2381 1514 2436 sitis.
1541 2381 1675 2436 Caeterum
1696 2382 1837 2452 exemplar

191 2470 345 2537 tendentes,
362 2471 471 2542 utrique
485 2470 625 2526 adsedem
641 2470 712 2524 beati
728 2470 798 2524 Petri
808 2471 985 2526 mitteremus.
1038 2472 1160 2543 epistolae
1174 2471 1266 2526 domni
1281 2471 1424 2541 apostolici
1440 2471 1615 2525 addomnum
1623 2469 1837 2540 Carolum,quod

191 2559 268 2615 Unde
284 2558 417 2630 supplice,
434 2567 462 2613 ut
477 2575 585 2614 merear
597 2559 698 2628 scripto
712 2558 775 2613 ltinc
794 2567 914 2613 vestram
933 2558 987 2614 dil-
1038 2577 1093 2616 non
1107 2560 1266 2624 mandastis,
1294 2559 1343 2613 scd
1363 2568 1389 2613 et
1411 2558 1550 2629 exemplar
1573 2557 1697 2628 epistolae
1705 2558 1774 2611 milri
1797 2557 1837 2612 di-

191 2645 482 2718 lmitionemrecipere,
499 2663 580 2719 quam
594 2655 707 2718 paratus
726 2663 797 2711 sum,
819 2657 847 2702 ut
871 2655 986 2718 oportet.
1038 2658 1129 2715 rectae,
1147 2649 1215 2703 sicut
1229 2647 1295 2702 mihi
1311 2646 1469 2708 mandastis,
1486 2646 1624 2702 dilectioni
1637 2653 1838 2702 restraetrans·

194 2735 319 2790 obnixius
331 2737 489 2792 observare.
506 2735 651 2791 Gestorum
666 2744 757 2790 autem
771 2734 871 2790 seriem
885 2737 920 2792 de
930 2753 988 2792 om·
1038 2738 1123 2792 mitto.
1147 2736 1298 2807 Exemplar
1321 2743 1408 2789 autem
1429 2734 1561 2805 epistola,
1586 2751 1646 2806 quae
1667 2733 1839 2790 uniformiter

192 2823 272 2878 nibus
300 2839 362 2895 quae
389 2824 417 2878 in
444 2824 560 2879 concilio
591 2823 686 2889 relata,
715 2823 878 2889 examinata,
908 2831 988 2895 atque
1038 2841 1088 2895 per
1103 2824 1324 2894 archiepiscopos
1339 2823 1416 2877 istius
1431 2823 1508 2894 regni
1522 2823 1624 2877 directa
1639 2830 1691 2888 est,
1717 2838 1768 2878 vos
1792 2824 1838 2877 lia-

190 2917 297 2982 reperta
309 2920 380 2978 suut,
396 2927 458 2982 quae
471 2911 541 2967 sicut
554 2911 710 2966 veneranda
720 2911 830 2966 decreta
859 2919 987 2979 statuunt,
1038 2913 1118 2981 betis,
1135 2913 1192 2967 sine
1208 2928 1260 2983 qua
1275 2912 1315 2966 ire
1338 2927 1393 2966 non
1414 2910 1529 2966 debetis.
1555 2910 1630 2965 lditto
1654 2910 1737 2965 etiam
1761 2911 1839 2966 vobis

190 2998 348 3054 discretioni
362 3007 461 3055 vestrae
475 2999 557 3071 dirigi
572 2998 752 3071 praecepistis,
773 3006 801 3053 ut
824 3016 884 3071 quae
913 3000 987 3054 salu·
1039 3000 1155 3071 capitula
1179 3001 1205 3054 in
1229 2999 1327 3070 quibus
1349 3014 1456 3054 summa
1479 2998 1630 3054 continetur
1653 2998 1688 3054 de
1713 2998 1840 3054 omuibus

190 3086 250 3141 bria
264 3086 649 3143 videbunturcorroborentur
662 3105 669 3140 ;
681 3087 703 3140 si
716 3086 782 3142 sorte
793 3086 884 3158 aliqua
895 3046 1024 3159 super·C
1043 3089 1175 3160 epistolis,
1191 3105 1257 3160 quas
1271 3103 1321 3157 pro
1337 3087 1389 3142 ista
1403 3087 1572 3143 causauobis
1582 3086 1709 3141 omnibus
1723 3088 1840 3142 domnus

191 3182 254 3229 sunt
269 3175 391 3246 epistclae
414 3176 557 3247 synodali,
572 3192 632 3248 qum
646 3175 763 3231 debeant
776 3176 926 3246 explanari,
949 3176 993 3232 hic
1043 3175 1208 3247 apostolicus
1224 3175 1305 3230 misit.
1321 3177 1355 3229 Et
1370 3191 1483 3229 necesse
1498 3174 1575 3230 uobis
1591 3175 1642 3229 crit
1655 3182 1684 3229 ut
1705 3175 1767 3245 ipsa
1791 3190 1839 3231 ca-

189 3264 362 3319 venerandus
377 3279 409 3321 ac
424 3264 578 3336 religiosus
591 3263 743 3320 sanctitatis
758 3272 856 3319 vestrae
871 3264 992 3320 devotis·
1045 3263 1126 3334 pitula
1145 3264 1215 3318 bene
1238 3263 1348 3335 cognita
1366 3262 1500 3328 habeatis,
1525 3270 1552 3317 et
1572 3262 1702 3317 memoria
1728 3263 1841 3317 teneatis

189 3350 275 3406 simus
289 3350 371 3418 filius,
388 3360 414 3408 et
429 3352 567 3408 unanimis
588 3352 673 3408 trater
694 3367 727 3407 ac
747 3352 929 3408 consacerdos
944 3369 993 3408 no·
1044 3369 1105 3425 qum
1120 3351 1235 3423 sparsim
1249 3351 1278 3405 in
1292 3351 1359 3422 ipsis
1374 3351 1495 3422 epistolis
1515 3351 1698 3417 continentur,
1716 3359 1745 3405 ut
1761 3351 1784 3405 si
1802 3351 1840 3405 illi

189 3446 246 3495 ster
260 3440 342 3513 Egilo
356 3441 592 3513 archiepiscopus,
607 3440 687 3512 plena
707 3440 838 3513 fidelique
862 3441 993 3497 relatione
1044 3456 1112 3514 quos
1127 3440 1202 3496 scitis
1223 3456 1299 3495 more
1314 3455 1363 3495 suo
1379 3456 1426 3493 sua
1441 3440 1512 3494 dicta
1535 3438 1674 3494 involvere
1693 3439 1838 3507 voluerint,

187 3529 343 3599 apostolicae
358 3530 513 3586 auctoritati
535 3538 632 3586 vcsttae
655 3530 759 3601 poterit
780 3530 942 3601 patefacere,
968 3538 995 3585 ot
1043 3529 1165 3585 habeatis
1181 3529 1321 3584 veritatem
1342 3545 1422 3600 quam
1446 3528 1498 3581 illis
1521 3527 1688 3597 respondere
1718 3528 1839 3598 possitis.

189 3616 259 3672 sicut
281 3634 314 3673 ea
336 3619 396 3673 visu
419 3626 446 3674 et
472 3618 566 3674 auditu
591 3618 727 3689 comperit
749 3635 781 3674 ac
803 3619 994 3689 episcopaliter
1044 3620 1085 3674 De
1099 3617 1207 3688 scriptis
1221 3616 1338 3689 denique
1353 3633 1413 3686 quaa
1426 3615 1536 3686 porrexi
1551 3615 1578 3669 in
1603 3615 1719 3686 synodo,
1732 3615 1766 3671 de
1782 3617 1842 3688 qui·

188 3705 301 3760 contulit
313 3706 448 3761 intimare.
465 3707 519 3763 Sed
534 3714 561 3761 et
584 3707 619 3761 de
652 3705 771 3776 praelatis
795 3707 923 3760 tratribus
945 3722 994 3761 no·
1044 3706 1094 3760 bus
1109 3704 1261 3759 mandastis
1274 3713 1302 3758 ut
1315 3704 1499 3759 discernerem
1514 3703 1537 3758 si
1547 3703 1624 3758 vobis
1634 3703 1667 3758 ad
1678 3705 1840 3773 portandum

189 3794 263 3856 stris,
280 3793 445 3848 Rhemomm
461 3793 592 3848 Ecclesiae
609 3792 682 3858 liliis,
701 3794 735 3846 alt
745 3794 842 3848 Ebone
857 3801 918 3864 post
942 3795 993 3848 da·
1043 3793 1200 3849 necessaria
1215 3792 1313 3855 lorent,
1329 3808 1382 3847 nou
1393 3792 1458 3845 urilri
1473 3792 1561 3846 visum
1572 3800 1613 3846 est
1627 3807 1677 3847 vos
1691 3792 1776 3846 ullam
1791 3793 1841 3848 ha-

188 3879 351 3950 positionem
367 3895 444 3933 suam
464 3880 604 3947 ordinatis,
633 3881 679 3951 qui
705 3880 774 3936 inter
794 3881 941 3936 canonicos
966 3891 993 3937 et
1045 3882 1109 3935 bere
1120 3881 1310 3936 necessitatem
1328 3881 1395 3934 :sed
1410 3880 1516 3935 ridetur
1529 3880 1605 3947 mibi,
1621 3880 1685 3951 quia
1693 3879 1717 3934 si
1731 3889 1842 3936 ostensa

189 3967 348 4032 monachos,
363 3968 482 4021 urbanos
497 3976 524 4022 et
542 3969 740 4039 parochianos,
767 3985 819 4022 una
840 3985 902 4025 cum
927 3969 993 4024 l'ul-
1043 3967 1141 4023 luerint
1156 3969 1305 4039 apostolico
1318 3978 1363 4023 ant
1377 3969 1515 4035 Romanis,
1532 3977 1562 4023 ut
1584 3968 1704 4039 aliquam
1732 3970 1842 4024 dubita·

190 4053 254 4109 lado
267 4055 339 4126 apud
353 4071 403 4111 nos
420 4071 475 4110 non
489 4064 551 4110 sunt
578 4057 695 4128 amplius
723 4072 804 4128 quam
828 4074 936 4127 norem,
960 4059 993 4114 de
1043 4058 1144 4113 tionem
1174 4057 1278 4129 possint
1307 4056 1407 4113 atierre
1439 4057 1540 4111 domno
1571 4057 1732 4127 apostolico,
1762 4059 1842 4129 quasi

190 4143 288 4215 quibus
304 4143 475 4198 sanctissima
491 4152 583 4199 vestra
608 4145 764 4214 paternitas
789 4146 855 4200 milri
874 4146 991 4216 scripsit,
1043 4146 1228 4202 contentiones
1245 4145 1314 4199 inter
1328 4143 1519 4200 nosfuerintin
1531 4145 1700 4199 restitutione
1719 4145 1840 4209 l'ulladi,

191 4239 221 4286 ut
235 4248 296 4286 cum
311 4231 470 4300 deiectionis
493 4249 549 4287 sum
573 4248 681 4288 causam
707 4235 801 4289 venire
823 4235 857 4288 ad
879 4250 993 4290 examen
1044 4243 1070 4290 et
1084 4250 1137 4288 una
1157 4250 1218 4289 cum
1231 4243 1321 4289 vestro
1335 4233 1473 4288 missatico
1488 4240 1616 4303 suspecta
1632 4233 1728 4304 synodi
1744 4244 1842 4289 etmea

192 4319 352 4390 optaverint,
379 4320 482 4374 nullum
505 4337 538 4375 ex
571 4322 613 4375 liis
637 4322 749 4393 quilibet
779 4323 993 4393 indignationem
1043 4323 1157 4393 epistola
1173 4322 1228 4384 liat.
1246 4323 1308 4377 inde
1324 4322 1433 4393 aliquod
1454 4322 1676 4391 impedimentum
1700 4329 1726 4376 ct
1749 4322 1842 4377 dilatio

192 4424 281 4463 meam
305 4408 446 4474 sustineat,
471 4408 574 4463 nullum
598 4410 633 4464 ad
655 4394 921 4482 coepta'pcragen'da
941 4427 990 4481 per
1004 4398 1076 4467 Dad
1090 4428 1123 4465 ea
1139 4428 1199 4481 quae
1212 4411 1407 4465 seniornoster
1422 4410 1474 4465 cito
1499 4410 1622 4464 obtinere
1642 4408 1699 4465 xult
1722 4410 1758 4465 de
1782 4410 1842 4480 ipso

192 4497 398 4571 suggestionem
412 4513 501 4553 nicam
515 4497 632 4568 patiatur
646 4499 858 4558 incommodum.
875 4499 991 4570 qualiter
1041 4499 1166 4553 l'ullado.
1184 4500 1217 4553 Et
1232 4508 1297 4569 puto
1312 4514 1365 4553 non
1388 4497 1544 4568 displicebit
1563 4498 1737 4570 quibusdam,
1756 4499 1777 4551 si
1789 4499 1842 4552 ali-

193 4602 236 4640 me
250 4594 330 4641 antea
350 4593 376 4641 et
391 4594 487 4656 postea
502 4600 566 4657 erga
582 4601 631 4640 eos
641 4587 732 4658 egisse
743 4586 883 4656 iusynodo
893 4587 991 4642 tratres
1041 4587 1402 4659 quaoccasiointerciderit,
1419 4586 1490 4641 unde
1506 4587 1538 4641 ad
1554 4585 1616 4641 illos
1632 4585 1667 4639 sit
1679 4585 1706 4640 ei
1727 4602 1842 4642 necesse

192 4681 219 4726 ot
233 4674 389 4745 coepiscopi
404 4674 489 4729 nestri
503 4689 627 4730 unacum
639 4690 671 4728 eo
681 4674 841 4744 repererint,
858 4674 992 4730 sullicien-
1041 4691 1193 4738 recurrere,
1210 4685 1237 4730 et
1251 4676 1320 4731 sicut
1336 4675 1400 4729 milri
1413 4676 1471 4743 jam
1486 4675 1643 4729 mandatum
1666 4682 1717 4740 est,
1747 4675 1842 4730 incre—

193 4767 235 4814 ter
255 4760 404 4832 dignationi
429 4772 526 4818 vestrm
549 4762 678 4833 praevalet
702 4777 842 4816 enarrare.
869 4762 991 4831 Quomm
1041 4763 1254 4834 scitopostolico
1269 4773 1295 4817 et
1311 4764 1440 4818 Romanis
1456 4770 1528 4816 tanta
1545 4762 1651 4834 legere.
1678 4764 1709 4816 ln
1738 4763 1842 4833 scripto

195 4846 331 4902 salubrem
347 4864 380 4904 ec
395 4851 561 4924 singularem
573 4858 673 4905 statum
689 4858 715 4904 et
727 4850 819 4919 cupivi
828 4857 854 4905 et
862 4851 953 4921 cupio,
966 4859 993 4906 et
1042 4852 1142 4925 quippe
1152 4851 1225 4922 quod
1240 4852 1356 4920 primum
1373 4850 1447 4915 dedi,
1470 4849 1537 4904 nihil
1557 4850 1630 4904 alitrd
1652 4850 1768 4920 habetur
1790 4852 1844 4905 uisi

195 4933 308 5007 quaesivi
324 4943 349 4989 et
364 4953 465 5007 quaero,
482 4947 508 4993 et
523 4956 636 5010 quornm
652 4937 796 5006 dejectioni
812 4938 948 5002 condolui,
967 4947 993 4993 et
1043 4942 1107 5012 quia
1122 4956 1174 5010 ego
1204 4955 1257 4994 uon
1282 4940 1411 5009 suspendi
1436 4939 1548 4994 eosdem
1566 4937 1662 4992 tratres
1684 4938 1718 4991 ab
1740 4937 1842 5007 oltlcio,

195 5022 277 5078 statui
291 5037 386 5078 eorum
401 5027 574 5097 congaudeo.
596 5030 635 5082 lle
648 5027 784 5100 Tetberga
794 5026 874 5082 etiam
885 5027 990 5098 regina,
1042 5046 1130 5101 neque
1142 5027 1272 5098 judicavi,
1289 5043 1377 5097 neque
1393 5041 1409 5080 a
1424 5027 1554 5099 gratillius
1581 5026 1773 5081 ecclesiasticis
1796 5043 1844 5082 eos

194 5113 266 5167 unde
282 5111 439 5166 sublimitati
454 5121 552 5168 restrae
563 5116 597 5169 ab
612 5116 761 5171 bumilitate
784 5130 846 5169 mea
867 5116 991 5170 mandari
1043 5118 1140 5186 dejeci,
1158 5133 1246 5187 neque
1260 5131 1322 5170 cnm
1334 5115 1470 5184 judicibus
1491 5131 1584 5170 eorum
1607 5114 1767 5185 subscripsi,
1794 5116 1845 5171 sed

195 5201 334 5273 rogastis,
363 5199 425 5272 quia
453 5200 608 5256 Lotltarium
627 5204 669 5258 vel
697 5205 784 5275 ipsam
816 5204 991 5275 Tetbergam‚
1043 5207 1165 5278 synodus
1198 5205 1388 5274 episcoporum
1419 5204 1536 5274 quinque
1573 5203 1784 5274 provinciarum,
1816 5212 1844 5258 et

197 5298 338 5360 postquam
352 5288 483 5344 arsenius
498 5292 671 5345 venerandus
686 5293 832 5364 episcopus
847 5301 874 5349 ct
893 5301 994 5347 sancta
1044 5294 1118 5365 quod
1132 5308 1182 5348 vos
1196 5292 1357 5364 regulariter
1368 5292 1431 5346 inde
1447 5291 1613 5355 inveniretis
1631 5307 1684 5363 ego
1694 5291 1753 5346 sine
1777 5308 1845 5347 cun-

196 5376 328 5432 llcclesiac
343 5379 471 5432 Romame
486 5376 687 5447 apocrisiarius,
701 5381 735 5434 ab
750 5382 883 5438 attiniaco
898 5380 994 5452 palatio
1043 5383 1161 5438 clatione
1181 5397 1310 5453 sequerer
1338 5382 1487 5436 secuudum
1515 5388 1637 5435 tenorem
1663 5380 1844 5450 epistolarum

198 5464 290 5519 domni
307 5465 393 5520 Caroli
408 5465 481 5538 regis
495 5463 610 5536 gloriosi
623 5467 752 5535 perrexit,
769 5486 823 5524 non
838 5469 903 5538 vidi,
914 5477 995 5525 certae
1044 5469 1147 5526 domini
1160 5470 1301 5541 apostolici
1318 5487 1324 5523 ε
1340 5469 1448 5524 undeet
1463 5468 1583 5540 synodus
1598 5476 1623 5522 et
1638 5484 1691 5539 ego
1706 5469 1841 5527 rationem
