3794 6104
185 238 238 294 3θῖ
638 237 809 292 fllNbeAlll
837 235 1038 292 attauahsts
1067 234 1342 292 Aflctttttt’tscort.
1788 240 1841 292 ³6⁸
1865 241 1869 248 ’

185 376 219 419 οι
227 361 366 417 amborum
378 375 516 418 consensu
526 361 652 432 conjugia
663 361 839 416 dissocianda
847 361 983 426 dicebant,
998 359 1094 418 Arum
1108 361 1258 431 principem
1273 377 1323 431 per
1337 362 1427 418 oblata
1451 363 1487 418 ab
1503 378 1536 418 eo
1551 363 1657 419 codicia
1674 381 1681 415 :
1703 364 1755 417 sed
1771 371 1800 417 et
1824 379 1842 418 a

185 448 390 506 contradicente
404 450 540 506 Domino:
560 450 634 518 Quod
649 452 721 505 Deus
737 451 891 521 conjurarit
903 451 982 505 ltomo
1034 447 1099 501 solis
1112 456 1173 503 ortu
1191 465 1276 520 usque
1303 451 1337 505 ad
1352 466 1490 519 oceasum,
1513 466 1563 521 per
1585 451 1693 505 litteras
1715 466 1792 520 suas,
1815 458 1842 506 et

183 554 242 594 non
256 535 369 610 separet
379 538 489 609 (Motth.
501 544 574 605 xxx).
588 535 668 592 Aliud
680 553 754 605 vero,
765 538 837 608 quod
848 537 983 607 baptisma
1032 551 1082 605 per
1098 537 1221 592 homines
1237 555 1305 609 quos
1321 539 1453 607 mittebat,
1463 540 1605 595 universos
1617 539 1842 610 perturbantem,

182 635 295 698 peccata
309 626 416 698 penitus
433 642 488 681 non
502 626 630 687 auferret,
649 641 711 681 cum
730 626 861 681 Dominus
886 625 958 681 dieat
974 641 980 678 :
1034 632 1059 679 et
1074 639 1090 678 a
1104 623 1158 679 fide
1174 642 1237 680 rera
1253 636 1454 699 segregantem,
1472 636 1498 683 et
1505 629 1579 697 juste
1594 637 1678 699 atque
1694 627 1842 683 rationabi-

189 715 241 785 Qui
256 716 329 770 lotus
339 719 391 780 est,
403 715 575 785 noniadipet
585 717 642 769 nisi
652 719 685 769 ot
694 715 776 784 pedes
788 716 870 777 lavet,
883 715 930 768 sed
941 717 984 768 est
1034 704 1095 763 liter
1109 726 1124 764 a
1139 709 1286 780 pontificali
1300 713 1392 768 habitu
1411 713 1587 778 denudatum,
1613 713 1772 767 nullatenus
1796 714 1841 768 di·

184 801 983 873 mandustetralicen.xxti).Tertimnrero,quiasideini·
1034 796 1095 851 vina
1122 799 1219 871 regula
1244 800 1278 854 de
1311 809 1411 856 caetero
1435 801 1546 872 suscipit
1570 801 1597 855 in
1624 801 1749 857 doctoris
1777 801 1844 856 sede

186 891 331 964 quitatibus
345 891 403 944 suis
418 891 478 960 quis
491 890 982 962 paenitentiamintrienniumageret,
1034 885 1168 950 residere,
1191 904 1225 941 ne
1241 904 1273 942 ex
1295 889 1348 943 hoc
1372 890 1492 959 propriae
1512 905 1568 944 suae
1591 890 1734 945 haereseos
1758 890 1844 945 multo

184 979 358 1050 postmodum
373 994 504 1050 perverse
519 979 611 1034 vivere
627 978 651 1034 ei
666 979 769 1041 liceret,
782 995 843 1033 cum
854 979 984 1048 seriptum
1031 972 1086 1040 jam
1102 975 1296 1031 recrudescere
1311 975 1392 1032 faciat
1410 970 1627 1048 intelligentiam,
1639 985 1666 1031 et
1677 975 1754 1041 fiant,
1765 978 1844 1047 juxta

185 1067 238 1124 sit:
252 1068 304 1135 Qut
312 1069 495 1137 baptizaturo
507 1070 625 1131 mortuo,
635 1069 773 1122 etiterum
788 1068 880 1137 trurpit
908 1083 981 1130 curn,

183 1155 368 1229 qoidproficit
378 1157 549 1225 lavatioejus
562 1158 573 1209 ,⁹
584 1155 681 1222 (dccli.
704 1161 818 1224 xxxxv).
832 1153 985 1223 Baptizatur

184 1260 253 1318 ergo
269 1259 286 1300 a
300 1251 419 1309 mortuo,
431 1243 564 1297 etiterum
576 1242 662 1314 tangit
673 1259 734 1295 enin
746 1242 790 1313 qui
802 1259 882 1312 prava
901 1257 985 1311 opera

188 1349 249 1405 quae
259 1348 289 1387 se
298 1332 389 1404 egisse
400 1330 521 1385 meminit
536 1330 724 1400 deplorat‚sed
732 1331 835 1385 eisdem
848 1347 877 1384 se
887 1331 985 1384 iterum

186 1428 250 1492 post
264 1420 401 1491 lacrymas
416 1418 546 1489 implicat.
565 1419 700 1486 Quartum
713 1435 778 1473 vero
790 1427 840 1487 est,
851 1419 985 1490 quodnon

186 1522 237 1564 sun
252 1522 335 1563 sensu
350 1507 474 1578 posuisti,
487 1507 550 1578 quia
565 1507 587 1560 si
595 1507 727 1576 compulsi
737 1507 830 1577 aliqui,
842 1507 876 1561 de
887 1507 985 1577 quibus

1035 1061 1107 1131 quod
1117 1062 1249 1133 scriptum
1261 1074 1312 1133 est,
1325 1066 1474 1120 novissima
1485 1065 1558 1120 illius
1576 1065 1697 1121 hominis
1704 1065 1845 1121 deteriora

1034 1149 1181 1219 prioribus.
1218 1173 1227 1200 t
1260 1153 1296 1206 la't
1323 1154 1497 1209 llaeedonius
1526 1153 1846 1224 constantinopolitanus

1035 1238 1189 1309 episcopus,
1207 1249 1235 1293 ut
1264 1243 1424 1311 supradixi,
1450 1243 1485 1297 ab
1509 1243 1674 1312 imperatore
1696 1244 1846 1298 Anastasio

1036 1325 1137 1398 legitur
1159 1329 1298 1398 expulsus,
1324 1331 1452 1402 quioniam
1474 1331 1625 1405 Evangelia
1656 1331 1794 1398 falsasset,
1820 1341 1847 1387 et

1035 1414 1152 1469 maxime
1180 1415 1245 1470 illud
1266 1419 1387 1488 Apostoli
1402 1420 1503 1475 dictum
1523 1437 1531 1473 t
1548 1419 1624 1486 Quod
1651 1423 1791 1493 apparuit
1815 1423 1845 1474 iu

1036 1505 1326 1573 corne,justilicutum
1337 1511 1378 1562 est
1387 1509 1417 1562 in
1429 1508 1533 1578 spirita
1548 1505 1573 1578 (l
1587 1509 1659 1565 Tim.
1673 1510 1736 1579 ttt);
1749 1515 1776 1562 et
1786 1524 1845 1578 per·

187 1594 454 1666 reprehendebantur
467 1603 562 1651 contra
578 1595 738 1649 catholicam
754 1595 875 1648 sensisse
890 1594 985 1649 Eecle-
1036 1591 1162 1655 vertisse,
1180 1601 1209 1645 ut
1222 1593 1372 1666 legeretur,
1390 1600 1422 1650 at
1439 1600 1511 1651 esset
1524 1598 1608 1663 Deus,
1631 1598 1774 1670 apparuit
1794 1613 1845 1669 per

186 1683 265 1751 siam,
281 1684 511 1739 anathematizare
527 1698 556 1738 se
571 1683 701 1749 dicerent,
719 1682 899 1737 anathematis
923 1682 985 1737 rin-
1002 1693 1163 1768 Bcornem.
1184 1677 1292 1746 Quales
1308 1683 1448 1756 redarguit
1463 1684 1723 1756 Paulusapostolus,
1736 1684 1810 1739 dese
1820 1693 1845 1739 et

188 1769 251 1828 culo
275 1771 452 1827 nullomodo
474 1771 569 1826 teneri.
593 1771 633 1826 De
658 1772 757 1842 quibus
781 1779 892 1826 sanctus
924 1771 989 1825 dicit
1040 1766 1097 1819 suis
1113 1767 1195 1822 sociis
1211 1768 1309 1824 dieens
1328 1788 1334 1823 :
1353 1772 1413 1827 Non
1429 1774 1506 1827 enim
1519 1790 1629 1842 sumas,
1645 1773 1747 1844 inquit,
1772 1775 1845 1828 sicut

191 1858 344 1933 Gregorius
360 1878 366 1914 :
385 1884 396 1906 r
415 1858 484 1926 Quia
499 1859 551 1929 ipsi
565 1858 616 1913 sibi
641 1867 725 1913 testes
746 1868 808 1912 sunt
823 1859 886 1929 <ruia
908 1859 989 1913 Chri·
1037 1855 1160 1926 plurimi
1166 1857 1363 1914 adulterantes
1374 1862 1488 1916 verbum
1497 1862 1547 1916 Dei
1558 1863 1594 1929 (ll
1603 1863 1664 1917 Cor.
1677 1863 1721 1931 tt).
1734 1885 1745 1907 r
1759 1860 1845 1916 taul-

190 1949 271 2005 atiani
285 1965 339 2004 non
354 1956 415 2003 sunt
433 1964 439 2002 ε
452 1948 579 2019 quoniam
591 1948 739 2018 ligamenta
748 1955 848 2002 sanctae
860 1947 988 2002 Ecclesiae
1038 1950 1130 1997 terere
1146 1952 1197 2010 est,
1215 1944 1300 2016 inquit
1316 1947 1412 2002 beatus
1426 1949 1587 2021 Gregorius,
1599 1949 1718 2004 verbum
1730 1949 1789 2017 Dei,
1801 1956 1846 2004 aut

104 2071 107 2079 f
189 2038 265 2093 vanis
279 2053 309 2092 se
324 2037 459 2093 estimant
475 2037 617 2092 conatibus
633 2037 738 2091 solvere
754 2051 787 2091 ac
802 2053 852 2107 per
868 2036 919 2091 hoc
937 2052 989 2091 nec
1039 2031 1118 2085 aliter
1135 2033 1235 2087 sentire
1251 2036 1381 2104 quamde
1397 2036 1444 2091 illo
1458 2044 1509 2104 est,
1526 2045 1572 2092 aut
1587 2053 1619 2092 ex
1634 2052 1668 2092 eo
1683 2053 1742 2092 non
1763 2036 1844 2107 spiri·

190 2125 389 2182 absolutionem
399 2133 501 2181 sanctae
511 2125 642 2181 Ecclesiae
652 2140 732 2196 quam
743 2123 990 2195 praestatddelibus
1039 2119 1107 2173 tales
1122 2119 1236 2185 fructus,
1254 2123 1303 2177 sed
1318 2124 1486 2180 adulterinos
1511 2124 1583 2180 fetus
1605 2141 1733 2197 quaerere
1754 2125 1842 2180 laudis

190 2230 283 2271 veram
293 2221 398 2285 putant,
410 2214 433 2267 si
442 2213 586 2283 ligaturam
595 2213 653 2281 ejus
661 2213 755 2267 valere
763 2228 816 2267 nou
823 2213 987 2266 aestimant.»
1039 2206 1174 2263 humanae.
1195 2234 1206 2255 ι»
1223 2211 1299 2266 Unde
1315 2212 1442 2267 Gelasius
1458 2214 1493 2268 ad
1509 2213 1654 2285 episcopos
1669 2230 1721 2286 per
1735 2212 1841 2269 Darda-

188 2302 267 2358 Unde
282 2301 309 2357 in
324 2301 537 2356 orthodoxorum
553 2300 662 2370 scriptis
683 2300 809 2370 legimus,
819 2317 851 2354 ex
860 2301 926 2370 ipsis
944 2299 990 2370 qui
1039 2295 1113 2349 niam
1128 2297 1298 2366 constitutos,
1316 2301 1342 2354 iu
1358 2301 1479 2356 decretis
1492 2301 1549 2356 suis
1564 2302 1675 2373 scripsit
1692 2303 1787 2374 (epist.
1802 2306 1841 2368 tt,

190 2388 342 2444 inNicaena
358 2396 450 2442 sancta
465 2388 571 2457 synodo
586 2396 780 2451 convenerunt,
806 2396 832 2442 et
861 2382 990 2458 exposita
1039 2383 1065 2437 in
1081 2385 1223 2455 principio)
1243 2404 1248 2441 :
1268 2411 1279 2435 «ι
1298 2388 1366 2457 Quia
1382 2389 1498 2458 majores
1512 2390 1598 2445 nostri
1607 2391 1768 2446 necessario
1777 2406 1844 2461 prae·

191 2476 225 2532 ab
240 2492 273 2532 ea
290 2475 354 2532 fidei
375 2475 526 2532 diffinitioni
549 2476 590 2531 vel
611 2475 736 2546 symbolo
760 2476 988 2545 subscripserunt.
1040 2482 1180 2538 caverunt,
1199 2485 1226 2529 ut
1251 2486 1347 2532 contra
1365 2466 1585 2550 unamquamque
1607 2478 1749 2549 haeresim,
1774 2478 1844 2551 quod

189 2573 216 2622 et
230 2565 267 2620 ab
281 2564 377 2620 eadem
393 2563 593 2634 subscriptione
615 2572 843 2634 apostatavomut,
860 2564 990 2618 etiterum
1039 2569 1098 2615 acta
1115 2562 1199 2617 semel
1214 2566 1335 2634 synodus
1350 2582 1400 2637 pro
1415 2565 1477 2632 frde,
1494 2567 1698 2635 communione,
1716 2577 1743 2624 et
1772 2567 1844 2622 veri·

189 2670 241 2725 per
280 2652 442 2709 catholicam
477 2652 705 2722 subscriptionem
737 2653 770 2706 ad
810 2652 990 2707 universalem
1040 2661 1093 2708 tate
1118 2651 1250 2708 catholica
1274 2660 1354 2723 atque
1379 2655 1531 2723 apostolica
1552 2654 1766 2726 promulgasset,
1792 2671 1844 2710 non

190 2741 344 2798 Ecclesiam
372 2741 519 2803 redierunt,
550 2741 686 2813 quosdam
713 2739 797 2796 fuisse
837 2749 988 2811 susceptos.
1041 2744 1162 2798 sinerent
1176 2742 1254 2797 notis
1269 2749 1331 2811 post
1346 2742 1404 2798 haec
1419 2743 1656 2800 retractationibus
1666 2743 1800 2810 mutilari,
1811 2759 1843 2798 ne

191 2830 260 2886 sicut
274 2837 301 2884 et
316 2830 342 2883 in
354 2829 415 2883 aliis
427 2829 549 2900 synodis,
567 2836 602 2892 et,
620 2829 647 2882 in
671 2829 792 2899 epistolis
814 2829 922 2895 Leonis,
949 2836 990 2882 at·
1039 2832 1131 2902 pravis
1152 2831 1261 2887 occasio
1285 2829 1457 2899 praeberetur
1472 2848 1533 2904 quae
1555 2831 1759 2887 medicinaliter
1790 2831 1845 2887 fue·

192 2933 245 2989 que
260 2917 387 2988 Gregorii
402 2917 528 2988 legimus.
546 2916 657 2970 Constat
672 2916 764 2988 igitur,
783 2917 844 2988 quia
859 2933 914 2971 uon
928 2923 991 2970 sunt
1041 2929 1101 2974 rant
1116 2927 1215 2974 statuta
1229 2918 1356 2989 pulsandi
1376 2937 1381 2972 :
1400 2920 1448 2975 sed
1467 2927 1578 2977 auctore
1597 2921 1747 2990 cujuslibet
1770 2921 1845 2975 insa·

193 3005 342 3078 tigamenta
357 3002 401 3059 vel
418 3002 568 3059 solutiones
583 3013 685 3059 sancte
701 3004 841 3065 Ecclesiae.
859 3020 990 3075 quaecon·
1043 3009 1104 3074 niae,
1121 3023 1153 3062 ac
1167 3007 1271 3077 pariter
1286 3023 1379 3062 errore
1394 3007 1532 3074 damnato,
1544 3007 1669 3065 sufficere
1676 3010 1842 3079 judicarunt,

192 3101 234 3148 tra
249 3100 372 3148 sanctam
386 3091 538 3147 Ecclesiam
553 3088 629 3158 stunt,
646 3092 688 3147 vel
713 3109 775 3163 quae
790 3093 824 3146 ab
847 3091 889 3146 his
914 3090 990 3157 liunt,
1043 3104 1071 3150 ut
1087 3096 1209 3167 quisquis
1224 3096 1373 3166 aliquando
1397 3096 1477 3165 hujus
1505 3097 1608 3153 erroris
1629 3098 1845 3155 communicator

194 3181 241 3255 qui
255 3188 352 3238 contra
366 3181 496 3252 dogmata
511 3179 651 3237 catholicae
681 3180 812 3236 Ecclesia
834 3181 991 3235 sentientes.
1043 3186 1180 3248 existeret,
1196 3183 1341 3255 principali
1357 3185 1491 3240 sententia
1507 3185 1693 3242 damnationis
1705 3188 1766 3257 ejus
1774 3193 1846 3242 esset

196 3269 333 3328 contraria
356 3268 409 3339 ipsi
430 3277 532 3325 sanctas
556 3268 687 3325 Ecclesiae
706 3268 792 3340 ligant
815 3269 857 3323 vel
874 3268 990 3323 solvunt.
1043 3272 1198 3338 obstrictus,
1218 3272 1346 3343 quoniam
1361 3272 1505 3329 manifeste
1524 3275 1638 3347 quilibet
1660 3274 1706 3331 vel
1732 3274 1844 3346 profes·

194 3359 295 3416 Sancta
310 3357 409 3429 quippe
424 3357 550 3413 Ecclesia
563 3357 627 3412 dicit
642 3378 651 3413 .·
667 3379 678 3407 a
696 3359 758 3412 Non
773 3356 831 3412 sedi
848 3373 909 3412 cum
925 3372 993 3412 con·
1044 3362 1120 3417 sione
1136 3376 1186 3415 sua
1201 3362 1243 3416 vel
1260 3362 1449 3417 communione
1464 3371 1558 3433 posset
1572 3364 1697 3435 agnosci.
1717 3386 1729 3414 ι
1747 3366 1847 3436 Etpost

193 3446 256 3505 cilio
272 3446 408 3515 vanitatis,
421 3446 619 3516 etcuminiqua
631 3446 790 3517 gerentibus
802 3445 993 3501 noniutroiho.
1044 3450 1205 3521 aliquanta:
1224 3470 1235 3499 v
1254 3449 1389 3516 Quoniam
1405 3450 1477 3505 idern
1496 3451 1556 3522 ipse
1577 3466 1666 3519 error,
1691 3452 1738 3524 qui
1762 3452 1847 3507 semel

195 3534 277 3592 Odivi
290 3534 437 3591 eeclesiam
451 3533 665 3606 malignantium,
684 3543 710 3588 et
726 3549 788 3588 eum
813 3533 915 3604 impiiis
940 3549 995 3590 non
1044 3547 1086 3593 est
1101 3554 1161 3592 cum
1177 3553 1225 3592 suo
1242 3545 1353 3593 auctore
1367 3538 1520 3604 damnatus,
1538 3539 1566 3594 in
1579 3539 1716 3612 participe
1727 3529 1889 3613 quolibet-

196 3622 309 3679 sedebo.
325 3621 429 3679 Lavabo
445 3624 521 3678 inter
531 3623 808 3677 innocentesmunas
818 3636 895 3676 meas
905 3622 993 3690 (erat.
1044 3642 1135 3697 pravae
1151 3625 1350 3681 communionis
1364 3624 1462 3682 effecto
1473 3629 1689 3684 exsecrationem
1699 3629 1742 3684 sui
1761 3635 1889 3703 gestat:

194 3726 264 3779 xxv,
282 3709 319 3781 6).
338 3732 349 3757 r
367 3709 489 3780 Denique
505 3709 608 3765 eisdem
625 3709 715 3764 verbis
738 3709 811 3763 beati
836 3708 964 3779 Gregorii
988 3726 994 3761 :
1046 3723 1071 3769 et
1086 3729 1204 3783 poenam.
1224 3738 1235 3761 »
1253 3715 1317 3768 llaec
1332 3713 1426 3785 igitur,
1444 3714 1490 3786 qui
1512 3715 1585 3771 beati
1606 3715 1739 3790 Gregorii
1764 3717 1889 3774 verb-

196 3799 295 3871 qurbus
310 3797 398 3852 dicit:
424 3796 480 3850 «Si
509 3797 555 3866 qui
584 3812 649 3850 vero
676 3804 736 3850 sunt
753 3797 799 3866 qui
815 3796 916 3859 dicunt,
933 3795 997 3866 quia
1046 3801 1239 3871 imposturasti,
1257 3803 1399 3856 attendens
1414 3819 1475 3873 quae
1496 3803 1593 3859 beatus
1618 3803 1686 3862 dicit
1709 3804 1889 3869 Gelasius..

196 3884 355 3955 compulsus
368 3883 502 3953 quispiam
517 3884 679 3938 necessitate
695 3899 725 3938 se
750 3884 997 3938 anathematizave—
1046 3897 1073 3942 et
1087 3897 1150 3943 ante
1165 3891 1260 3945 oculos
1276 3890 1374 3944 ruentis
1390 3907 1504 3961 ponens,
1521 3892 1583 3964 quia
1598 3893 1738 3949 Macarius
1752 3901 1780 3949 et
1794 3893 1889 3949 lla-

198 3973 244 4042 rit,
260 3970 440 4026 anathematis
456 3970 563 4026 vinculo
579 3987 634 4025 nou
649 3980 765 4035 tenetur,
796 3998 806 4017 ι»
829 3972 921 4026 verbis
944 3970 997 4025 tuis
1047 3978 1177 4032 cedonius
1192 3978 1605 4046 ideireoasaeerd01i0‚exiam
1626 3991 1692 4038 anre
1715 3983 1889 4042 humanos

201 4058 350 4132 imposuiti‚
373 4057 509 4112 immitens
530 4068 557 4112 et
581 4059 804 4129 superadjiciens,
835 4069 880 4113 aut
904 4067 998 4114 eontra
1047 4067 1150 4133 oeulos,
1164 4067 1267 4134 judicio
1281 4068 1405 4136 synodali
1421 4077 1448 4122 et
1462 4076 1595 4138 potestate
1616 4071 1767 4144 principali
1790 4074 1884 4130 lue-

201 4165 233 4205 ea
247 4164 308 4221 quae
323 4147 374 4201 sub
389 4148 560 4202 anathemate
576 4147 708 4217 prohibita
729 4156 790 4202 sunt
813 4163 997 4218 praesumpse-
1048 4163 1109 4209 runt
1123 4154 1221 4222 dejecti
1248 4155 1370 4210 accelera
1394 4156 1552 4213 satisfacere
1575 4158 1691 4215 terribili
1712 4160 1742 4216 in
1764 4163 1874 4220 consi-

200 4239 243 4296 rit.
260 4238 290 4292 lu
305 4252 338 4292 eo
354 4243 444 4289 autem
459 4235 519 4291 loco
533 4235 579 4290 ubi
595 4236 661 4290 dixit
677 4255 708 4290 :r
727 4236 755 4291 Si
771 4236 816 4307 qui
831 4243 893 4290 sunt
908 4236 999 4308 igitur,
1048 4243 1091 4296 liis
1106 4259 1190 4313 super
1204 4241 1274 4298 srlios
1303 4244 1454 4299 hominum.

201 4327 248 4402 qui
262 4326 313 4382 sub
335 4323 445 4379 nomine
466 4324 630 4389 Christiano,
655 4326 714 4380 haec
739 4342 799 4395 quae
823 4324 998 4395 prediximus

201 4429 328 4473 errorum
342 4411 468 4483 capitula,
485 4420 529 4466 aut
551 4413 702 4483 praedieare
724 4413 833 4479 audem,
857 4422 901 4467 aut
923 4411 1032 4471 tacitiD

200 4504 272 4577 apud
287 4501 449 4571 semetipsos
465 4509 566 4566 tenere,
586 4502 779 4556 »detruncasti
801 4509 827 4555 et
846 4501 1001 4571 pervertisti
1254 4564 1258 4572 ⁸
1591 4567 1595 4576 Ι

203 4595 298 4651 dicens
314 4609 320 4644 :
342 4613 352 4639 α
370 4588 398 4644 Si
413 4589 458 4660 qui
474 4597 536 4643 sun,
550 4590 642 4662 igilur,
659 4590 703 4660 qui
720 4590 769 4643 sub
784 4590 894 4644 nomine
918 4589 999 4644 Chri,
1051 4562 1125 4627 Queri
1138 4564 1291 4633 apostolico
1306 4562 1384 4617 sedes
1397 4568 1509 4635 portem
1524 4569 1732 4639 aoatcapifoli
1743 4571 1845 4629 Choloe·

199 4684 289 4739 stiano
304 4681 362 4735 haec
376 4686 420 4732 aut
435 4678 583 4749 praedicare
599 4679 708 4745 audent,
733 4693 786 4732 uon
812 4679 909 4731 timens
938 4694 1000 4732 sen·
1084 4650 1217 4706 d⁰²²⁶⁷²⁸f⁸
1230 4667 1287 4706 '²⁰⁷²
1301 4651 1431 4722 'mima
1444 4653 1519 4708 iim
1529 4653 1579 4709 Μ
1588 4657 1636 4711 2²⁴⁸
1646 4655 1704 4714 1⁶0⁰
1712 4674 1730 4729 f
1733 4675 1790 4730 “lm
1803 4660 1842 4716 df·

201 4770 312 4825 tentiam
327 4773 426 4821 saneta
442 4775 525 4822 sextae
540 4766 638 4838 synodi
652 4765 679 4818 in
708 4765 869 4819 duodecima
893 4766 999 4820 actione
1084 4741 1234 4793 ”mamad

1333 4421 1446 4477 CAPUT
1460 4421 1560 4476 XXlll.

202 4857 337 4929 prolatam
352 4855 403 4908 hoc
418 4856 500 4909 modo
516 4873 523 4908 :
540 4856 720 4909 inveteratum
737 4854 881 4907 llacarium
897 4853 924 4907 in
947 4854 999 4906 im-

203 4943 312 5017 pietatis
326 4942 509 5012 dogmatibus,
527 4952 553 4997 et
568 4958 622 4997 non
638 4943 724 4997 solum
741 4941 895 4995 universam
919 4941 1000 4995 Chri-

203 5040 246 5089 sto
261 5029 404 5086 amabilem
418 5029 535 5098 plebem,
551 5048 612 5102 quae
627 5032 696 5086 hanc
712 5046 728 5084 a
752 5031 809 5084 Deo
838 5045 1003 5085 conservan-

203 5123 266 5178 dam
279 5118 384 5192 regiam
407 5119 501 5173 urbem
519 5119 661 5184 inhabitat,
685 5119 828 5173 eversione
849 5118 1001 5172 turbulenta

203 5217 353 5283 potantem,
368 5207 576 5277 testimoniaque
592 5216 746 5263 sanctorum
771 5214 797 5260 et
820 5207 1000 5277 probabilium

203 5307 311 5370 patrum
326 5297 481 5361 falsantem,
498 5302 524 5349 et
540 5297 662 5366 quaedam
674 5297 784 5367 quidem
801 5295 998 5361 abscidentem,

204 5387 328 5459 quaedam
338 5402 404 5443 vero
414 5385 569 5449 addentem,
582 5385 764 5441 etsecundum
772 5384 876 5456 quodei
886 5384 1000 5439 videba-

203 5482 290 5540 turin
305 5482 385 5538 devia
398 5483 549 5537 mittentem
565 5479 715 5549 piissimum
731 5489 758 5536 et
772 5496 786 5533 a
810 5481 869 5536 Deo
888 5494 1001 5535 eorona-

1086 4871 1249 4925 Sententiam
1260 4872 1377 4943 denique
1392 4873 1623 4930 Chalcedonensis
1637 4880 1762 4950 aoncilii,
1773 4895 1842 4954 qum

1050 4967 1102 5013 tuae
1115 4959 1298 5029 compilationi
1314 4962 1473 5031 apposuisti,
1489 4978 1505 5017 a
1521 4979 1687 5041 quocunque
1702 4970 1843 5038 expositam

1049 5048 1095 5118 qui
1109 5048 1247 5103 adiuvenit
1261 5049 1295 5103 de
1311 5065 1343 5103 ea
1358 5050 1421 5121 quid
1437 5050 1539 5106 diceret
1556 5069 1564 5106 :
1581 5053 1615 5108 Ut
1637 5054 1662 5108 si
1674 5056 1794 5113 clericus
1804 5058 1844 5112 ha·

1049 5136 1092 5191 bet
1109 5153 1216 5191 eausam
1231 5137 1364 5192 adversus
1379 5139 1539 5210 episcopum
1554 5141 1711 5212 proprium,
1736 5147 1782 5201 vel
1802 5145 1847 5202 ad·

1050 5240 1145 5279 versus
1159 5226 1284 5290 alterum,
1302 5226 1372 5297 apud
1388 5228 1521 5299 synodum
1535 5230 1828 5302 provinciaejudicetur
1839 5217 1861 5288 εΙ

1050 5313 1121 5382 quod
1137 5312 1160 5366 si
1174 5314 1304 5370 adversus
1319 5316 1442 5383 ejusdem
1457 5316 1605 5387 provincia
1615 5323 1850 5393 metropolitanum

1050 5402 1180 5473 epicopus
1194 5402 1237 5459 vel
1252 5402 1367 5459 clericus
1379 5404 1459 5460 habet
1479 5404 1631 5477 querelam,
1651 5417 1728 5480 petat
1752 5411 1849 5483 prima·

1051 5496 1104 5545 tem
1115 5491 1276 5557 diaeceseos,
1294 5498 1341 5546 aut
1354 5490 1448 5548 sedem
1462 5493 1546 5565 regiae
1560 5494 1637 5551 urbis
1658 5496 1849 5558 Constantho·
