3794 6104
128 201 177 252 act

758 201 905 255 litamus
936 202 1031 255 l'rtl'AE
1065 204 1131 256 illl.

1724 215 1773 264 >ibi

131 323 192 376 llaec
208 321 279 375 euim
294 330 335 375 est
346 322 382 374 ad
396 322 551 375 Corinthios
566 323 711 390 apiostoiira
726 322 863 376 declarata
875 323 925 377 be-
941 325 966 382 Α
977 327 1080 394 pseudo
1091 334 1186 381 octava
1196 329 1325 382 t'trotiana
1336 330 1688 399 syuodotlorrstantinopoli
1703 342 1774 403 gesta

128 408 257 481 nignitas,
273 409 336 463 utin
352 424 406 464 uno
424 409 518 479 spiritu
534 409 641 463 ductam
657 425 689 463 ac
713 410 850 465 reductam
867 426 925 464 seu·
976 395 1111 460 *fisslfflfflfi
1129 398 1294 452 salsll'dllssffl
1321 399 1480 468 im1³⁰⁵¹¹¹rae
1507 399 1665 455 fflafflfesslae
1686 403 1775 455 ledat·

131 497 241 550 tentiam
253 497 315 552 boni
340 513 448 566 semper
470 495 654 550 indifferenter
677 506 833 567 sepiantur.
858 499 925 551 Data

131 601 224 640 urensc
239 587 371 656 Augusto,
383 583 529 637 indictione
544 585 714 639 duodecima.

166 674 245 727 iliaca
257 689 307 742 prr
322 674 438 726 Petram
452 672 656 743 presbyteram.

264 863 299 900 ,ttt
314 861 422 901 eautctt
437 863 471 901 ET
482 863 626 901 avesate!
634 863 791 902 aetatiores,

437 921 528 988 (Anno
541 921 616 979 Siti

132 1008 284 1062 Constituit
300 1022 344 1061 eos
356 1024 485 1061 anacam
499 1009 581 1061 Petro
588 1007 746 1078 presbytero
756 1008 869 1077 legatos,
885 1010 927 1072 at,

165 1079 238 1132 sicut
260 1079 324 1132 illos
352 1081 512 1138 monuerat,
536 1093 635 1148 pacem
653 1079 683 1130 in
701 1078 824 1132 Ecclesia
844 1078 927 1132 Coas-

167 1148 406 1218 taatinopoiilaao
417 1149 580 1216 conficiant.

166 1234 412 1292 Reverendissimis
431 1235 523 1288 Pauca
547 1236 715 1290 anconitano
744 1237 927 1297 Euoasrooua

130 1325 252 1380 Ostiensi
267 1323 411 1394 episcopis.
472 1321 491 1334 ‘

165 1411 296 1481 Quamvis
311 1418 539 1466 contraaestram
555 1411 665 1482 egeritis
695 1411 871 1477 voluntatem,
902 1420 928 1466 et
979 1456 984 1467 .

132 1498 394 1569 Constantinopolim
404 1498 696 1570 venientesinquisita
719 1515 800 1554 causa
828 1499 927 1555 Eccle-

132 1589 179 1644 siae
189 1588 265 1659 pacis
277 1596 303 1641 et
319 1586 438 1650 unitatis,
456 1586 569 1640 Romam
580 1586 682 1642 reverti
696 1588 928 1660 nobisqueomnra

132 1677 182 1731 sub
202 1685 274 1732 certa
290 1674 420 1730 relatione
435 1673 576 1728 debebatis
591 1673 704 1730 reterre.
724 1676 758 1730 Et
780 1675 843 1747 quia
870 1672 971 1747 prr-B

131 1781 202 1819 mam
217 1763 381 1837 legationem
407 1762 484 1816 vobis
500 1763 645 1819 comissam
666 1763 765 1819 idonce
793 1779 848 1819 non
870 1780 928 1834 per·

107 1846 110 1851 ’
133 1851 391 1926 egistis‚secundam
407 1851 483 1906 vobis
499 1850 737 1907 ideocommittere
750 1852 930 1907 nondebeba-

130 1958 190 1995 mus
207 1960 214 2007 ;
230 1950 320 1994 tamen
356 1937 512 2010 apostolicae
545 1939 726 1994 miserationis
763 1940 929 2013 benignitate

129 2038 245 2094 utentes,
257 2029 320 2083 etin
336 2027 386 2082 bac
402 2027 521 2082 secunda
545 2027 681 2098 legatione
711 2026 827 2083 fideliter
847 2027 930 2098 perfi-

130 2118 226 2172 cienda
238 2132 286 2171 vas
300 2116 360 2171 huic
383 2116 462 2170 Petro
482 2115 611 2187 religioso
628 2115 789 2186 presbytero
808 2117 929 2172 cardinis

129 2206 225 2273 nostri,
255 2203 435 2275 familiarique
455 2212 549 2257 nostro
578 2203 722 2268 sociamus,
739 2212 871 2275 quatenus
896 2220 929 2258 ea

128 2310 189 2366 quae
204 2309 254 2364 pra
269 2308 335 2362 pace
351 2299 377 2346 et
387 2291 489 2345 unitate
506 2291 637 2346 Ecclesia
653 2291 702 2345 Dei
720 2292 827 2364 agenda
856 2302 927 2359 sunt,

131 2381 279 2437 secundum
297 2379 462 2450 apostolicos
480 2387 579 2434 nostra
594 2379 760 2434 auctoritatis
784 2380 887 2450 apices,
902 2387 930 2435 et

131 2470 280 2526 secundum
295 2476 306 2502 ²
321 2467 521 2525 commonitorii
536 2467 622 2521 nostri
646 2476 768 2522 tenorem
793 2468 928 2538 capitula-

128 2559 176 2613 tim
184 2557 361 2628 descriptum,
378 2556 469 2627 sagaci
488 2556 566 2610 valde
580 2555 675 2610 intuitu
692 2555 770 2610 simul
795 2557 882 2627 agatis
903 2567 929 2611 et

128 2649 164 2703 ita
180 2646 312 2702 definiatis
333 2654 362 2701 ut
385 2645 499 2718 gratiam
522 2639 652 2709 nostram,
676 2659 756 2715 quam
780 2645 857 2715 prius
885 2646 929 2699 in-

128 2736 286 2791 obedienter
296 2734 402 2805 agendo
417 2733 609 2804 exasperastis,
626 2748 698 2789 nunc
713 2732 827 2788 fideliori
846 2734 929 2789 devo·

130 2825 203 2879 tione
232 2822 380 2894 operando,
397 2821 558 2892 placabilem
580 2821 680 2875 habere
710 2822 829 2890 possitis.
861 2823 928 2877 Data

132 2928 225 2967 mense
242 2915 375 2982 Augusto,
386 2909 532 2964 indictione
542 2909 713 2963 duodecima.

461 3014 612 3069 ecxtvtt.

129 3122 164 3160 aa
196 3120 302 3159 nactast
319 3119 353 3158 nr
372 3117 514 3158 necessust
543 3117 701 3171 artscoros,
727 3119 864 3158 statumen
892 3121 928 3159 aa

360 3189 470 3228 enrnctt
485 3188 695 3228 raasarranun.

440 3241 618 3314 (tundata.)

183 3337 185 3343 '
208 3335 295 3391 Menai
307 3335 449 3389 coercitum
463 3333 494 3386 in
509 3336 671 3404 sequentem
686 3335 845 3404 epistolam.

160 3425 282 3479 Romana
305 3421 435 3479 svnodus,
453 3420 613 3474 auctoritate
631 3420 741 3474 loannis
779 3436 838 3491 apa}
857 3437 925 3477 con-

126 3503 250 3618 pragma,
280 3480 388 3547 Pefrum
410 3490 532 3562 aliosque
552 3491 694 3560 adjunctos
709 3491 734 3545 ei
758 3437 863 3564 ssgatos
895 3508 926 3547 ea

137 3566 252 3621 acuitate
279 3563 406 3617 duntaxat
434 3561 560 3616 instruxit
588 3569 669 3632 atque
686 3563 872 3630 communivit,
897 3570 927 3617 ut

127 3635 250 3689 Pbotium
264 3649 279 3688 a
294 3633 419 3688 censuris
435 3632 629 3687 ecclesiasticis
640 3632 814 3686 absolverent
831 3643 857 3687 et
866 3633 925 3687 sedi

126 3704 430 3774 Constantinopottuna
445 3703 620 3757 restituerent
637 3720 643 3756 :
660 3718 715 3756 non
739 3703 772 3756 ad
793 3719 885 3757 veram
899 3713 925 3759 et

144 3791 286 3832 ermanam
301 3775 434 3845 synodum
443 3782 576 3839 octavam,
594 3773 644 3826 sub
662 3773 782 3828 Adriano
795 3773 924 3843 pontitice

124 3793 255 3906 flabitam,
272 3844 473 3914 reprobandam
491 3860 497 3895 :
515 3852 540 3897 et
554 3842 718 3912 particulam
732 3843 819 3911 iilam,
836 3846 923 3900 Filio-

125 3933 187 3995 que,
199 3932 214 3970 e
225 3915 349 3986 symbolo
363 3913 469 3983 penitus
484 3912 640 3977 tollendam,
657 3912 742 3967 multa
765 3915 923 3970 auctoritate

128 3986 210 4040 videm
226 3984 320 4038 muniti
334 3983 451 4037 fuerant.
467 3983 531 4038 Haec
546 3998 607 4037 cum
624 3990 732 4052 pateant
753 3999 786 4038 ex
810 3985 923 4054 epistola

125 4055 235 4110 loannis
251 4054 285 4108 ad
299 4053 425 4108 Basiliam
435 4053 627 4121 imperatorem
638 4052 837 4125 scriptalcpiat.
847 4057 920 4124 ΞΒ),

147 4140 181 4179 ua
196 4140 225 4179 se
240 4123 267 4177 in
282 4123 376 4178 t‘botio
387 4123 444 4178 sedi
461 4139 517 4177 suae
542 4123 720 4186 restituendo,
745 4140 799 4179 non
815 4125 923 4181 concilii

125 4143 302 4265 dissipatione
317 4193 359 4248 vel
373 4193 562 4264 abrogatione,
580 4194 628 4248 sed
653 4202 756 4248 tantum
776 4195 921 4265 dispensa-

126 4267 198 4320 tione
209 4265 246 4319 uti
275 4262 410 4337 significat
427 4284 433 4329 ;
450 4264 571 4321 secundo
587 4280 618 4318 ex
634 4263 756 4334 epistolis
769 4267 821 4320 250
832 4268 921 4335 (nunc

124 4340 187 4404 ΞΜ)
204 4343 230 4390 et
243 4337 292 4391 251
310 4337 399 4405 (nanc
410 4336 483 4404 296),
499 4335 596 4407 quibus
612 4335 710 4391 indicat
723 4351 753 4390 sc
768 4337 919 4406 reprobare

123 4407 213 4463 omnia
229 4422 290 4477 qum
317 4414 415 4476 preater
438 4406 634 4460 restitutionem
655 4406 742 4460 Photii
756 4415 817 4462 acta
846 4416 916 4461 suut.

124 4478 216 4534 Tertio
231 4493 263 4532 ex
289 4476 350 4547 ipso
365 4477 573 4532 commonitorio
591 4493 641 4546 per
656 4477 780 4531 Photium
795 4487 922 4548 corrupto

123 4558 149 4604 et
164 4548 269 4612 falsato,
286 4548 377 4618 inquo
392 4547 512 4616 episcopi
533 4546 734 4602 subscribentes
762 4546 922 4617 profitentur

124 4635 219 4675 omnes
234 4634 264 4673 se
279 4616 488 4673 commonitorio
503 4633 553 4686 pro
569 4616 655 4670 l‘botii
670 4617 838 4673 restitutione
854 4619 921 4673 sub-

124 4690 254 4745 scribere.
271 4689 329 4743 Nos
353 4704 418 4743 vero
432 4696 459 4742 et
467 4702 598 4760 germano
622 4687 831 4744 commonitorio
845 4690 922 4758 eujus

123 4763 185 4824 203,
201 4762 436 4821 abalienaret,
453 4761 517 4819 ‘attii
532 4757 647 4837 aliisque
665 4757 788 4828 pluribus
809 4760 921 4814 ioannis

124 4844 203 4911 papae
218 4830 340 4899 epistolis
355 4830 457 4885 mentio
473 4828 510 4895 tit,
541 4828 661 4891 destitui,
686 4830 921 4884 commonitorium

125 4900 190 4954 illud
206 4901 277 4970 quod
291 4901 387 4956 Potitio
402 4908 570 4970 corruptum,
587 4907 612 4953 et
623 4898 649 4952 in
665 4899 802 4955 Pirotianae
815 4902 921 4969 pseudo

121 4978 223 5026 octava
246 4970 342 5039 synodi
379 4972 485 5026 actione
499 4974 515 5025 3
530 4971 630 5025 lectum
655 4967 713 5030 tuit,
747 4969 920 5025 inserendum

121 5057 183 5096 esse
206 5040 358 5111 putavimus
375 5059 381 5103 ;
398 5050 454 5095 tum
474 5050 502 5095 ut
524 5041 585 5096 inde
617 5048 676 5096 acta
704 5040 784 5109 hujus
813 5041 920 5096 concilii

125 5110 328 5176 causamentum
342 5120 398 5164 tum
415 5120 442 5165 ut
458 5128 518 5182 quae
532 5112 690 5166 auctoritate
711 5111 863 5183 legatorum
892 5113 920 5167 in

156 5249 167 5274 ι
192 5237 371 5287 Commonitorii
417 5237 507 5288 nostri.
564 5236 779 5287 Commonitorium
831 5239 918 5300 ipsum,

122 5300 192 5361 ruitis
212 5305 251 5353 tric
288 5306 315 5354 ttt
337 5305 440 5363 mentio,
465 5303 586 5365 reperitur
609 5303 751 5363 recitatum,
767 5305 809 5354 sed
831 5306 920 5355 ano·

122 5366 155 5415 tiu
185 5368 305 5432 falsatum,
338 5371 361 5419 ia
400 5372 495 5420 actione.
523 5369 629 5420 secunda
664 5366 748 5430 synodi
784 5371 919 5431 Pauliana,

123 5439 215 5482 octava
237 5437 383 5488 mendaciter
433 5438 512 5487 dicta·
546 5436 613 5498 Quod
637 5437 683 5486 etsi
702 5450 750 5489 nort
782 5437 921 5488 inventatur

122 5498 186 5549 iuter
215 5500 302 5551 Latine
326 5503 431 5563 scriptas
450 5503 564 5565 epistates
597 5503 675 5565 ipsius
705 5503 815 5565 loaaitis,
841 5509 867 5553 ut
891 5516 921 5555 ex

123 5565 274 5626 autographo
315 5568 389 5628 possit
412 5569 479 5629 erarii
512 5567 637 5630 tatsttatts,
671 5575 751 5621 tamea
787 5582 817 5620 cx
838 5568 920 5620 tartltie

974 474 1105 535 guantur.
1119 468 1358 523 Comumnitorium
1375 478 1465 524 autem
1489 471 1589 525 Graece
1606 471 1736 540 scriptum
1752 484 1774 527 et

920 568 923 573 -
977 551 990 587 a
1007 538 1189 592 bietioiatiue
1204 538 1347 598 redditum.
1366 540 1404 594 sic
1420 541 1540 594 sehabet
1559 559 1565 592 :

1011 662 1137 715 loiasas
1147 662 1405 732 episcopusservus
1420 680 1563 718 servorum
1576 664 1628 718 Dei
1642 681 1771 728 ;commo-

979 749 1106 803 nitorium
1120 749 1249 804 fratribus
1259 751 1351 805 Prono
1362 753 1528 806 etEuonxto
1545 752 1696 823 episcopis,
1714 754 1772 807 simi·

977 837 1038 892 liter
1053 847 1078 892 et
1088 839 1180 893 Parae
1191 839 1353 910 presbytero
1368 839 1507 904 cardinali,
1525 841 1631 895 nostris
1653 841 1771 895 Constan-
1803 873 1805 877 <

978 926 1090 996 tinopoli
1105 926 1212 998 legatis.

1013 1015 1080 1068 Cum
1095 1015 1222 1084 primurn,
1239 1015 1329 1068 divina
1341 1015 1445 1070 lavante
1461 1016 1553 1088 gratia
1563 1026 1592 1070 et
1609 1018 1773 1071 intercessio

978 1102 1056 1156 nibus
1071 1110 1238 1168 sanctorum,
1255 1102 1451 1173 apostolarum,
1469 1104 1776 1175 Constantinopolimin·

978 1190 1067 1262 gressi
1078 1189 1192 1255 fueritis,
1211 1190 1275 1246 illuc
1289 1191 1415 1246 divertite
1431 1192 1640 1262 quopraecipiet
1671 1193 1775 1263 impera·

978 1287 1020 1335 tor
1036 1297 1043 1344 ;
1059 1286 1239 1350 etantequam
1278 1278 1472 1348 imperatorem
1496 1279 1688 1344 visitaveritis,
1720 1282 1776 1335 nutti

977 1368 1023 1422 alii
1037 1367 1198 1437 apostolicas
1209 1368 1309 1421 litteras
1334 1367 1440 1422 tradere
1469 1367 1569 1422 velitis.
1604 1369 1674 1422 Cum
1694 1384 1776 1424 coram

977 1464 1141 1527 imperatore
1157 1454 1271 1520 fueritis,
1288 1455 1394 1510 litteras
1423 1456 1461 1509 illi
1485 1456 1603 1511 tradetis
1630 1457 1775 1526 hujusmodi

904 1588 909 1598 .
979 1535 1070 1598 verbis
1086 1544 1161 1598 illum
1185 1544 1379 1615 alloquentes:
1397 1543 1502 1599 Salutat
1521 1554 1645 1600 vestrum
1672 1561 1705 1599 ex
1728 1547 1776 1601 Deo

980 1648 1094 1703 regnum
1107 1631 1235 1702 spiritalis
1245 1641 1337 1687 vester
1351 1641 1430 1702 pater
1440 1632 1569 1687 dominus
1583 1633 1707 1688 loannes
1720 1649 1776 1704 ape

980 1719 1091 1775 stolicus
1101 1736 1181 1790 papa,
1199 1729 1269 1775 tuam
1285 1737 1317 1775 ex
1329 1722 1386 1775 Deo
1401 1720 1551 1791 potentiam
1568 1720 1626 1775 suis
1654 1722 1775 1776 orationi-

979 1808 1030 1862 bus
1040 1808 1156 1879 singutis
1170 1808 1267 1864 diebus
1282 1816 1376 1864 sancto
1393 1809 1450 1863 Deo
1465 1810 1680 1874 commendans,
1699 1820 1724 1864 ut
1736 1809 1774 1865 ille

979 1896 1025 1967 qui
1034 1896 1112 1951 vobis
1120 1896 1195 1952 dedit
1205 1897 1257 1952 hoc
1271 1896 1436 1951 desiderium
1447 1907 1561 1967 propter
1574 1898 1775 1952 ecclesiasiaai-

978 1999 1038 2042 cam
1054 1985 1348 2055 pacem,tribuatvobis
1363 1984 1480 2057 gratiam
1492 1993 1615 2049 suamet
1630 1987 1776 2041 consoletur

979 2088 1028 2128 vos
1042 2088 1091 2129 sua
1107 2072 1177 2129 ieiici
1193 2074 1369 2144 protectione,
1387 2081 1413 2128 et
1436 2071 1560 2145 perficiat
1576 2074 1603 2128 in
1620 2075 1702 2129 bonis
1715 2075 1775 2129 desi·

978 2160 1053 2214 deria
1070 2170 1169 2217 vestra.
1187 2161 1215 2218 Si
1229 2162 1366 2234 rogaverit
1380 2162 1538 2233 imperator,
1566 2171 1713 2234 antequam
1738 2163 1774 2216 lit-

978 2257 1052 2304 teras
1066 2250 1330 2322 legatsiveeapitula
1346 2251 1534 2322 responsionis
1551 2261 1668 2314 nostrae,
1690 2252 1773 2319 hujus·

979 2338 1053 2393 modi
1083 2338 1174 2393 verbis
1203 2338 1257 2394 illis
1282 2339 1505 2410 respondele28i
1530 2340 1610 2409 jubet
1644 2340 1774 2411 imperium

978 2434 1108 2491 vestrum,
1121 2427 1212 2481 videat
1226 2427 1364 2497 epistolas.
1380 2429 1413 2483 Et
1428 2427 1451 2481 si
1465 2427 1567 2483 dixerit
1584 2446 1591 2482 ε
1609 2426 1684 2496 Quid
1700 2428 1774 2482 conti·

979 2521 1043 2568 nent
1058 2513 1180 2584 epistota
1191 2515 1205 2569 ‘l
1216 2514 1254 2568 illi
1275 2515 1439 2585 respondete
1456 2532 1462 2568 :
1480 2514 1670 2570 salutationes
1697 2516 1772 2570 conti·

979 2610 1042 2656 nent
1057 2610 1083 2656 et
1097 2601 1208 2659 omnino
1224 2611 1296 2658 recte
1311 2600 1462 2673 perficiunt.
1489 2603 1626 2658 Postridie
1643 2603 1771 2656 salutaturi

979 2689 1101 2744 Photium
1129 2685 1330 2747 sanctissimum
1354 2690 1488 2756 accedite,
1510 2700 1538 2745 et
1566 2690 1712 2760 epistolam
1740 2690 1771 2744 itti
1809 2681 1811 2684 ’

979 2779 1085 2842 tradite,
1115 2779 1263 2834 salutantes
1286 2779 1362 2833 illum
1388 2781 1518 2834 decenter
1545 2779 1648 2834 talibus
1677 2779 1770 2834 verbis:

980 2865 1081 2920 Salutat
1094 2876 1129 2930 te,
1145 2867 1270 2922 dominus
1281 2876 1374 2922 noster
1388 2867 1506 2921 loannes
1516 2867 1688 2937 apostolicus
1700 2882 1770 2937 pape,

977 2954 1074 3008 etvult
1099 2954 1200 3010 babere
1229 2965 1255 3009 te
1271 2955 1380 3009 tratrem
1409 2964 1435 3009 et
1449 2955 1681 3018 comministrum,
1713 2955 1771 3010 sicta

947 3041 1088 3113 Cscripsit
1110 3043 1267 3114 imperator,
1279 3053 1307 3097 ut
1326 3052 1436 3114 propter
1449 3058 1546 3113 pacem
1561 3043 1694 3099 Ecclesia
1711 3042 1771 3097 reci·

978 3147 1106 3201 paremus
1122 3132 1323 3188 sanctissimum
1337 3131 1519 3203 patriarcham
1533 3132 1660 3186 Photium
1671 3132 1767 3186 tratrem

976 3229 1003 3273 et
1016 3220 1232 3276 comministrum
1248 3228 1381 3281 nastrum.
1394 3219 1588 3275 exaudiremus
1615 3236 1709 3290 preces
1726 3235 1767 3272 ve·

976 3317 1056 3375 stras,
1073 3316 1099 3364 et
1113 3311 1324 3380 preciperemus
1352 3318 1381 3364 ut
1394 3324 1486 3364 coram
1515 3308 1597 3363 nobis
1624 3309 1710 3362 veniat
1738 3307 1766 3360 ad

976 3399 1110 3469 synodum
1127 3407 1171 3453 :et
1183 3407 1210 3453 ut
1225 3399 1339 3469 recipiat
1361 3399 1448 3468 ipsum
1473 3397 1603 3452 universa
1632 3396 1765 3452 Ecclesia:
1787 3450 1789 3454 .

972 3485 1049 3554 juxta
1077 3495 1199 3542 tenorem
1236 3487 1383 3542 litterarum
1411 3494 1575 3545 nostrarum,
1600 3485 1675 3539 illum
1704 3485 1764 3538 reei-

975 3577 1029 3645 pite
1056 3584 1085 3630 ut
1108 3576 1322 3631 comministrum
1337 3584 1467 3637 nostrum,
1483 3583 1565 3646 atque
1588 3582 1619 3629 ut
1645 3573 1762 3631 Ecclesia

975 3664 1343 3736 Romanaegratiambabeat,
1365 3662 1660 3734 surgentes,ittidicite
1677 3679 1682 3717 :
1699 3663 1762 3716 llan-

974 3752 1020 3806 dat
1036 3753 1162 3807 dominus
1178 3762 1269 3808 noster
1283 3752 1467 3807 sanctissimus
1481 3767 1555 3823 papa
1571 3760 1600 3805 ut
1622 3749 1760 3821 omnesqui

975 3841 1000 3895 in
1025 3840 1138 3896 diversis
1154 3841 1222 3897 locis
1247 3849 1320 3896 extra
1349 3840 1478 3895 terminos
1514 3840 1685 3903 exstiterunt,
1717 3838 1761 3891 sire

974 3929 1106 4001 episcopi,
1122 3930 1180 3984 sive
1195 3929 1357 4000 presbyteri,
1375 3929 1432 3983 sive
1447 3927 1546 4000 quivis,
1565 3928 1612 3982 alii
1626 3927 1727 3990 luerint,
1740 3933 1759 3980 et

973 4027 1110 4083 noluerint
1123 4028 1257 4099 huiusque
1271 4026 1350 4082 vobis
1359 4026 1572 4091 communicare,
1590 4034 1681 4082 vestro
1694 4039 1759 4096 opere

973 4125 999 4170 et
1013 4115 1105 4171 labore
1116 4116 1243 4170 uniantur
1263 4114 1393 4170 Ecclesia
1409 4115 1468 4178 Dei,
1484 4122 1513 4170 et
1536 4112 1603 4169 liant
1626 4131 1705 4169 unum
1725 4127 1760 4166 ro

972 4203 1087 4259 biscum.
1111 4202 1163 4273 Qui
1178 4203 1201 4257 si
1217 4204 1351 4263 venerint,
1363 4203 1474 4273 recipite
1486 4202 1559 4267 illos,
1573 4211 1603 4256 ut
1611 4211 1688 4273 pater
1701 4198 1758 4255 reci·

972 4292 1010 4363 pit
1025 4290 1105 4356 iiiios,
1122 4308 1223 4362 eosque
1234 4291 1353 4347 monebit
1377 4291 1486 4361 sapius,
1513 4299 1541 4344 ut
1553 4300 1666 4362 propter
1679 4300 1758 4360 paean

933 4380 1020 4456 DDei
1036 4380 1167 4436 Ecclesiae
1182 4381 1253 4435 idem
1269 4380 1386 4435 sentiant
1398 4394 1458 4434 cum
1474 4378 1639 4448 apostolico,
1655 4386 1682 4432 ut
1691 4375 1758 4431 unius

973 4468 1026 4522 sint
1039 4483 1102 4523 cum
1116 4468 1332 4538 ipsovolnutatis
1351 4485 1357 4521 :
1382 4466 1547 4536 recipientes
1562 4465 1690 4522 videlicet
1703 4464 1758 4518 Pho

972 4557 1037 4610 tium
1053 4555 1251 4611 sanctissimum
1266 4556 1445 4627 patriarcham
1454 4562 1480 4609 et
1496 4570 1559 4609 cum
1573 4554 1620 4610 illo
1634 4570 1686 4608 una
1698 4566 1757 4608 cun·

972 4644 1148 4700 manicantes.
1173 4644 1201 4699 Si
1224 4652 1314 4699 autem
1352 4643 1475 4698 venerint
1508 4640 1665 4713 quicunque
1693 4649 1756 4694 anter

971 4731 1078 4787 fuerant
1086 4732 1347 4803 ordinati,recipiant
1358 4732 1438 4786 sedes
1449 4747 1527 4794 suas;
1539 4731 1586 4802 qui
1599 4746 1665 4786 vero
1678 4726 1758 4783 deinde

971 4821 1077 4876 fuerant
1091 4820 1217 4885 ordinati,
1230 4820 1367 4891 accipiant
1380 4820 1414 4873 ab
1429 4818 1569 4890 episcopis
1591 4819 1657 4890 ipsis
1675 4817 1755 4872 ricton

971 4917 998 4963 et
1012 4909 1138 4965 vestitum
1154 4908 1347 4965 necessarium.

1007 5041 1019 5076 a
1035 5024 1246 5080 Praesidentibus
1256 5023 1332 5079 robis
1348 5023 1374 5077 iu
1384 5024 1489 5094 syuodo
1499 5039 1551 5078 una
1567 5040 1629 5079 cum
1644 5020 1754 5093 predicto

971 5112 1142 5168 sanctissimo
1156 5114 1310 5184 patriarcha
1329 5120 1355 5168 et
1369 5112 1466 5185 legatis
1490 5111 1686 5176 Orientalibus,
1712 5119 1752 5162 aaa

959 5245 1024 5293 attis
1048 5245 1150 5307 idipsum
1185 5245 1298 5307 consenui
1333 5244 1405 5295 tacite
1434 5256 1574 5307 possumus,
1597 5248 1624 5294 ut
1645 5246 1705 5306 patet
1731 5248 1754 5285 et

970 5311 1034 5360 notis
1046 5312 1140 5362 eoncitit
1150 5313 1252 5362 Romani
1264 5312 1309 5362 sub
1318 5312 1410 5362 laeuae
1422 5309 1486 5360 vttt.
1497 5312 1558 5361 Sar.
1571 5312 1627 5361 Bm.

1004 5387 1073 5446 bilic
1093 5397 1191 5458 dempta
1226 5395 1305 5455 aliana
1328 5395 1440 5458 superius
1479 5399 1566 5445 uotam
1604 5395 1633 5444 de.
1664 5389 1756 5459 petenda

970 5461 1064 5512 ventam
1092 5475 1175 5513 coram
1198 5463 1288 5524 synoda
1318 5462 1405 5512 Photio
1435 5461 1562 5526 tmposita,
1596 5463 1676 5515 addita
1709 5466 1756 5506 rem

972 5526 1017 5580 itia
1038 5542 1045 5589 ;
1059 5543 1088 5580 ex
1102 5529 1210 5579 recitatis
1222 5527 1310 5578 titteris
1321 5527 1459 5590 intelligere
1467 5531 1548 5589 potes.
