3794 6104
115 226 162 275 sat
190 286 192 290 f

721 215 869 269 toxNNts
895 214 991 267 l‘Al’rl]
1024 215 1091 267 t'ttt.
1715 219 1759 268 852

117 340 231 396 elatere
246 351 338 397 nostro
354 342 390 396 ad
405 349 431 394 te
446 341 562 394 directos
577 355 631 394 non
642 338 804 408 suscipiens,
817 335 916 407 praefo-
930 338 958 396 A
968 344 1019 390 ctae
1033 335 1137 406 synodo
1153 336 1186 389 de
1202 336 1244 388 his
1260 352 1321 406 qnae
1336 336 1374 389 illi
1389 335 1495 403 objecta
1510 343 1583 402 sunt,
1610 334 1706 388 idonee
1720 352 1757 389 sa·

118 429 194 484 ribus
210 437 296 501 portae
325 431 372 485 diu
394 429 442 482 tibi
471 437 570 483 nostrae
597 427 817 482 commonitionis
833 425 917 480 verba

119 518 260 585 facientes,
277 526 409 590 quatenus
424 517 512 583 nobis,
529 524 575 570 aut
589 532 640 586 per
655 525 690 581 te,
707 523 753 569 aut
769 531 818 585 per
840 514 916 586 lega-

118 613 174 661 tum
186 616 270 672 tuum,
287 614 361 661 tuam
375 620 451 660 more
465 605 699 675 praedecessorum
721 611 829 658 tuorum
852 619 917 656 con-

117 694 229 767 dignam
243 694 423 749 obedientiam
435 693 565 754 exhibere
575 693 728 759 debuisses,
736 692 917 746 irreverenter

118 790 188 837 stare
203 782 299 850 fecisti,
322 781 477 852 nullamque
497 780 551 834 illis
566 780 744 836 reverentiam
769 779 812 834 vel
836 779 916 833 audi-

118 877 175 924 tum
189 870 399 926 accommodare
412 869 550 942 dignatus,
575 869 623 923 sed
647 869 716 924 sicut
739 869 813 938 aspis
834 868 918 922 surda

118 966 212 1015 contra
236 958 376 1014 charitatis
390 956 517 1012 aflectum
546 958 651 1012 viscera
679 957 769 1012 cordis
784 965 810 1010 et
838 972 918 1010 aures

118 1045 208 1101 valide
221 1046 363 1101 obturasti.
377 1047 428 1101 Pro
437 1046 536 1118 quibus
551 1054 577 1100 et
591 1045 634 1099 his
645 1044 778 1099 similibus
793 1042 918 1098 tetandiu

117 1134 307 1189 commuuione
322 1134 489 1204 privavimus
503 1133 699 1204 missammque
723 1132 915 1194 celebratione.

118 1221 206 1278 donec
219 1222 299 1277 nobis
314 1237 485 1287 occurreres,
517 1229 543 1275 ot
557 1231 602 1275 aut
616 1237 665 1291 per
680 1230 705 1275 te
720 1229 764 1274 ortt
779 1237 827 1290 per
846 1221 918 1274 vica-

119 1310 189 1364 rium
215 1317 292 1363 tuum
333 1318 430 1365 cuncta
457 1318 542 1363 errata
584 1309 746 1381 corrigeres,
772 1317 797 1362 et
825 1308 863 1362 sic
891 1317 918 1361 te

118 1398 228 1452 demum
244 1397 424 1467 personaliter
433 1397 460 1450 in
475 1406 598 1451 nostrum
613 1396 778 1451 consortium
793 1396 917 1450 admitte-

119 1501 222 1540 remus.
248 1485 302 1539 Sed
320 1484 348 1538 in
375 1483 534 1555 despectum
557 1493 583 1538 et
598 1484 725 1553 injuriam
741 1492 918 1554 paternorum

118 1587 255 1628 cantmum
271 1572 519 1628 excommunicatus
534 1571 648 1635 anobis,
665 1588 770 1627 sacrum
796 1571 918 1625 ministe-

118 1661 188 1715 rium
202 1676 286 1733 agere
300 1661 467 1731 missamque
482 1659 623 1715 celebrare
648 1659 865 1731 praesumpsisti;
882 1660 917 1714 dc
940 1685 967 1742 B

119 1764 173 1820 quo
189 1748 302 1804 sollicite
317 1748 451 1803 voluimus
459 1764 573 1819 parcere
590 1757 642 1803 tuae
658 1747 790 1803 senectuti
805 1748 917 1819 perqui—

119 1844 210 1892 rentes
223 1854 229 1902 ;
246 1837 295 1890 sed
310 1836 380 1891 adeo
389 1852 481 1891 verum
492 1853 553 1891 esse
564 1836 792 1907 deprehendimus
808 1845 835 1889 ut
844 1852 918 1906 pra-

118 1925 233 1979 sentium
248 1932 261 1958 ⁸
279 1924 395 1989 videtur,
413 1924 541 1979 videlicet
556 1923 701 1995 presbyter
712 1923 842 1978 latornon
857 1923 919 1979 fue-

120 2011 154 2066 rit
165 2026 248 2066 ausus
257 2026 351 2067 coram
359 2011 474 2084 collegio
486 2012 712 2082 coepiscoporum
721 2026 772 2082 pro
780 2012 857 2066 robis
868 2012 919 2066 hoc

120 2098 288 2156 satisfacere.
306 2099 480 2170 Quapropter
495 2100 569 2170 quia,
585 2099 701 2154 Domino
713 2100 867 2164 auxiliante,
880 2116 920 2154 se·

120 2187 238 2243 cundum
252 2195 350 2243 statuta
360 2202 495 2243 canonum
505 2187 577 2243 circa
587 2189 707 2242 autumni
718 2195 824 2257 tempus
835 2203 919 2258 syno-

120 2276 185 2329 dum
201 2291 294 2329 sumus
304 2273 479 2339 celebraturi,
495 2275 626 2345 adquam
646 2282 672 2329 te
686 2274 821 2339 volumus,
846 2274 920 2328 omni

123 2362 268 2418 occasione
282 2362 444 2433 postposita,
460 2363 519 2417 sine
542 2378 620 2417 mora
634 2362 726 2418 venire
750 2371 795 2416 aut
813 2362 921 2434 legatos

119 2449 248 2522 dirigere,
280 2458 307 2504 ct
334 2450 408 2514 dum,
441 2449 548 2505 Christo
577 2450 736 2520 opitulante,
766 2458 921 2521 perpetrata

120 2537 344 2610 transgressionis
358 2539 531 2610 purgaveris,
548 2545 573 2592 te
588 2538 615 2592 in
627 2538 845 2594 communionem
861 2554 919 2592 om-

966 423 1109 491 tisfaciant,
1126 432 1188 479 tunc
1203 432 1264 494 post
1288 439 1382 477 veram
1406 421 1618 478 satisfactionem
1642 423 1676 475 ab
1697 426 1762 477 omni

968 529 1029 566 eum
1045 513 1331 567 excommunicationis
1348 529 1418 566 nexu
1434 510 1529 581 procul
1544 511 1630 566 dubio
1645 511 1764 567 absolve-

968 617 1039 664 mus,
1056 609 1082 654 et
1097 601 1172 672 quasi
1198 599 1308 654 fratrem
1333 609 1359 656 et
1387 601 1608 655 comministrum
1628 601 1764 656 innostra

968 688 1167 743 communionis
1183 689 1320 743 consortio
1335 689 1524 743 incunctanter
1545 687 1718 741 habebimus.
1736 689 1765 742 Et

969 776 1032 831 ideo
1046 793 1095 846 pro
1117 777 1247 846 praedicta
1275 793 1363 830 annua
1390 779 1662 839 ¹commemoratione
1689 776 1766 846 ipsius

969 865 1072 919 domini
1087 874 1112 918 et
1127 866 1244 920 senioris
1258 865 1340 919 vestri
1362 881 1396 919 ne
1411 864 1557 919 turbemini
1588 864 1665 935 quod
1693 866 1767 918 modo

970 968 1019 1007 vos
1043 969 1093 1022 pro
1114 953 1284 1007 absolutione
1298 953 1403 1023 praefati
1418 951 1606 1023 achiepiscopi
1621 968 1677 1006 non
1696 953 1766 1005 audi-

970 1041 1067 1104 vimus,
1086 1057 1147 1095 narn
1163 1041 1189 1094 in
1206 1041 1355 1095 eodemdie
1371 1057 1425 1112 quo
1434 1041 1492 1110 ipse
1508 1039 1657 1095 desaeculo
1673 1041 1768 1112 migra-

970 1129 1017 1192 vit,
1034 1145 1083 1199 pro
1099 1128 1196 1183 animae
1212 1129 1283 1182 illius
1298 1129 1393 1200 requie
1418 1129 1585 1199 sempiterna
1610 1126 1766 1183 sacrificium

970 1217 1073 1271 erimus
1089 1216 1203 1270 Domino
1218 1216 1353 1281 oblaturi;
1379 1216 1459 1271 etiam
1480 1225 1506 1270 et
1525 1232 1578 1286 pro
1594 1217 1689 1269 anima
1703 1215 1766 1285 Sap

970 1304 1059 1374 ponis,
1090 1303 1211 1360 fraterna
1234 1305 1300 1359 moti
1324 1305 1526 1375 compassione,
1555 1304 1766 1374 omnipotentem

970 1392 1116 1446 Dominum
1137 1393 1314 1462 deprecamur
1327 1400 1357 1446 ut
1379 1407 1489 1447 suorum
1509 1391 1711 1445 absolutionem
1727 1408 1765 1443 va-

970 1480 1023 1535 leat
1039 1481 1178 1550 percipere
1193 1480 1367 1536 delictorum.

1308 1568 1434 1622 ccxctt.

1204 1673 1239 1710 tn
1261 1671 1419 1711 arnovrcvnt
1443 1672 1547 1710 nausa.

1284 1745 1374 1816 (auno
1390 1745 1464 1814 879.)

974 1833 1154 1904 Gratioscyit
1171 1835 1204 1888 de
1220 1849 1361 1905 propensu
1379 1834 1526 1888 voluntate
1537 1850 1605 1906 cryc
1621 1837 1767 1890 Romanam

1008 1906 1182 1959 Ecclesiam:
1202 1904 1333 1958 bortatur
1344 1908 1377 1957 at
1391 1903 1426 1957 ud
1439 1919 1501 1957 cam
1517 1919 1724 1976 cpayanorum
1733 1907 1768 1959 ia·

1008 1975 1185 2029 caesionibus
1209 1973 1415 2044 defendendum
1442 1975 1548 2039 tertiat,
1574 1977 1656 2047 eique
1693 1979 1767 2030 tacite

1008 2043 1330 2114 imperiumpollicetur.

1010 2131 1115 2186 dilecto
1129 2145 1161 2186 ac
1177 2130 1311 2201 spirituali
1325 2129 1381 2185 lilio
1396 2131 1539 2185 Lunuvtco
1557 2131 1682 2203 glorioso
1706 2135 1764 2206 regi.

1012 2221 1114 2273 t'estrae
1135 2221 1220 2290 regim
1235 2218 1389 2272 serenitatis
1410 2219 1548 2272 mellifluis
1564 2220 1678 2276 relectis
1692 2222 1766 2291 apici-

975 2310 1034 2372 bus,
1052 2322 1120 2376 quos
1135 2322 1185 2375 per
1200 2305 1341 2361 Astaldum
1362 2306 1497 2378 insignem
1511 2307 1641 2363 comitem
1659 2317 1767 2363 restmm

973 2394 1053 2449 nobis
1069 2393 1225 2456 mandastis,
1240 2402 1369 2464 quautam
1384 2394 1560 2449 devotionem
1576 2410 1609 2451 ac
1623 2397 1767 2452 sincerissi-

974 2497 1046 2535 mam
1062 2482 1228 2535 voluntatem
1244 2481 1378 2535 exaltandi
1394 2490 1420 2536 et
1435 2481 1603 2537 defendendi
1623 2485 1766 2539 Ecclesiam

975 2570 1035 2633 Dei,
1052 2584 1128 2623 more
1142 2568 1268 2623 videlicet
1281 2578 1424 2640 parentum
1433 2579 1591 2625 vestrorum
1606 2571 1766 2644 gloriosissi-

122 2624 239 2679 nimodis
258 2625 432 2696 recipiemus.
451 2626 521 2680 Data
536 2631 674 2698 utsupra.

468 2732 581 2787 ccxct.

301 2834 337 2873 tto
357 2833 562 2875 ancsnaaaottu
585 2835 741 2874 tucusrxu.

432 2908 523 2978 (Anno
538 2910 612 2971 879.)

974 2673 1081 2710 morum
1096 2657 1292 2727 imperatorum
1306 2656 1439 2720 habeatis,
1456 2657 1765 2715 luceclariusnorimus.

975 2745 1052 2801 Unde
1066 2744 1144 2800 valde
1168 2744 1256 2816 gavisi
1283 2744 1440 2809 existentes,
1458 2747 1594 2801 maximas
1610 2748 1768 2803 excellentia

975 2841 1071 2888 vestrae
1099 2832 1206 2903 agimus
1221 2833 1335 2903 gratias,
1365 2833 1429 2904 quia
1444 2834 1524 2888 nobis
1546 2836 1617 2889 inter
1633 2845 1673 2891 tot
1686 2851 1766 2908 angu-

937 2922 1038 2985 Cstias
1052 2930 1079 2975 et
1094 2920 1309 2992 persecutiones,
1325 2937 1393 2992 quas
1408 2937 1424 2976 a
1438 2923 1553 2993 paganis
1569 2924 1683 2979 assidue
1695 2941 1767 2996 supra

125 2993 308 3065 Sid'lififfiff
316 2993 542 3049 m0‘i00b301v01'8
551 2996 628 3050 ”0¹5⁶
645 2995 815 3064 ‘imperium
827 2998 920 3051 orfiti·
971 3009 1081 3064 modum
1097 3010 1224 3079 patimur,
1251 3017 1350 3065 vestrae
1368 3009 1475 3065 invictae
1490 3012 1621 3080 potentias
1646 3014 1764 3067 auxilium

158 3063 922 3203 gfggzzzmfferwuggzzssecgicigimufflugaggsse
972 3097 1195 3195 defensionisque
1222 3096 1348 3151 solatium
1371 3097 1416 3168 pia
1431 3098 1561 3152 duntaxat
1583 3101 1669 3154 animi
1690 3101 1764 3155 devo·

159 3203 357 3260 ,mmmmm
372 3223 381 3258 ι.
396 3205 439 3260 ,gy
449 3219 478 3259 κ
493 3221 543 3276 pro
557 3205 694 3262 Lndwig,
709 3206 879 3278 gnpmyore
889 3209 921 3261 y„
970 3193 1043 3239 ttone
1058 3185 1184 3240 conferre
1199 3184 1363 3239 omnimodis
1378 3186 1502 3256 cupiatis.
1521 3187 1597 3252 ldeo,
1616 3185 1655 3242 oti
1669 3189 1763 3243 chans-

159 3275 356 3330 onm'versorio
371 3276 432 3346 ejio
442 3274 487 3329 die
497 3277 737 3345 incrassatorum,
972 3273 1050 3340 sinte,
1066 3279 1165 3327 nostrae
1179 3271 1333 3342 apostolicae
1348 3273 1524 3328 admonitioni
1540 3290 1639 3330 aurem
1654 3277 1765 3332 clemen-

158 3360 272 3417 Dilecta
282 3376 314 3416 ac
329 3361 445 3432 spiritali
460 3359 522 3416 fitia
532 3364 730 3418 Avoacnsnom
740 3363 917 3435 imperatrici.
972 3360 1016 3416 tia
1030 3368 1126 3414 vcstrae
1150 3369 1178 3415 ut
1203 3361 1415 3416 accommodetis
1439 3362 1538 3416 obnixe
1567 3379 1722 3432 precamur,
1744 3375 1767 3418 ut

159 3448 206 3504 Pio
220 3447 318 3505 affeetu
331 3449 469 3520 petitionis
484 3458 581 3505 vestrae
595 3466 690 3522 preces
706 3452 804 3524 quibus
816 3468 867 3508 nos
876 3470 922 3506 su·
972 3449 1052 3504 citius
1063 3448 1141 3503 nobis
1156 3456 1247 3503 vestro
1261 3449 1364 3519 potenti
1378 3449 1492 3504 brachio
1506 3451 1657 3506 subvenire
1664 3453 1765 3506 studea-

122 3551 174 3607 per
187 3535 357 3592 absolutione
372 3538 660 3594 excommunicationis
672 3541 799 3611 ansperti
815 3541 921 3596 Medio·
972 3537 1016 3599 tis,
1034 3544 1167 3607 quatenus
1182 3545 1304 3591 sanctam
1313 3537 1362 3592 Dei
1379 3537 1540 3602 Ecclesiam,
1553 3539 1580 3593 in
1593 3556 1765 3612 magnasunt

122 3622 243 3678 lanensis
257 3623 452 3696 archiepiscopi
462 3634 573 3695 precata
584 3627 922 3695 esexaudire,secundum
972 3623 1144 3678 fluctuatione
1173 3616 1298 3695 positam,
1315 3624 1349 3678 ad
1373 3632 1480 3694 portum
1494 3627 1592 3681 salutis
1603 3637 1631 3681 et
1646 3628 1764 3699 tranquil·

122 3709 250 3767 collatam
264 3712 343 3766 uobis
357 3712 458 3783 ligandi
473 3713 650 3785 solvendique
662 3714 790 3779 divinitus
799 3723 920 3786 potesta·
972 3712 1054 3766 litatis
1069 3710 1214 3766 efficaciter
1229 3712 1392 3782 perducatis,
1414 3722 1439 3767 et
1454 3722 1557 3767 terram
1575 3716 1709 3785 perditam
1723 3731 1764 3786 per

123 3806 187 3867 tem,
202 3813 257 3854 non
270 3800 548 3868 praetermitteremus,
566 3810 593 3855 ct
612 3802 728 3856 maxime
743 3812 857 3874 propter
870 3819 921 3858 au-
973 3815 1032 3864 vos,
1050 3802 1106 3855 Deo
1122 3800 1249 3869 propitio,
1265 3800 1301 3854 ad
1316 3800 1458 3870 pristinam
1473 3804 1612 3856 revocetis
1628 3803 1761 3859 incolumi-

122 3901 202 3939 nuam
215 3887 500 3941 commemorationem
514 3887 584 3943 divae
600 3888 740 3943 memoria
755 3889 922 3946 dominiLu-
973 3895 1064 3952 tatem,
1081 3896 1109 3942 ut
1125 3904 1155 3942 ex
1171 3889 1222 3942 hoc
1237 3896 1262 3942 et
1286 3888 1356 3957 apud
1385 3887 1601 3959 omnipotentem
1631 3892 1762 3946 Dominum

122 3970 222 4035 dorici,
239 3971 377 4042 quondam
387 3972 558 4043 imperatoris
572 3975 697 4047 Augusti,
716 3993 776 4048 quae
790 3977 922 4048 inproxi-
973 3975 1085 4047 dignam
1102 3974 1215 4030 valeatis
1230 3977 1383 4030 mercedem
1408 3976 1539 4047 recipere,
1557 3986 1585 4032 ct
1601 3979 1630 4032 in
1649 3978 1761 4049 prasenti

126 4071 171 4112 mo
185 4056 348 4111 celebranda
362 4067 421 4122 est;
439 4060 488 4113 sed
503 4061 567 4130 quia
587 4062 712 4131 synodali
726 4079 789 4118 eum
813 4066 923 4122 decreto
974 4062 1073 4118 saecnlo
1088 4062 1221 4117 laudabile
1232 4079 1330 4118 nomen
1346 4064 1503 4119 omnimodo
1518 4066 1678 4138 acquiratis.
1695 4066 1760 4135 Qua·

125 4158 175 4215 pro
190 4144 247 4198 suis
262 4143 436 4216 negligentiis
451 4154 478 4201 et
490 4149 758 4219 presumptionibus,
780 4153 849 4209 sieut
863 4155 924 4225 ipsa
973 4159 1085 4222 propter
1098 4151 1194 4206 scitote
1209 4167 1258 4220 pro
1272 4159 1346 4206 certo
1361 4152 1425 4222 quia
1451 4153 1543 4207 nullus
1565 4165 1706 4224 parentum
1719 4169 1759 4208 re·

125 4231 194 4287 bene
205 4233 359 4305 cognoscis,
372 4236 677 4305 excommunicavimus,
695 4239 798 4311 absque
813 4258 922 4297 eorum-
936 4247 1092 4330 Dstrorum
1107 4247 1209 4292 tantam
1224 4238 1338 4310 gloriam
1349 4249 1374 4293 et
1391 4240 1584 4296 exaltationem
1608 4259 1626 4297 a
1653 4258 1758 4313 praces-

124 4319 188 4375 dom
203 4320 317 4376 froirum
330 4328 356 4376 et
371 4322 598 4395 coepiscoporum
614 4336 777 4397 nostrorum,
793 4345 855 4384 cum
867 4332 922 4402 qui·
973 4327 1081 4382 soribus
1096 4327 1196 4380 nostris
1209 4327 1341 4397 percepit,
1354 4335 1541 4397 quantamnns
1556 4330 1647 4396 vobis,
1659 4332 1680 4384 si
1695 4345 1769 4391 rene

123 4409 175 4463 bus
190 4408 219 4463 in
234 4425 296 4464 eum
310 4412 598 4469 excommunicationis
618 4417 779 4472 sententiam
802 4419 921 4488 promul·
973 4413 1039 4478 ritis,
1066 4414 1129 4468 totis
1145 4414 1327 4484 multipliciter
1341 4415 1444 4469 viribus
1458 4416 1650 4472 desideramus
1665 4419 1757 4488 impen-

123 4495 259 4568 garimus,
276 4512 412 4553 consensu
426 4506 454 4553 ct
467 4500 605 4556 voluntate
619 4519 691 4558 nunc
705 4504 847 4561 absolvere
877 4522 923 4560 no
972 4502 1045 4556 dere.
1064 4502 1149 4555 l‘orro
1164 4502 1198 4556 de
1209 4503 1259 4557 ltoc
1271 4503 1344 4573 quod
1369 4504 1526 4564 mandastis,
1552 4513 1581 4558 ut
1603 4522 1653 4576 pro
1674 4512 1756 4560 eventu

125 4583 215 4638 tumus
230 4603 238 4650 ;
255 4600 289 4640 ne
305 4585 339 4638 ab
352 4585 395 4639 his
410 4587 455 4656 qni
477 4587 519 4641 vet
533 4588 679 4657 desiderio,
698 4591 740 4644 vet
753 4593 922 4666 negligentia
972 4589 1050 4661 regni
1065 4589 1193 4644 ludovici
1207 4590 1260 4660 pies
1280 4591 1417 4647 memorio
1437 4592 1545 4661 nepotis
1567 4595 1652 4648 vestri
1670 4608 1756 4664 prope

123 4670 336 4726 ecclesiasticam
350 4673 523 4743 disciplinam
537 4685 722 4743 contemnunt,
736 4688 762 4733 et
771 4681 853 4734 multa
867 4698 921 4737 non
972 4677 1021 4732 diti
1035 4677 1168 4742 existatis,
1186 4694 1236 4748 pto
1252 4678 1336 4732 mullo
1345 4679 1416 4748 qood
1427 4679 1501 4734 tileo
1516 4681 1685 4735 vostidendi
1695 4679 1755 4734 desi·

126 4759 315 4826 praesumenda
329 4769 508 4829 praesumunt,
524 4763 685 4819 canonicum
712 4767 922 4836 parvipendatur
971 4764 1076 4819 derium
1093 4765 1224 4818 habemus
1236 4766 1337 4819 turbati
1360 4782 1522 4831 manemus;
1554 4769 1604 4824 sed
1625 4778 1712 4824 restra
1724 4766 1754 4819 fisi

122 4844 264 4913 judicium.
281 4848 366 4904 Porro
381 4864 443 4905 oum
458 4851 493 4905 ad
508 4850 674 4906 nominatam
684 4853 828 4922 synodum,
841 4872 920 4924 quam
973 4851 1138 4923 benignitate
1149 4852 1266 4922 petimus
1277 4863 1315 4918 ut,
1325 4854 1398 4908 omni
1409 4869 1473 4909 cura
1485 4865 1600 4924 remota,
1618 4875 1667 4927 pro
1677 4870 1753 4910 amore

125 4932 276 4988 secundum
288 4949 382 4991 sacros
396 4952 514 4992 canones
524 4937 625 5007 Spiritu
633 4938 684 4993 Dei
692 4940 816 4995 conditos
826 4951 922 5012 quarto
972 4940 1021 4993 Dei
1032 4947 1058 4993 et
1072 4948 1225 4994 sauctomm
1239 4942 1422 5010 apostolorum
1438 4944 1510 4996 Petri
1531 4955 1557 4998 et
1573 4945 1657 5013 Pauli,
1671 4952 1753 4998 nostra

125 5019 190 5074 ldus
204 5018 342 5088 Octobris,
354 5023 469 5077 Domino
483 5034 628 5090 annuente,
639 5027 800 5082 celebraturi
808 5030 920 5097 erimus,
972 5027 1109 5096 petitionis
1120 5028 1328 5082 sollicitudinem
1343 5031 1387 5099 pio
1401 5040 1514 5100 pertore
1536 5042 1627 5087 restro
1648 5033 1753 5088 alacriter

124 5107 166 5159 vel
181 5106 239 5177 ipse
256 5109 369 5177 venerit,
387 5110 428 5165 vel
443 5125 459 5165 e
473 5110 557 5165 latere
572 5129 622 5167 suo
637 5114 805 5169 venerabiles
815 5117 922 5171 confra-
972 5115 1123 5179 assumatis,
1142 5124 1169 5168 ut
1186 5116 1255 5170 sicut
1270 5117 1526 5186 sedesapostolica,
1547 5137 1608 5191 quse
1624 5130 1698 5192 caput
1724 5125 1753 5172 est

127 5201 180 5246 tres
205 5203 231 5249 et
246 5196 424 5266 coepiscopos
441 5213 505 5251 suos
515 5199 652 5266 direxerit,
665 5202 710 5272 qui
726 5202 803 5255 nobis
818 5213 843 5258 et
860 5221 922 5257 sno·
972 5203 1091 5256 omnium
1106 5204 1292 5258 Ecclesiaruru
1306 5205 1361 5270 oei,
1377 5221 1425 5259 vos
1440 5205 1751 5279 magnodesiderioqunsi

103 5365 112 5381 ,
160 5333 323 5410 atomorum
344 5339 448 5398 videtur,
472 5342 628 5400 maxentium
652 5344 766 5393 otdetteet
784 5345 923 5407 presbyter
972 5346 1034 5405 quod
1048 5348 1131 5394 nalum
1143 5350 1218 5396 estex
1230 5348 1638 5409 repetitionesequentisadrerld‘,
1651 5352 1753 5400 ridelizrt.

126 5397 199 5456 tutor,
212 5400 367 5465 subintellige
385 5407 533 5467 litterarum,
548 5413 573 5456 et
585 5409 659 5458 serbo
675 5410 773 5462 uidetur
790 5417 920 5473 expuncto,
972 5410 1050 5458 lituo
