3826 6098
10 5748 88 6058 l

177 255 231 311 529
549 253 670 312 OPUSC.
698 255 744 312 ET
770 249 881 312 setsr.
910 256 947 311 IN
971 254 1084 317 CAUSA
1111 258 1286 320 ttthhtttt
1314 263 1467 324 LAUDUN.
1781 275 1833 331 530

179 384 297 432 mortem
311 376 418 432 custodi
442 376 583 449 impendit.
609 379 696 446 Unde,
720 379 814 447 frater,
840 395 938 436 moneo
954 379 1018 440 teA
1032 390 1059 437 ut
1075 385 1260 455 praejudicium
1275 387 1324 442 tibi
1338 388 1381 444 vel
1403 389 1541 461 parochiae
1565 398 1617 448 tuae
1638 407 1692 449 non
1706 392 1833 464 inieram,

179 464 279 520 iterum
293 472 408 537 paterna
423 472 450 521 et
466 465 586 523 fraterna
605 467 752 523 dilectione
767 475 849 539 atque
864 468 983 525 auctori·
1033 471 1162 529 obaudio.
1184 474 1263 542 Quod
1277 477 1368 547 petisti
1383 485 1411 532 ut
1424 479 1556 548 judicium
1569 481 1617 536 tibi
1634 482 1677 539 vel
1698 482 1836 555 parochia

180 561 234 609 tate
250 554 471 625 metropolitana,
497 555 628 626 resipisce
651 557 685 610 ab
710 557 762 613 hac
787 573 871 628 prava
890 556 983 612 inten-
1033 568 1086 616 tum
1100 576 1155 617 non
1170 563 1293 628 inieram,
1313 580 1368 620 non
1387 567 1601 626 obaudiozdicit
1616 571 1688 627 enirn
1703 571 1835 629 Dominus

179 642 263 708 tione,
272 650 299 698 et
309 643 477 698 concordans
487 644 630 715 praeceptis
641 645 806 718 evangelicis
815 653 896 718 atque
919 659 984 716 apo·
1032 666 1083 719 per
1096 652 1258 722 prophetam
1271 670 1278 708 ε
1290 654 1319 709 Si
1329 657 1606 729 feceritisjcdicium
1616 662 1796 719 intervisam
1805 665 1835 719 ct

179 730 325 796 stolicis,et
336 739 492 788 sanctorum
504 732 632 799 decretis,
643 749 703 804 quae
715 733 762 788 tibi
772 733 892 788 innitere
907 741 982 790 rotu-
1031 741 1197 810 proximum
1211 744 1237 812 ej
1241 759 1271 797 ua
1286 745 1468 816 (laremvu),
1482 754 1509 801 et
1523 747 1637 820 reliqua.
1650 749 1684 804 Et
1694 748 1834 822 Sapientia

178 819 204 874 la
213 819 320 891 pridem
330 820 402 885 misi,
415 835 470 876 non
479 821 638 894 dedigneris
648 821 698 888 eis,
708 831 734 877 ct
743 838 804 878 curn
815 823 855 878 eis
865 829 981 893 patrono
1032 842 1080 897 per
1096 827 1287 885 Salomonem:
1298 833 1372 887 Erue
1383 848 1427 890 cor
1438 836 1487 907 qai
1497 834 1644 893 ducantur
1653 837 1690 893 ad
1699 841 1832 907 mortem,

178 918 223 964 tuo
233 917 329 966 sancto
341 908 477 982 Remigio,
489 910 517 964 in
533 910 610 980 cujus
620 911 696 977 sede,
717 911 778 967 licet
790 911 918 983 indignus
935 928 981 966 se·
1031 919 1060 970 et
1070 919 1118 988 qui
1129 919 1285 995 trahuntur
1294 920 1330 976 od
1340 922 1493 978 interitum
1505 924 1667 982 liberareris
1675 927 1832 1000 cesses(Pr.

179 999 242 1065 deo,
257 997 350 1054 dicere
360 998 432 1071 quod
443 1006 553 1054 sanctus
563 1000 703 1070 apostolus
711 999 812 1054 Paulus
822 1000 888 1055 dixit
898 1001 979 1055 etiam
1032 1004 1117 1076 xxiv).
1131 1005 1211 1073 Quod
1232 1007 1297 1062 mihi
1323 1010 1480 1075 aDomino,
1506 1028 1587 1083 quem
1607 1030 1658 1069 suo
1676 1013 1780 1084 judicio
1803 1015 1833 1072 in

179 1086 236 1142 suis
246 1086 397 1142 minoribus
410 1104 416 1142 :
428 1088 511 1144 Sicci
523 1088 632 1160 aliquid
641 1089 910 1161 decaedactholll
916 1090 977 1146 Cor.
1031 1094 1240 1165 metropolitana
1249 1096 1313 1151 sede
1329 1098 1494 1153 Rbemorum
1504 1101 1652 1171 provinciae
1667 1103 1832 1161 constituere

177 1178 218 1247 ιι).
237 1175 355 1241 Obaudi,
373 1176 499 1245 obsecro,
526 1177 634 1232 illorum
655 1177 766 1233 decreta
789 1177 909 1233 salubria
932 1195 981 1249 per
1031 1180 1125 1249 voluit,
1141 1184 1257 1254 praecepi
1271 1184 1351 1240 audio
1366 1184 1400 1240 de
1414 1187 1457 1240 his
1469 1188 1515 1258 qui
1530 1196 1575 1244 tua
1590 1191 1773 1262 praeceptione
1781 1190 1831 1248 du·

177 1279 247 1337 quos
262 1264 369 1320 locutus
383 1272 424 1319 est
439 1264 572 1331 Christus,
582 1281 626 1328 ne,
639 1266 712 1336 quod
722 1265 801 1332 absit,
813 1265 873 1321 tibit
887 1265 978 1322 dicat:
1030 1277 1128 1325 cuntur
1143 1271 1177 1325 ad
1194 1280 1318 1340 mortem,
1335 1281 1361 1328 et
1375 1276 1517 1330 trahuntur
1531 1277 1566 1332 ad
1581 1277 1726 1334 interitum.
1741 1279 1776 1336 Et
1786 1279 1831 1337 dc·

177 1354 231 1421 Qui
245 1357 288 1410 cst
303 1369 341 1409 ex
356 1353 513 1419 licaveris
528 1355 577 1410 Dei
592 1355 682 1421 cudit,
696 1359 847 1427 propterca
858 1370 905 1411 cos
919 1371 977 1410 non
1030 1367 1104 1414 creta
1118 1359 1238 1425 Nicaena,
1266 1361 1336 1417 sicut
1359 1361 1485 1417 Africana
1509 1366 1629 1435 synodus
1653 1367 1776 1424 scribens
1796 1368 1832 1425 ad

176 1442 364 1515 audituque
373 1444 536 1498 calleonoa
546 1442 973 1515 cstia(loaa.v1u).Pertimesca,
1030 1447 1206 1502 Caelestinum
1222 1465 1320 1520 papam
1336 1450 1513 1521 demonstrat,
1538 1454 1595 1510 sive
1614 1455 1749 1513 inferioris
1762 1473 1829 1530 gra·

175 1545 255 1603 rogo,
271 1529 335 1601 quia
349 1538 459 1585 sanctus
469 1530 750 1596 Innocentius,beatus
765 1531 937 1598 Ambrosius,
950 1540 976 1587 et
1029 1535 1080 1589 dus
1095 1535 1219 1604 clericos,
1236 1538 1293 1594 sive
1304 1539 1448 1611 episcopos
1459 1541 1534 1612 ipsos
1545 1542 1601 1597 suis
1616 1544 1829 1615 metropolitanis

176 1618 268 1674 catari
291 1617 418 1674 catholici
441 1618 567 1673 doctores
587 1620 646 1675 hoec
668 1636 729 1691 quae
750 1620 855 1688 jussisti
875 1619 909 1676 dc
924 1635 978 1674 non
1028 1624 1201 1695 apertissime
1216 1626 1420 1682 commiserunt.
1436 1629 1470 1683 Et
1490 1638 1598 1686 sanctus
1612 1631 1766 1689 Bonilacius
1779 1649 1827 1689 ca·

175 1705 359 1778 suscipiendis
379 1707 573 1778 paenitentibus
596 1707 630 1762 ad
649 1708 834 1779 poenitentiam
852 1709 977 1764 haeresim
992 1712 1142 1795 Bpitulum
1158 1713 1261 1769 Nicaeni
1276 1716 1382 1771 concilii
1396 1733 1544 1789 exponens,
1561 1726 1622 1791 post
1637 1720 1691 1775 alia
1705 1720 1832 1778 diffinivit

174 1795 270 1850 dicunt
283 1810 346 1851 esse
358 1794 455 1851 Novati
469 1795 599 1852 haeretici.
615 1797 650 1851 Et
660 1812 715 1852 non
731 1797 867 1868 baptizare
882 1813 979 1868 parvu-
1029 1808 1161 1872 quatenus
1175 1804 1377 1875 metropolitani
1392 1806 1433 1860 sui
1457 1822 1627 1880 unaquaeque
1646 1809 1830 1881 provinciale

173 1882 215 1938 los
229 1883 258 1938 in
273 1884 370 1939 mortis
385 1884 504 1955 periculo
520 1885 681 1940 constitutos
696 1886 813 1941 schisma
835 1893 876 1942 cst
890 1887 978 1942 maxi·
1029 1890 1155 1946 omnibus
1173 1893 1257 1946 rebus
1276 1894 1473 1950 ordinationem
1498 1911 1607 1967 semper
1629 1876 1778 1970 exspectet.
1794 1900 1830 1956 Et

174 1988 251 2028 mam
265 1972 301 2028 ab
311 1972 458 2028 universali
468 1973 601 2029 Ecclesia.
611 1973 682 2028 Elin
693 1974 811 2030 decretis
822 1974 978 2046 apostolicae
1029 1980 1226 2035 Antiochenam
1242 1981 1387 2036 concilium
1403 1999 1410 2037 ε
1427 1983 1479 2037 Per
1498 1983 1639 2054 singulas,
1665 1985 1767 2057 inquit,
1783 2003 1828 2043 re-

173 2061 248 2117 sedis
262 2060 380 2133 legimus
402 2062 464 2132 quia
488 2063 557 2118 sicut
572 2062 734 2118 universalis
749 2063 799 2117 Dei
813 2079 922 2134 semper
937 2072 979 2120 te-
1029 2067 1126 2140 giones
1140 2069 1283 2140 episcopos
1293 2070 1419 2125 convenit
1429 2085 1510 2126 nosse
1524 2072 1760 2143 metropolitanam
1769 2075 1828 2149 epi·

173 2149 241 2215 nuit,
264 2156 291 2205 et
309 2157 382 2206 tenet
400 2150 542 2216 Ecclesia,
573 2150 761 2206 schismaticus
789 2160 815 2207 et
833 2151 978 2208 haereticus
1029 2173 1140 2227 scopum
1156 2156 1366 2213 sollicitudinem
1381 2158 1462 2213 totius
1477 2159 1625 2230 provincia·
1639 2178 1746 2234 gerere,
1758 2178 1825 2236 pro-

172 2237 226 2292 nisi
241 2238 370 2294 conversi
385 2237 485 2294 luerint
500 2239 535 2294 ad
545 2247 668 2295 sanctam
684 2247 799 2295 matrem
815 2240 977 2297 catholicam
1027 2254 1089 2316 pter
1104 2246 1175 2317 quod
1189 2247 1224 2300 ad
1239 2247 1411 2318 metropolim
1421 2248 1646 2320 omnesundique
1661 2250 1707 2323 qui
1717 2250 1828 2325 negotia

172 2335 198 2383 et
213 2326 392 2399 apostolicam
406 2327 567 2394 Ecclesiam,
578 2328 607 2382 in
622 2345 738 2402 regnum
750 2328 800 2383 Dei
811 2328 912 2385 intrare
922 2347 977 2385 non
1027 2334 1153 2389 ridentur
1171 2335 1273 2390 habere
1293 2344 1466 2392 concurrant.
1486 2337 1521 2391 Et
1537 2344 1646 2393 cautum
1671 2347 1712 2393 est
1740 2339 1825 2398 sacris

170 2424 305 2488 possunt,
329 2416 378 2473 sed
394 2417 564 2488 pars'eorurn
588 2425 629 2472 est
650 2417 677 2470 in
696 2418 822 2490 gehenna
840 2436 847 2472 τ
864 2425 890 2473 et
905 2419 928 2473 si
943 2419 976 2474 de
1028 2422 1177 2478 canonibus
1192 2431 1219 2477 ut
1234 2423 1316 2478 nullis
1329 2424 1410 2479 liceat
1424 2425 1495 2496 apud
1505 2441 1535 2480 se
1560 2426 1701 2482 celebrare
1710 2426 1826 2485 concilia

170 2522 243 2578 pane
259 2505 373 2572 coelesti,
394 2505 472 2562 idest
491 2507 525 2561 de
545 2506 675 2561 suavitate
692 2506 784 2562 divina
799 2515 910 2580 gustant
925 2524 972 2579 ge·
1027 2518 1127 2581 praeter
1141 2527 1188 2566 eos
1203 2512 1301 2583 quibus
1320 2514 1529 2584 metropolitana
1546 2517 1610 2582 jura
1625 2514 1751 2571 videntur
1764 2531 1827 2574 esse

170 2595 271 2650 hennae
284 2595 432 2666 participes
445 2638 452 2662 ,
465 2595 599 2664 judicium
614 2595 665 2649 sihi
681 2604 799 2649 sumunt.
822 2597 974 2668 Propterea,
1027 2600 1195 2655 commissa:
1212 2601 1239 2654 iu
1264 2600 1330 2671 ipsis
1355 2609 1445 2656 autem
1460 2601 1583 2658 conciliis
1604 2602 1693 2657 absint
1718 2603 1829 2677 presby·

171 2683 264 2751 irater,
281 2683 316 2738 ab
339 2684 390 2739 bac
415 2691 500 2753 secta,
527 2692 554 2738 et
577 2684 612 2739 ab
635 2684 687 2740 hoc
711 2684 857 2739 schismate
878 2701 976 2740 revoca
1027 2688 1076 2741 teri
1091 2696 1118 2743 ct
1132 2688 1246 2752 diaconi,
1264 2696 1290 2743 et
1305 2705 1401 2744 omnes
1417 2689 1462 2760 qui
1478 2706 1507 2744 se
1522 2690 1603 2745 laesos
1622 2690 1785 2759 existimant,
1798 2699 1825 2748 ct

170 2788 284 2827 sensum
297 2780 382 2840 tuum,
395 2781 422 2827 et
433 2788 547 2844 sequere
558 2773 631 2844 quod
641 2779 750 2827 sanctus
771 2772 934 2827 Coelestinus
948 2773 976 2828 in
1027 2776 1124 2846 synodi
1139 2776 1309 2847 experiantur
1331 2793 1453 2832 examen.
1479 2778 1628 2849 Propterea
1643 2779 1716 2851 quod
1734 2780 1825 2851 petisti

169 2861 288 2918 decretis
303 2861 359 2916 suis
369 2861 405 2916 ad
420 2860 570 2917 Galliarum
584 2861 729 2933 episcopos
742 2861 851 2932 scripsit
862 2861 973 2917 dicens:
1027 2872 1056 2918 ut
1067 2864 1199 2934 judicium
1215 2873 1267 2920 tuae
1277 2866 1416 2936 parochiae
1430 2880 1485 2921 non
1494 2865 1621 2937 inferam,
1633 2875 1727 2924 contra
1741 2883 1825 2942 regu·

170 2949 416 3015 Obsecrationnm,
441 2949 536 3022 inquit,
566 2950 779 3006 sacerdotalium
805 2958 976 3005 sacramenta
1026 2953 1065 3007 las
1082 2968 1176 3009 sacras
1191 2953 1291 3024 petisti,
1316 2962 1344 3009 et
1368 2954 1513 3010 dicendum
1528 2963 1570 3010 est
1584 2955 1632 3010 tibi
1645 2955 1678 3010 ab
1693 2956 1824 3027 Apostolo

170 3038 362 3110 respiciamus,
379 3055 439 3110 quae
454 3039 488 3093 ab
499 3038 629 3110 apostolis
641 3039 739 3093 tradita
750 3039 777 3092 in
788 3045 844 3093 toto
858 3038 971 3104 mundo,
1026 3057 1088 3097 cum
1101 3043 1255 3112 hujusmodi
1271 3043 1432 3113 petitoribus
1449 3045 1610 3111 :sestiaca
1625 3062 1683 3101 non
1692 3046 1823 3118 accipitis

169 3135 251 3199 atque
267 3126 384 3182 inomni
408 3126 540 3183 catholica
561 3126 685 3182 Ecclesia
709 3125 880 3181 uniformiter
897 3090 1008 3183 ccle-C
1024 3143 1055 3182 eo
1070 3128 1141 3199 quod
1156 3128 1231 3183 male
1251 3131 1357 3200 petatis
1381 3127 1451 3197 (dac.
1468 3128 1506 3196 ιιι)
1523 3145 1530 3181 :
1545 3129 1732 3200 uuusquisque
1749 3129 1823 3184 enim

168 3216 291 3283 brantur‚
308 3222 335 3270 et
350 3215 440 3287 legem
453 3215 583 3271 credendi
603 3215 646 3270 lex
663 3223 762 3271 statuat
777 3215 971 3286 supplicandi:
1024 3215 1178 3287 episcopus,
1204 3216 1290 3287 inquit
1318 3216 1516 3272 Antiochenam
1544 3216 1697 3283 concilium,
1723 3217 1823 3273 habeat

166 3320 232 3362 cam
247 3303 320 3359 enirn
336 3312 492 3360 sanctarum
507 3303 626 3375 plebium
645 3303 776 3375 praesules
790 3304 918 3359 mandata
933 3304 972 3358 si-
1024 3320 1080 3359 suar
1094 3304 1413 3375 parochiaepotestatem,
1424 3311 1453 3358 ut
1473 3311 1550 3375 regat
1557 3305 1633 3371 juxta
1643 3304 1822 3360 reverentiam

165 3393 253 3449 bimet
268 3392 404 3466 legatione
415 3392 564 3466 iunguntur
575 3392 648 3465 apud
658 3393 778 3448 divinam
787 3392 970 3461 clementiam,
1024 3392 1137 3464 singulis
1153 3401 1363 3464 competentem,
1386 3400 1412 3448 et
1425 3392 1624 3463 providentiam
1639 3400 1717 3464 gerat
1730 3393 1821 3449 omnis

163 3481 283 3537 humani
296 3481 405 3554 generis
420 3488 506 3554 agunt
520 3496 642 3547 causam,
659 3488 685 3536 et
700 3488 754 3536 tota
770 3497 863 3536 secum
873 3480 971 3536 Eccle-
1022 3481 1204 3552 possessionis
1213 3499 1274 3553 quae
1288 3482 1338 3535 sub
1349 3483 1407 3551 ejus
1417 3488 1612 3552 estpotestate,
1624 3481 1661 3535 ita
1671 3489 1699 3535 ut
1709 3481 1822 3554 presby·

163 3571 209 3626 sia
224 3569 448 3642 congemiscente
463 3570 599 3641 postulant
614 3578 640 3625 et
654 3577 814 3640 precantur,
832 3575 860 3623 ut
872 3568 971 3624 infide·
1023 3572 1096 3619 teros
1110 3574 1136 3619 et
1151 3566 1281 3621 diaconos
1296 3566 1412 3631 ordinet,
1437 3572 1464 3620 et
1487 3564 1594 3636 singula
1609 3581 1659 3620 suo
1677 3564 1821 3633 injudicio

161 3660 240 3714 libus
256 3657 467 3725 doneturlides3
482 3666 510 3713 ut
524 3657 675 3714 idololatrae
697 3659 732 3713 ab
756 3657 902 3728 impietatis
916 3674 972 3714 suae
1022 3653 1254 3724 comprehendat,
1279 3653 1394 3723 amplius
1422 3661 1510 3708 autem
1538 3653 1605 3708 nihil
1631 3669 1714 3725 agere
1736 3659 1820 3710 tentet

161 3748 322 3804 liberentur
336 3747 493 3814 erroribus;
509 3755 537 3801 ut
556 3747 667 3817 Judaeis,
684 3747 775 3801 ablato
789 3746 881 3801 cordis
894 3747 970 3801 uela·
1023 3750 1123 3814 praetcr
1137 3741 1283 3797 antistitem
1304 3741 1553 3825 metropolitanum.
1579 3742 1620 3796 Ex
1635 3741 1686 3797 hoc
1701 3741 1819 3814 capitulo

160 3837 253 3903 mine,
265 3834 312 3890 lux
321 3836 444 3891 veritatis
453 3844 584 3907 appareat
595 3854 603 3904 ς
614 3844 642 3891 at
652 3835 773 3892 haerctici
783 3835 818 3890 ad
831 3835 971 3891 catholicae
1022 3831 1145 3903 quaedam
1161 3839 1223 3884 sunt
1237 3847 1298 3902 quae
1312 3830 1360 3886 tihi
1369 3830 1400 3885 -in
1414 3830 1556 3902 premissa
1569 3830 1658 3886 rotula
1673 3829 1819 3887 scribenda

157 3925 231 3982 fidei
246 3922 441 3995 perfectionem
463 3924 625 3996 resipiscant
637 3942 644 3990 ;
658 3932 687 3978 ut
709 3923 874 3980 schismatici
888 3923 970 3996 spiri-
1021 3920 1139 3986 dictavi,
1157 3920 1205 3975 sed
1229 3920 1351 3975 notarius
1372 3919 1499 3993 angustia
1521 3906 1654 3992 temporid
1666 3926 1819 3976 coarctatas

158 4022 222 4070 turn
240 4011 371 4069 redivivae
393 4013 531 4069 charitatis
555 4012 707 4083 accipiant,
732 4020 761 4068 ut
785 4012 870 4083 lapsis
884 4013 972 4083 poeni-
1021 4009 1146 4065 celeriter
1161 4009 1284 4064 scribens
1308 4009 1466 4075 intermisit;
1493 4008 1542 4063 sed
1565 4024 1598 4064 ea
1613 4025 1673 4079 quae
1686 4007 1734 4063 tibi
1747 4006 1817 4065 scri-

156 4102 260 4160 tentiae
274 4101 398 4157 remedia
412 4100 600 4166 conferantur3
616 4108 644 4156 ut
667 4101 785 4172 denique
799 4101 971 4156 catechume-
1020 4114 1130 4169 pscram
1146 4099 1181 4155 ad
1196 4114 1286 4152 meum
1296 4114 1365 4168 opus
1376 4098 1531 4171 diligentius
1542 4097 1663 4153 scribere
1675 4096 1774 4166 jubens
1784 4095 1819 4154 de

156 4192 206 4248 nis
223 4190 262 4247 ad
277 4190 495 4264 regenerationis
514 4197 687 4245 sacramenta
700 4189 839 4260 perductis
852 4189 971 4246 coelestis
1020 4187 1118 4241 tabulis
1148 4186 1264 4241 relevari
1293 4185 1355 4251 feci,
1385 4186 1521 4242 videlicet*
1539 4185 1685 4259 diligenter
1708 4185 1817 4242 attende

152 4278 365 4335 misericordiae
388 4277 451 4333 aula
473 4286 621 4333 reseretur.
647 4279 683 4332 Et
704 4279 762 4334 haec
782 4277 928 4333 conserens
943 4279 971 4331 in
1021 4276 1092 4345 quod
1107 4275 1212 4338 dicitur,
1229 4274 1404 4345 presbyteros
1423 4281 1450 4329 et
1464 4273 1595 4329 diaconos
1610 4272 1746 4344 parochia
1761 4289 1818 4329 suaa

154 4368 251 4425 corde
271 4374 318 4422 tuo
341 4367 397 4421 noli
417 4366 524 4437 pietatis
549 4366 655 4423 viscera
677 4366 833 4438 petentibus
858 4366 970 4420 salutem
1020 4362 1124 4417 ordinet
1139 4362 1284 4432 episcopus
1297 4381 1303 4426 ;
1316 4361 1422 4415 ordinet
1435 4369 1534 4425 autem,
1551 4368 1578 4415 et
1592 4376 1647 4416 non
1663 4361 1816 4428 exordinet,

154 4456 310 4522 claudere,
326 4455 374 4510 sed
390 4462 451 4526 pete
467 4456 554 4510 Deum
579 4454 803 4526 omnipotentem,
819 4462 846 4508 ut
861 4461 887 4508 ct
902 4454 930 4507 in
943 4461 969 4507 te
983 4443 1009 4503 D
1021 4466 1072 4506 nec
1085 4459 1181 4506 contra
1196 4448 1305 4520 regulas
1312 4450 1345 4502 ab
1357 4447 1444 4503 officio
1455 4448 1625 4516 submoveat,
1641 4449 1685 4504 vel
1700 4464 1818 4521 suspen·
1839 4499 1843 4506 .

152 4544 281 4617 impleat
296 4543 369 4616 quod
383 4559 433 4614 per
454 4544 612 4615 prophetam
636 4543 701 4598 olim
720 4542 856 4615 pollicitus
870 4548 912 4596 est
925 4541 969 4595 di·
1020 4538 1076 4604 dat,
1092 4547 1119 4592 et
1133 4538 1234 4592 ibidem
1249 4536 1437 4608 subsequitur;
1453 4536 1559 4608 singula
1569 4552 1619 4592 suo
1631 4536 1818 4606 judiciocorn-

152 4649 233 4691 cens
251 4649 259 4687 :
276 4631 414 4702 Auferam
428 4649 446 4688 a
461 4631 535 4689 vohis
545 4648 593 4689 cor
608 4631 760 4704 lapideum,
777 4633 806 4686 ct
820 4630 888 4685 dolo
898 4630 970 4684 vobis
1020 4626 1170 4698 prehendat
1187 4647 1195 4681 .·
1211 4626 1317 4695 singula
1331 4633 1420 4680 autern
1435 4626 1499 4680 dicit
1514 4632 1542 4679 ut
1556 4641 1606 4680 suo
1621 4624 1724 4694 judicio
1738 4638 1817 4680 com·

156 4739 216 4780 cor
231 4736 383 4786 caracam,
393 4725 421 4776 ct
431 4722 579 4791 saciomut
594 4722 625 4776 ic
636 4720 784 4792 praeceptis
794 4720 864 4775 meir
874 4718 970 4774 ambu—
1019 4714 1180 4785 prehendat,
1197 4722 1222 4769 ct
1240 4730 1294 4769 non
1310 4731 1371 4785 quae
1394 4713 1429 4768 ad
1443 4713 1601 4784 generalem
1616 4711 1819 4769 observantiam

154 4810 247 4876 lctis,
264 4812 294 4865 ct
309 4808 466 4882 operemini
481 4809 592 4880 (Ezech.
610 4808 711 4879 taxat).
1020 4804 1142 4859 omnium
1155 4802 1264 4858 Domini
1282 4803 1418 4874 pertinent
1436 4801 1617 4867 sacerdotum,
1635 4817 1705 4873 quae,
1720 4808 1749 4856 ut
1762 4802 1818 4858 Lao

197 4899 341 4955 Caeterum
363 4896 461 4952 fratres
485 4897 572 4952 nostri
595 4911 662 4968 quos
677 4896 712 4951 ad
728 4903 754 4950 te
768 4895 829 4950 misi
843 4894 909 4949 mihi
924 4910 969 4950 re·
1021 4891 1094 4957 dicit,
1111 4891 1170 4945 sinc
1193 4891 1352 4962 primatibus
1373 4905 1428 4944 non
1451 4895 1557 4959 oportet
1578 4887 1693 4960 impleri.
1714 4890 1748 4945 Et
1762 4888 1819 4946 noli

150 4987 361 5044 nuntiaverunt
376 4993 402 5040 te
425 4984 478 5041 illis
493 4984 666 5057 praecepisse,
688 4992 716 5038 ut
738 5000 782 5039 me
794 4990 971 5055 precarentur
1021 4981 1146 5036 claudere
1161 4995 1243 5034 aures
1259 4979 1349 5034 cordis
1364 4979 1397 5032 ad
1412 4977 1439 5032 id
1454 4977 1527 5048 quod
1550 4977 1652 5032 ibidem
1667 4977 1818 5049 diligentis·

149 5082 283 5147 propter
297 5074 348 5130 Dei
363 5073 561 5139 reverentiam,
578 5080 604 5128 et
617 5081 775 5128 sanctorum
790 5073 849 5143 ejus
861 5079 886 5128 et
897 5072 971 5128 sedis
1021 5069 1088 5123 sime
1112 5068 1210 5123 dicitur
1226 5086 1232 5121 ε
1249 5065 1447 5137 Unusquisque,
1475 5066 1569 5137 inquit,
1601 5066 1744 5137 episcopus
1766 5067 1819 5121 ha·

148 5162 327 5237 apostolicae
349 5161 538 5218 auctoritatem
560 5178 595 5218 ne
611 5176 738 5234 cogerem
762 5168 788 5217 te
804 5161 970 5232 respondere
1021 5157 1084 5211 beat
1095 5173 1152 5211 sure
1166 5155 1301 5227 parochiae
1315 5160 1486 5224 potestatem,
1509 5161 1538 5209 ut
1553 5161 1632 5226 regat
1644 5154 1717 5222 juxta
1734 5168 1814 5209 rere-

152 5249 291 5322 quandiu
305 5249 335 5304 in
348 5249 396 5305 tali
410 5249 542 5305 detineris
555 5248 677 5306 custodia
701 5257 728 5304 et
746 5248 869 5304 absentia
887 5248 969 5304 cleri-
1021 5245 1135 5301 rentiam
1151 5243 1266 5316 singulis
1281 5248 1491 5312 competentem.
1790 5247 1793 5251 ’

152 5350 262 5397 corum
277 5345 396 5408 tuorum,
420 5354 472 5394 nec
491 5337 632 5408 judicium,
655 5352 707 5394 nec
721 5337 907 5407 praejudicium
925 5336 970 5391 in·
1056 5332 1172 5388 Proinde
1186 5347 1283 5386 cavere
1298 5330 1435 5386 debueras
1449 5345 1484 5387 ne
1498 5345 1630 5386 concessa
1644 5329 1692 5384 tibi
1703 5335 1754 5386 tnae
1769 5343 1818 5402 pa-

157 5424 267 5484 ierrem
282 5425 343 5496 tibi,
360 5427 403 5483 ael
428 5434 481 5484 tuae
503 5426 648 5499 parochiae.
674 5425 741 5494 Quae
756 5425 849 5496 petitio
873 5424 969 5496 partim
1020 5421 1121 5477 rochiae
1134 5428 1268 5492 potestate
1282 5428 1374 5475 contra
1384 5420 1435 5476 hos
1451 5435 1544 5475 sacros
1559 5431 1679 5475 canones
1694 5418 1818 5476 abutere·

161 5528 221 5574 non
236 5523 280 5572 est
291 5513 376 5588 justa,
392 5531 481 5591 neque
496 5514 683 5572 rationabilis:
699 5514 772 5589 quod
787 5513 859 5570 enim
878 5512 971 5585 petisti
1020 5510 1067 5577 ris,
1085 5508 1131 5582 qui
1146 5509 1238 5566 dicunt
1253 5516 1280 5564 ut
1294 5516 1374 5580 regat
1397 5508 1459 5581 quis
1475 5507 1618 5579 episcopus
1642 5521 1721 5562 suam
1735 5522 1819 5579 paro-
