3794 6104
185 220 218 274 aa
665 212 836 271 ulmenam
851 208 1344 269 nunuaasrsancumerscem.
1620 203 1623 208 ’
1807 222 1845 274 ee

182 358 266 416 quern
281 342 304 397 si
318 341 384 397 mihi
397 349 510 397 ostensa
522 338 604 396 fuerit
617 345 730 410 paratus
752 353 813 394 sum
835 337 895 393 aine
918 335 1023 398 eon-A
1036 336 1178 392 manifeste
1191 338 1370 404 demonstrat,
1386 338 1589 412 lingonensem
1602 338 1758 396 Ecclesiam
1788 357 1841 412 pa-

181 431 341 489 tradictioue
357 431 449 501 aliqua
464 429 552 501 sequi.
573 428 621 482 llla
638 437 728 482 tamen
748 426 837 482 modis
856 426 983 482 omnibus
1035 433 1108 482 atore
1122 427 1300 491 uiduatammt
1313 428 1351 481 ibi
1366 427 1535 482 ordinaretur
1548 428 1704 499 episcopus,
1721 430 1775 484 snb
1789 447 1843 487 no·

181 521 210 576 in
228 521 343 576 istorum
358 527 439 588 statu,
456 520 479 573 si
495 517 707 573 tamenavobis
728 516 895 571 unanimiter
919 515 984 570 iude
1034 514 1108 569 mine
1132 516 1216 571 uocati
1245 517 1366 587 episcopi
1397 532 1531 587 usurpare
1557 518 1738 589 praesumpsit,
1770 520 1843 587 ejus·

183 624 358 673 consensum,
374 608 548 663 cladomno
571 622 639 676 papa
669 605 749 660 fuerit
775 603 983 669 confirmatum,
1035 620 1088 675 que
1102 603 1250 672 facultates,
1268 621 1329 676 quae
1351 605 1501 660 secundum
1516 605 1740 662 chalcedonense
1770 624 1839 664 con-

168 697 341 763 ,couditione
357 703 475 762 serrata,
493 711 573 766 quam
594 703 620 749 et
648 694 797 764 apostoliea
825 694 906 748 sedes
933 708 984 764 pro
1034 691 1126 747 cilium
1141 693 1274 757 (comiti)
1289 709 1375 764 penes
1390 709 1560 749 aeconomum
1579 693 1668 750 futuro
1684 695 1841 752 dubuerant

183 786 369 843 ecclesiastico
385 786 479 857 vigore
494 784 527 837 ab
541 783 669 838 omnibus
685 782 803 853 petimus
818 781 898 837 faciat
915 797 984 837 con·
1035 781 1171 836 reservari
1185 781 1325 852 episcopo,
1343 782 1400 837 suis
1414 799 1580 854 suorumque
1599 784 1694 838 usibus
1718 800 1836 858 arroga-

183 875 298 941 servari,
314 883 340 929 et
354 890 370 927 a
384 882 473 928 vestra
502 871 669 927 fraternitate
695 886 811 927 necesse
835 879 877 925 est
890 870 984 942 provi·
1034 868 1073 923 vit
1084 887 1092 936 3
1103 870 1268 925 decernente
1282 870 1342 940 ipso
1357 871 1473 935 concilio
1486 880 1514 925 ut
1530 886 1577 926 eos
1593 872 1638 943 qui
1651 873 1710 927 ausi
1737 872 1838 929 fuerint

182 963 300 1028 derina
317 964 377 1031 hac,
394 961 466 1032 quod
482 961 561 1023 absit,
578 959 721 1016 occasione
748 959 937 1015 auctoritatem
957 959 984 1013 in
1034 965 1096 1028 post
1105 956 1293 1013 diffinitionem
1307 975 1415 1031 maguae
1424 968 1451 1014 et
1467 960 1627 1015 universalis
1642 961 1722 1030 hujus
1738 963 1835 1033 synodi

183 1052 268 1107 sacris
282 1050 422 1105 ordinibus
438 1049 608 1104 ministrandi
631 1057 771 1118 usurpent,
789 1049 834 1119 qui
849 1048 986 1119 autpeni-
1035 1046 1183 1118 quidquam
1198 1064 1231 1102 ex
1253 1048 1296 1102 hie
1320 1065 1380 1120 quae
1408 1056 1470 1103 suut
1498 1049 1632 1119 prohibita
1658 1059 1832 1121 perpetrare,

185 1147 229 1194 tus
243 1155 298 1194 non
311 1139 479 1209 acceperint,
496 1145 543 1192 aut
557 1145 654 1193 contra
682 1138 791 1208 regulas
819 1138 983 1207 acceperint,
1035 1135 1155 1191 decrevit
1171 1136 1398 1207 sanctasynodus
1415 1138 1491 1208 (can.
1518 1142 1560 1208 tar
1585 1154 1600 1192 a
1616 1139 1726 1209 proprio
1742 1141 1836 1208 huJus·

182 1227 226 1282 tel
240 1228 338 1298 quibus
353 1226 517 1297 regulariter
526 1224 982 1282 ministeriumfueritinterdictum.
1035 1224 1109 1277 modi
1126 1225 1210 1296 gradu
1230 1227 1378 1280 recedere:
1398 1234 1425 1279 et
1448 1226 1617 1282 Antiocheno
1644 1228 1772 1293 concilio,
1804 1229 1838 1285 dc

187 1313 321 1383 Quoniam
336 1315 359 1369 si
375 1315 427 1369 hoc
443 1314 553 1384 impune
569 1313 649 1369 fuerit
672 1313 785 1379 licitum,
805 1314 894 1370 omnis
916 1313 985 1370 ordo
1035 1311 1169 1366 damnatis
1180 1313 1282 1384 aliquid
1310 1315 1537 1385 praesumentibus
1561 1316 1595 1369 dc
1624 1315 1788 1382 ministerio,
1809 1326 1837 1371 ut

185 1412 213 1460 et
227 1403 306 1475 vigor
322 1402 525 1458 ecclesiasticus
535 1418 589 1456 uon
604 1411 705 1456 tautum
720 1403 835 1468 nutabit,
856 1411 985 1475 quantum
1035 1401 1109 1455 nullo
1125 1403 1206 1456 modo
1221 1402 1300 1457 liceat
1314 1403 1353 1458 eis
1368 1419 1419 1458 nec
1432 1403 1460 1457 in
1476 1403 1530 1457 alia
1545 1405 1649 1474 synodo
1660 1421 1738 1475 spem
1754 1406 1836 1460 resti·

185 1492 294 1561 penitus
309 1489 500 1546 confundetur.
518 1491 586 1546 Sunt
600 1506 662 1546 cum
676 1491 735 1546 istis
750 1499 776 1546 et
791 1491 854 1554 elia,
871 1492 905 1546 de
923 1490 985 1562 qui·
1036 1489 1147 1544 tutionis
1162 1491 1275 1545 habere.
1297 1492 1329 1545 Et
1344 1492 1379 1545 ab
1394 1493 1445 1546 hac
1466 1492 1680 1562 presumptione
1709 1494 1834 1564 synodali

184 1579 236 1634 bus
251 1578 468 1649 providedomni
484 1579 624 1649 apostolici
646 1595 751 1633 summa
778 1579 935 1645 auctoritas,
959 1588 985 1634 et
1037 1579 1208 1644 auctoritate,
1224 1580 1302 1647 cujus
1317 1581 1448 1634 habemus
1463 1580 1693 1646 constitutionem,
1719 1597 1836 1638 revoca-

187 1667 239 1722 suh
254 1668 313 1736 ejus
327 1667 484 1738 magisterio
495 1668 557 1722 hinc
585 1676 674 1722 vestra
690 1669 777 1723 solers
802 1668 987 1723 considerabit
1001 1674 1090 1752 Btus,
1104 1668 1216 1735 jubente
1232 1668 1357 1736 Domino,
1374 1668 1397 1722 si
1410 1669 1566 1738 peccaverit
1589 1667 1674 1724 frater
1701 1679 1774 1735 tuus,
1792 1671 1835 1724 in-

185 1755 332 1827 sagacitas,
348 1772 409 1827 quae
426 1756 453 1809 iu
470 1756 523 1810 alio
535 1755 754 1826 diplomatemea
769 1757 847 1811 robis
861 1757 987 1812 ostendet
1038 1770 1118 1825 crepa
1134 1755 1218 1821 illum,
1236 1764 1261 1809 et
1280 1757 1302 1810 si
1317 1757 1504 1827 penitentiam
1529 1757 1626 1830 egerit,
1656 1757 1761 1813 dimitte
1787 1758 1835 1826 illi,

185 1843 333 1910 humilitas,
349 1860 384 1899 ue
401 1845 453 1898 sub
468 1844 547 1913 hujus
569 1845 609 1899 rei
635 1845 780 1900 occasione
805 1845 834 1900 in
860 1845 987 1901 Ecclesia
1037 1858 1089 1913 per
1103 1843 1295 1898 satisfactionis
1318 1844 1440 1899 libellum
1466 1846 1575 1916 propria
1598 1861 1679 1900 manu
1699 1845 1836 1901 firmatum

183 1933 290 2003 possint
314 1932 429 2005 emergi.
455 1934 550 1988 Vestra
579 1942 669 1987 autem
696 1934 841 2004 prudentia
870 1942 896 1988 et
927 1935 985 1990 baec
1037 1932 1161 2001 recipere
1176 1933 1408 1998 communionem,
1426 1950 1478 2003 qua
1501 1934 1662 2006 regulariter
1687 1936 1835 1990 secundum

183 2019 293 2084 clarius,
304 2030 330 2075 et
344 2021 405 2086 alia,
423 2039 484 2093 quae
498 2038 595 2077 sensus
610 2022 664 2078 mei
678 2023 798 2092 paucitas
821 2038 875 2078 nen
897 2031 986 2093 potest
1035 2020 1162 2074 Niemnos
1174 2030 1201 2075 et
1215 2021 1451 2077 chalcedonenses
1466 2037 1586 2077 canones
1602 2038 1633 2077 ac
1649 2023 1761 2078 decreta
1782 2024 1835 2079 Ge·

183 2109 327 2181 attingere,
344 2109 581 2181 contemplabitur,
593 2119 620 2165 et
631 2111 722 2166 domni
732 2110 873 2181 apostolici
887 2127 985 2181 super·
1034 2107 1096 2162 lasii
1112 2108 1199 2163 fuerat
1212 2110 1340 2180 privatus,
1358 2111 1516 2180 promeruit,
1540 2110 1607 2165 sicut
1628 2111 1701 2166 idem
1726 2112 1786 2182 ipse
1809 2113 1838 2166 li·

183 2198 307 2252 eminens
322 2198 458 2269 sapientia
480 2198 565 2253 multo
585 2198 729 2254 sollicitius
744 2208 770 2254 et
795 2199 897 2254 videbit
924 2215 984 2271 quae
1035 2195 1134 2264 bellus,
1150 2197 1263 2269 quiprae
1277 2198 1402 2253 manibus
1425 2200 1542 2253 habetur
1570 2200 1699 2255 ostendit.
1730 2201 1760 2253 ln
1783 2217 1835 2271 quo

181 2285 350 2357 providenda
365 2295 437 2352 sunt,
458 2295 483 2340 et
497 2287 680 2356 presentibus
694 2287 829 2342 medelam
844 2295 871 2342 et
887 2286 985 2342 futuris
1035 2285 1086 2339 sub
1097 2285 1273 2353 jurejurando
1288 2303 1338 2356 per
1354 2295 1473 2341 sanctam
1488 2287 1645 2342 Trinitatem
1671 2288 1752 2342 unius
1776 2289 1835 2343 dei-

183 2372 304 2442 imponet
319 2374 483 2430 custodiam.

468 2477 638 2536 EPISTOLA
652 2481 697 2536 Vl.

303 2583 340 2622 aa
356 2583 506 2624 sarecenos
521 2583 623 2623 srxonr
638 2584 862 2625 suassmanssrs.

179 2675 219 2729 De
233 2674 359 2745 l'alsodo,
374 2675 446 2747 qnod
470 2676 675 2746 lingonensem
701 2677 854 2731 Ecclesiam
867 2681 981 2748 pastore
1047 2724 1053 2735 .

215 2746 362 2801 viduatam
377 2763 515 2816 reserpere
522 2747 743 2819 pres-empserit,
760 2750 980 2818 ocpcraatiafn-

215 2816 319 2871 ctionia
337 2817 465 2871 libellum
498 2833 646 2887 nunquam
660 2833 689 2871 ac
715 2818 838 2872 olferius
861 2819 897 2873 ed
918 2836 982 2890 qra-

216 2887 304 2941 duurn
325 2888 582 2942 ecclesiasticorum
597 2888 878 2943 adareinistretioncm
903 2890 980 2960 napi-

218 2960 353 3013 rufarem
366 2959 511 3029 professos
526 2958 575 3012 ait.

451 3063 543 3133 (Apud
558 3063 709 3132 eumdem.)

1034 2372 1095 2426 tatis
1109 2373 1249 2443 professus
1265 2384 1306 2429 est
1320 2391 1349 2429 se
1366 2387 1504 2446 nunquam
1519 2384 1546 2430 et
1565 2392 1700 2448 nusquam
1724 2378 1760 2432 ad
1783 2377 1835 2432 sibi

1034 2460 1205 2517 interdictam
1218 2463 1467 2534 praesumptionem,
1484 2465 1558 2518 etad
1592 2465 1728 2536 graduum
1743 2466 1833 2521 eccle·

1034 2548 1208 2605 siasticorum
1223 2552 1483 2607 administrationem
1503 2552 1619 2607 ulterius
1644 2554 1834 2624 aspiraturum,

1032 2653 1120 2708 neque
1137 2639 1218 2693 aliam
1235 2640 1389 2708 hujusmodi
1405 2641 1596 2706 temeritatem,
1612 2658 1725 2713 quapax
1740 2643 1833 2699 Eccle-

1032 2741 1079 2780 srae
1095 2726 1182 2782 valeat
1210 2728 1374 2797 perturbari,
1396 2736 1422 2783 et
1447 2728 1525 2801 quies
1553 2729 1730 2785 sacerdotalis
1748 2731 1834 2800 possit

1029 2813 1184 2884 inquietari,
1203 2816 1320 2870 scienter
1334 2816 1377 2871 rel
1391 2817 1508 2871 libenter
1523 2817 1634 2872 ulterius
1661 2818 1829 2873 moliturum.

1031 2899 1118 2968 Quem
1133 2903 1253 2956 libellum
1269 2920 1360 2959 coram
1372 2904 1508 2974 episcopis
1520 2905 1635 2960 Pardulo
1648 2906 1832 2973 Laudunensi,

1031 2989 1182 3046 Guntberto
1197 2992 1367 3057 Ebroicensi,
1383 2993 1468 3048 iliaca
1484 2993 1588 3059 Parisii,
1607 3009 1752 3064 coramque
1767 3012 1833 3067 rege

1031 3086 1058 3131 et
1073 3079 1279 3150 quamplurimis
1294 3080 1362 3150 aliis,
1380 3081 1458 3136 nobis
1470 3081 1606 3149 judicibus
1621 3082 1678 3136 suis
1697 3098 1714 3138 a
1729 3084 1834 3154 syuodo

213 3171 377 3225 Hincuauus
391 3169 723 3240 llhemorumepiscopus,
736 3171 869 3235 hernioso,
882 3171 982 3226 Wsnr·
1033 3168 1185 3222 constitutis
1205 3169 1341 3239 porrexit;
1358 3170 1524 3225 decernente
1538 3170 1618 3225 beato
1641 3170 1787 3243 Gregorio,
1805 3181 1833 3227 ut

176 3274 252 3328 tour,
274 3267 300 3312 et
316 3258 422 3314 caeteris
437 3258 652 3328 archiepiscopis
668 3267 694 3313 et
716 3259 862 3330 episcopis,
888 3259 982 3315 domni
1032 3264 1202 3310 revertentes
1216 3272 1230 3308 a
1245 3257 1392 3312 schismate
1403 3259 1580 3327 jurejurando
1604 3257 1783 3329 profiteantur
1807 3269 1833 3316 ct

174 3363 252 3419 papae
262 3346 367 3402 Nicolai
382 3346 538 3403 auctoritate
553 3347 588 3401 ad
603 3347 748 3417 synodum,
765 3363 819 3420 quo
830 3357 856 3404 et
873 3349 980 3421 exigui·
1032 3344 1212 3409 subscribant,
1231 3362 1261 3400 se
1276 3362 1415 3417 nunquam
1430 3347 1465 3402 ad
1480 3348 1598 3401 schisma
1612 3364 1666 3419 quo
1690 3348 1831 3403 redierant

175 3442 259 3491 tatem
269 3451 359 3491 meam
368 3451 432 3491 cum
441 3435 613 3506 coepiscopis
625 3436 727 3491 uostris
738 3436 831 3492 venire
840 3438 979 3508 precepit,
1031 3447 1200 3515 reversuros
1216 3434 1250 3487 Et
1264 3435 1414 3489 secuudum
1438 3435 1609 3490 traditionem
1628 3436 1727 3491 Leonis
1756 3454 1833 3509 papae

173 3524 287 3590 iahanc
301 3525 465 3580 Sucssorum
479 3525 618 3580 civitatem
641 3541 693 3603 pre
718 3541 801 3580 causa
825 3525 930 3581 Vulfadi
954 3536 981 3582 ct
1031 3521 1175 3577 scribentis
1189 3522 1223 3575 ad
1237 3523 1394 3577 ianuarium
1405 3524 1563 3594 episcopum
1578 3526 1670 3596 (epist.
1688 3525 1715 3591 3)
1732 3543 1739 3578 ;
1759 3525 1832 3581 «Sa-

173 3614 340 3685 cellegarum
354 3614 413 3681 ejus
428 3615 595 3669 convocatis,
1030 3609 1206 3665 lubcrrimum
1221 3619 1272 3675 est,
1288 3611 1384 3682 inquit,
1402 3620 1428 3667 et
1452 3612 1581 3682 spiritalis
1600 3613 1744 3669 medicinae
1759 3614 1831 3669 utili·

208 3702 288 3771 Quod
303 3703 402 3756 invitus
427 3703 500 3764 dico,
517 3711 544 3756 et
558 3703 728 3772 supprimere
757 3703 784 3755 in
812 3710 897 3756 totum
926 3719 980 3759 uon
1030 3706 1083 3753 tate
1098 3699 1296 3769 plenissimum,
1314 3708 1342 3753 ut
1362 3700 1420 3755 sire
1435 3701 1599 3771 presbyteri,
1630 3702 1686 3756 sive
1709 3702 1829 3768 diaconi,
1868 3733 1873 3739 ·

171 3791 268 3853 audeo,
285 3788 402 3844 neforto
416 3790 481 3842 mihi
495 3790 529 3842 ab
544 3790 587 3843 his
602 3790 647 3861 qui
664 3791 717 3844 hoc
744 3789 833 3844 sciunt
857 3790 980 3860 impute-
1029 3786 1073 3842 ael
1082 3787 1223 3855 cujuslibet
1239 3787 1342 3842 ordinis
1357 3789 1459 3854 clerici,
1475 3789 1520 3860 qui
1536 3805 1566 3844 se
1580 3799 1717 3845 correctos
1745 3791 1831 3846 rideri

173 3885 216 3933 tur
230 3877 304 3948 quod
318 3876 464 3931 calliditate
487 3877 578 3948 aliqua
606 3878 799 3933 occultaverim
824 3878 977 3944 veritatem,
1028 3875 1131 3942 volunt,
1147 3875 1222 3945 prius
1237 3891 1360 3931 errorem
1376 3892 1455 3931 suum
1470 3877 1619 3933 damnaria
1641 3893 1671 3932 se
1690 3878 1750 3934 sine
1769 3895 1830 3934 am-

173 3965 237 4020 ersi
252 3966 310 4019 haee
323 3979 415 4029 causa,
431 3964 510 4033 juxta
526 3974 649 4019 veterum
665 3966 885 4022 constitutionem
901 3968 977 4036 judi·
1028 3962 1159 4035 biguitate
1187 3961 1321 4017 fateantur
1346 3972 1396 4018 :ut
1409 3965 1535 4019 sensibus
1564 3965 1659 4036 pravis
1681 3974 1707 4021 et
1726 3966 1829 4021 dudum

172 4050 215 4108 cio
230 4052 353 4123 syuodab
367 4052 486 4117 decreta,
513 4053 570 4107 sine
586 4051 744 4109 diffinitione
759 4055 897 4125 synodalis
912 4072 978 4110 sen·
1028 4051 1177 4123 peremptis
1193 4051 1266 4106 nulla
1282 4052 1420 4122 aspirandi
1435 4053 1553 4123 supersit
1576 4054 1695 4120 occasio,
1719 4071 1771 4111 uec
1786 4055 1828 4109 ul-

172 4141 264 4196 tentiae
276 4141 359 4196 modo
374 4140 496 4211 quolibet
511 4140 592 4195 fuerit
608 4140 754 4214 refragata,
780 4143 880 4199 dilecto
904 4144 978 4200 fratri
1026 4139 1084 4194 lum
1108 4140 1260 4194 membrum
1290 4141 1422 4197 Ecclesia
1455 4141 1547 4196 talium
1576 4142 1662 4213 possit
1696 4143 1828 4199 societate

172 4236 265 4285 nostro
278 4228 393 4285 Vulfado
404 4230 439 4284 ad
450 4246 549 4284 noxam
561 4231 747 4303 cujuscunque
758 4231 977 4288 redivirofurore
1027 4228 1134 4297 violari,
1150 4244 1211 4282 cum
1226 4230 1376 4298 peremnia
1389 4230 1441 4284 illis
1456 4230 1589 4300 professio
1610 4231 1717 4300 propria
1731 4247 1827 4302 coepe·

169 4319 259 4375 valeat
271 4318 404 4389 deputari.
422 4319 513 4373 Isdem
528 4334 645 4390 namque
653 4320 768 4375 dilectus
778 4320 862 4375 frater
872 4331 974 4387 noster,
1026 4317 1060 4372 rit
1070 4317 1191 4372 ebriare.
1212 4338 1222 4366 a
1236 4318 1270 4371 Et
1285 4319 1320 4373 ad
1333 4318 1827 4389 Flauianumconstantinopolitanum

168 4416 230 4480 post
245 4407 335 4464 omnia
346 4423 410 4478 ¹quaa
424 4407 459 4462 de
476 4423 525 4462 sun
542 4416 568 4462 et
583 4408 750 4481 collegarum
774 4426 886 4465 suorum
901 4410 973 4478 adju-
987 4397 1013 4457 D
1025 4406 1184 4477 episcopum
1207 4407 1242 4462 de
1271 4422 1385 4461 erroneo
1409 4407 1443 4460 ab
1470 4407 1657 4462 ecclesiastica
1682 4408 1827 4479 disciplina

168 4497 304 4552 dicatione
317 4512 333 4549 a
347 4496 452 4568 synodo
472 4496 663 4566 episcoporum
680 4498 799 4570 quinque
814 4499 972 4570 provincia-

170 4601 229 4640 rum
244 4585 367 4650 diffinita,
385 4594 440 4640 eta
455 4585 529 4640 sedis
552 4586 709 4655 apostolica».
738 4588 897 4642 auctoritate
923 4588 973 4642 sub

168 4673 349 4728 anathematis
363 4674 571 4745 interpositione
588 4683 649 4728 suut
665 4673 833 4740 confirmata,
851 4677 910 4732 siae
926 4692 973 4731 au-

169 4758 271 4814 dientia
286 4768 313 4815 et
338 4763 452 4817 consilio
475 4762 639 4833 episcopalis
667 4763 775 4818 concilii
798 4765 972 4820 sacerdotum

172 4846 218 4918 qui
232 4862 295 4900 eum
307 4848 508 4918 judicaverunt,
539 4851 652 4923 sineque
681 4850 843 4907 auctoritate
858 4852 972 4908 Romani

168 4932 305 5006 pontilicis
334 4936 380 5004 qui
398 4937 456 5007 ipsa
479 4940 579 5007 judicia
607 4937 788 5004 confirmarit,
818 4940 972 4997 inconsulta

169 5023 251 5081 etiam
274 5024 422 5078 Rhcmeusi
446 5026 581 5094 Ecclesia,
603 5038 677 5084 extra
705 5029 872 5099 provinciam
901 5032 969 5100 ejus,

170 5112 198 5167 in
212 5129 266 5184 qua
281 5111 442 5181 baptizatus,
460 5120 486 5166 et
501 5114 527 5167 in
544 5116 673 5173 clericum
690 5125 793 5187 tonsus,
823 5126 903 5189 atque
923 5135 972 5188 per

168 5200 261 5272 plures
277 5216 364 5256 annos
378 5199 406 5253 in
420 5200 545 5254 Ecclesia
561 5205 668 5272 publice
697 5221 791 5261 sacras
816 5206 971 5276 Scripturas

167 5289 244 5360 legit,
261 5289 307 5343 ubi
326 5289 394 5344 sicut
418 5287 576 5344 Africanum
598 5292 718 5348 decrerit
741 5295 886 5350 concilium
909 5311 968 5367 cap.

168 5379 203 5431 58
217 5385 360 5448 postquam
375 5377 461 5433 semel
471 5377 546 5450 legit,
563 5377 597 5433 ab
611 5379 663 5435 alia
680 5383 805 5438 Ecclesia
819 5385 970 5441 inconsulte

169 5465 253 5536 recipi
272 5480 326 5521 non
346 5466 486 5535 debuerat,
510 5466 580 5522 sicut
599 5467 672 5523 idem
688 5472 835 5528 concilium
849 5490 912 5545 cap.
936 5479 967 5529 ar

1023 4494 1118 4568 (epist.
1137 4499 1181 4566 ll)
1199 4514 1205 4549 :
1223 4496 1261 4557 Si.
1279 4496 1375 4566 inquit,
1392 4493 1507 4550 fideliter
1522 4503 1568 4550 aut
1585 4495 1783 4563 utiliterdolet,
1800 4506 1827 4552 et

1024 4600 1103 4656 quam
1120 4592 1193 4639 recte
1208 4583 1325 4639 motasit
1349 4583 1513 4654 episcopalis
1538 4584 1683 4639 auctoritas
1700 4586 1743 4640 rel
1762 4602 1826 4641 sero

1023 4672 1175 4745 cognoscit,
1200 4674 1244 4728 uel
1268 4673 1291 4727 si
1319 4673 1353 4727 ad
1381 4671 1573 4727 satisfactionis
1602 4673 1823 4742 plenitudinem,

1022 4763 1114 4816 emnia
1128 4779 1189 4833 quaa
1203 4761 1237 4816 ab
1258 4778 1291 4817 eo
1309 4761 1378 4815 male
1408 4769 1470 4814 sunt
1498 4776 1589 4825 sensa,
1623 4761 1684 4815 viva
1707 4777 1776 4816 voce
1799 4771 1824 4817 et

1021 4850 1147 4920 praesenti
1163 4849 1361 4919 subscriptione
1380 4849 1558 4913 damnaverit,
1575 4864 1630 4903 nou
1651 4849 1703 4903 erit
1724 4866 1822 4920 repre-

1020 4937 1162 4993 hensibilis
1178 4953 1244 5007 erga
1258 4944 1412 4992 correctum
1441 4937 1679 5008 quantulacunque
1704 4937 1823 4992 misera-

1021 5026 1069 5092 tio,
1086 5025 1149 5098 qula
1163 5025 1296 5080 Dominus
1311 5033 1405 5079 noster
1419 5041 1502 5079 verus
1516 5034 1542 5079 et
1557 5026 1644 5081 bonus
1660 5026 1765 5087 Pastor,
1776 5026 1823 5096 qui

1009 5115 1140 5170 'animam
1156 5131 1234 5168 suam
1248 5113 1339 5184 posuit
1353 5129 1404 5183 pro
1418 5113 1514 5168 ovibus
1538 5114 1603 5177 suis,
1620 5121 1646 5168 et
1673 5114 1719 5185 qui
1747 5114 1822 5168 venit

1021 5204 1126 5258 animas
1143 5203 1249 5258 salvare
1262 5219 1316 5258 nou
1331 5203 1456 5273 perdere,
1474 5202 1621 5256 imitatores
1632 5218 1683 5257 nos
1693 5217 1750 5256 suae
1767 5202 1824 5257 vult

1021 5308 1081 5348 esse
1095 5291 1212 5362 pietatis,
1229 5299 1256 5345 ut
1273 5299 1418 5362 peccantes
1429 5291 1533 5359 justitia
1547 5301 1681 5356 coerceat,
1697 5306 1817 5346 couver-

1021 5396 1066 5435 sos
1081 5388 1171 5435 autem
1193 5380 1377 5435 misericordia
1401 5395 1456 5435 uon
1484 5378 1608 5450 repellat.
1638 5380 1672 5433 Et
1696 5379 1762 5433 item
1785 5380 1821 5433 ad

1020 5468 1176 5526 anatolium
1192 5467 1519 5538 constantinopolitanum
1534 5467 1693 5538 episcopum
1720 5466 1755 5521 de
1770 5470 1822 5521 nt-
