3826 6098
212 248 263 305 tos

728 252 896 310 ntn'Ctttttt
925 248 1127 308 annuntiato
1155 248 1429 307 anetttttetscoet.

1814 240 1867 302 ιιι

213 379 251 434 tia
265 384 456 452 cognoscatur.
478 400 487 428 ι
511 378 545 433 tn
567 380 653 435 item:
673 401 683 427 r
702 377 840 449 Quidquid
868 376 1013 450 praesenti-
1029 374 1100 436 Arre
1115 375 1225 431 luerint.
1242 374 1312 445 Quia
1334 390 1398 430 vero
1414 384 1516 430 certum
1539 382 1579 429 est
1602 384 1627 429 te
1644 389 1697 429 nen
1715 372 1866 429 secundnm

213 466 264 522 bus
283 466 405 538 partibus
431 465 459 522 in
488 467 577 522 causis
600 467 681 522 luerit
710 467 873 532 ordinatum,
903 465 1014 521 habebit

211 553 399 629 plenissimam
413 552 577 620 firmitatem,
594 571 645 611 nec
660 555 760 626 poterit
778 555 922 609 immutari.
942 575 953 602 r
978 554 1012 609 Et

184 651 190 657 “
212 641 277 701 item
295 660 302 699 ε
322 666 333 694 a
352 643 394 698 lla
409 660 479 715 quae,
496 644 581 699 altera
596 652 674 715 parte
688 643 800 699 absente
816 643 1011 708 decernuntur,

214 731 269 789 arn
290 747 383 788 rerum
403 730 583 802 judicatarum
603 747 663 801 non,
689 731 821 787 obtinent.
841 756 851 779 ι»
880 732 915 785 Et
936 732 1011 795 item,

215 819 288 892 quod
315 827 342 876 et
376 828 486 875 sanetus
514 820 664 893 Gregorius
693 821 720 874 in
748 818 956 875 commonitorio
978 818 1012 874 ad

212 904 346 964 loannem
386 906 560 964 defensorem
599 916 706 963 euntem
741 907 769 961 in
797 907 941 978 Hispanias
978 922 1010 963 ea

1065 462 1114 518 bas
1128 464 1238 536 regulas
1250 464 1396 533 judicasse,
1414 480 1464 519 nec
1480 478 1512 520 ex
1527 476 1661 518 consensu
1676 463 1793 533 partium
1809 461 1866 518 ele·

1063 559 1123 606 ctus
1138 552 1165 605 in
1179 553 1230 608 hac
1240 551 1405 621 judicatione
1417 553 1501 621 judex
1516 550 1599 615 luisti,
1621 566 1637 605 a
1652 558 1678 606 te
1698 549 1790 620 judice
1816 562 1866 606 ec·

1064 639 1218 696 ctesiastico
1233 641 1267 694 ad
1282 656 1325 695 me
1340 640 1451 708 maioris
1467 639 1636 695 auctoritatis
1642 638 1764 708 judicem
1778 637 1867 694 eccle·

1064 727 1204 784 siastIcum
1215 728 1338 797 judicati,
1354 729 1423 784 sicut
1437 736 1464 784 et
1478 726 1611 794 lecerunt,
1636 727 1787 783 debuerant
1802 741 1866 798 pro·

1063 831 1171 882 vocare,
1190 825 1216 871 et
1231 825 1274 870 tua
1289 816 1387 885 injusta
1401 816 1559 871 sententiaa
1572 831 1617 870 me
1627 823 1669 870 est
1677 822 1867 886 competenter

1063 904 1149 959 soluta
1164 906 1288 970 Placuit,
1311 903 1397 975 inquit
1421 902 1637 976 carthaginense
1658 903 1867 968 consiliumet

214 992 322 1072 legibus
358 995 473 1052 novellas
513 995 713 1051 constitutionis
744 996 867 1066 ‘capitulo
905 996 1012 1052 decimo
1062 994 1300 1066 aquibascunque
1312 993 1454 1064 judicibus
1470 992 1670 1049 ccclestasticis
1684 990 1808 1047 adalim
1814 993 1862 1064 ja·

213 1092 290 1142 sexto
313 1084 347 1141 de
376 1083 490 1141 testibus
516 1084 627 1155 posuit,
649 1093 674 1139 et
699 1083 859 1139 canonicum
879 1101 941 1140 esse
964 1085 1012 1140 de·
1065 1081 1140 1136 dices
1149 1083 1363 1147 ecclesiasticos,
1382 1082 1430 1136 ubi
1445 1084 1488 1137 est
1497 1083 1589 1152 major
1597 1080 1765 1149 conteritas,
1773 1076 1866 1151 suerit

213 1171 322 1229 crevit:
348 1196 359 1222 a
390 1172 448 1228 Hoc
473 1187 590 1244 quoque,
617 1172 752 1244 inquiens,
783 1173 881 1242 saepius
923 1187 1012 1245 agnu-
1062 1167 1866 1242 provocatam,aoncdobsitqeoromsaeritsolatasen·

215 1259 314 1330 vimus,
338 1259 464 1332 quoniam
491 1259 612 1330 quidam,
637 1267 682 1313 aut
710 1261 782 1330 apud
803 1259 926 1316 locorum
960 1261 1012 1316 de·
1065 1257 1571 1327 lentimsiconaiacinoapotnerint,
1584 1257 1628 1311 vel
1641 1256 1866 1312 inimicoonimo

213 1348 349 1415 fensores,
370 1354 417 1402 aut
448 1347 521 1416 apud
553 1347 721 1402 clarissimos
744 1348 946 1419 provinciamm
973 1350 1012 1418 jn·
1057 1345 1213 1417 judicasse,
1231 1345 1376 1417 arctatique
1385 1345 1550 1416 cupiditate,
1567 1348 1618 1400 nat
1627 1345 1721 1415 grotta
1732 1342 1866 1414 depraua-

214 1428 299 1505 dices,
328 1443 374 1490 aut
402 1433 483 1490 etiam
512 1443 541 1489 ut
556 1435 657 1492 assolet
671 1435 715 1491 hic
743 1437 815 1507 apud
830 1436 1013 1492 clarissimum
1063 1435 1096 1500 tt,
1106 1442 1133 1488 et
1147 1433 1262 1506 reliqua.
1273 1430 1340 1500 Quae
1350 1434 1483 1488 sententia
1494 1440 1583 1487 utrum
1597 1439 1624 1487 te
1639 1447 1675 1487 an
1687 1446 1744 1488 non
1758 1438 1864 1505 tangat,

213 1523 376 1596 magistrum
414 1539 514 1578 census
556 1523 747 1596 ingrediuntur
788 1531 814 1580 et
851 1533 1010 1597 queruntur,
1063 1522 1131 1575 ratio
1146 1521 1206 1591 ipsa
1235 1520 1412 1575 demonstrat.
1435 1522 1514 1576 Nunc
1536 1519 1678 1576 uideamus
1699 1519 1765 1592 quid
1794 1519 1865 1576 sacri

216 1706 262 1755 aut
280 1696 360 1755 aliter
382 1697 538 1769 injustitiam
567 1700 742 1770 sustinentes,
773 1709 818 1755 aut
845 1700 1011 1757 damnificati
1026 1696 1231 1786 Brincialibus‚
1249 1713 1297 1767 pro
1312 1696 1458 1767 incognitis
1473 1697 1564 1752 causis
1582 1697 1691 1767 primati
1713 1695 1865 1768 provincie

215 1794 299 1845 testes
312 1786 405 1842 uoluat
419 1787 581 1859 producere.
605 1791 639 1841 at
654 1804 688 1843 ne
701 1796 795 1858 postea
810 1789 952 1858 objiciatur
971 1789 1011 1845 eis
1064 1792 1089 1839 et
1103 1786 1210 1840 caeteris
1226 1785 1362 1856 episcopis
1378 1785 1654 1842 excommunicantur.
1673 1806 1684 1835 a
1701 1785 1743 1840 De
1756 1784 1812 1855 bis,
1827 1786 1864 1840 in·

216 1874 279 1951 quia
294 1891 343 1947 per
353 1890 435 1930 unam
450 1884 554 1946 partem
565 1882 641 1950 gesta
649 1875 772 1932 conlecta
783 1885 853 1944 sunt,
870 1883 977 1947 oportet
986 1886 1012 1932 et
1064 1873 1158 1944 quiunt
1172 1873 1276 1928 niceni
1296 1888 1416 1928 canones
1440 1882 1515 1937 (tatt-
1539 1872 1577 1943 5),
1602 1873 1648 1946 qui
1671 1873 1864 1929 ⁰⁰¹¹¹¹¹¹¹¹¹¹l⁰¹¹0

214 1956 291 2018 lllum
306 1963 352 2036 qui
367 1963 513 2035 impetitur,
525 1964 552 2018 in
573 1964 633 2034 ipsa
648 1964 755 2019 civitate
775 1965 951 2020 constitutum
966 1965 1012 2020 ubi
1063 1962 1213 2031 privantur,
1230 1978 1277 2016 sen
1292 1977 1324 2016 ex
1340 1962 1412 2016 clero
1428 1979 1475 2016 seu
1491 1978 1524 2016 eu
1540 1962 1610 2016 laico
1625 1961 1732 2030 ordine,
1751 1963 1787 2017 ab
1802 1961 1862 2033 epi·

214 2051 368 2107 testimonia
381 2052 490 2118 dantur,
507 2051 672 2107 admonitura
684 2066 701 2106 a
713 2052 870 2122 judicesive
884 2069 900 2107 a
914 2054 1011 2108 defen·
1064 2049 1154 2119 scopis
1168 2066 1218 2120 per
1231 2065 1448 2122 unamquamque
1462 2050 1642 2121 provinciam,
1667 2050 1801 2105 sententia
1816 2064 1864 2106 re·

215 2154 288 2205 aere,
305 2138 488 2196 advenireaut
502 2139 596 2194 audire
608 2147 701 2195 testes.
715 2140 744 2195 Si
759 2156 822 2197 vero
839 2141 954 2197 noluerit
969 2141 1014 2196 ad·
1063 2137 1165 2208 galeris
1180 2138 1308 2205 obtineat,
1327 2147 1355 2192 ut
1370 2138 1396 2191 bi
1411 2138 1456 2210 qui
1476 2137 1638 2207 abjiciuntur
1662 2138 1697 2194 ab
1722 2138 1785 2192 aliis
1809 2150 1863 2195 non

214 2224 318 2293 venire,
335 2227 384 2283 sed
398 2228 591 2298 contempserit
605 2235 632 2282 ut
648 2244 680 2283 ex
695 2230 748 2283 boc
762 2229 796 2284 ab
811 2245 864 2283 una
877 2238 954 2300 parte
969 2237 1012 2285 te·
1063 2225 1245 2296 ιθιίρίιιιίιιις
1271 2226 1425 2296 requiratur
1449 2235 1548 2288 sulem.
1575 2242 1609 2282 ιιι
1631 2225 1863 2298 pusillanimitate.

217 2313 342 2369 stimonia
355 2314 477 2368 adversis
491 2315 574 2369 aliam
597 2315 701 2370 inutilia
715 2316 779 2380 sint,
801 2317 939 2371 sancimus
960 2318 1012 2372 tru—
1063 2323 1108 2368 aut
1123 2313 1306 2381 contentione,
1324 2314 1366 2370 rel
1383 2313 1437 2369 alio
1453 2314 1572 2385 quolibet
1587 2313 1708 2386 episcopi
1733 2314 1800 2371 uitio
1820 2315 1862 2370 ei·

212 2400 331 2472 jusmodi
345 2401 497 2457 testimonia
512 2402 550 2456 ita
563 2402 664 2467 valere,
676 2410 804 2474 tanquam
820 2405 844 2458 si
857 2421 911 2460 non
922 2421 1029 2464 exure,
1064 2402 1158 2457 deatur
1172 2418 1188 2456 a
1203 2386 1414 2473 congregatione
1430 2402 1562 2458 seclusus.
1575 2403 1610 2458 Ut
1619 2403 1672 2459 hoc
1682 2416 1750 2476 ergo
1765 2402 1864 2460 decen·

216 2494 292 2569 parte
306 2487 496 2556 consisterent,
513 2491 562 2545 sed
577 2490 659 2544 etiarn
673 2491 733 2561 ipso
748 2501 883 2561 prasente
899 2491 1013 2548 luissent
1063 2489 1116 2543 tius
1146 2488 1308 2561 inquiratur,
1337 2491 1407 2545 bene
1436 2491 1537 2561 placuit
1563 2491 1640 2544 annis
1669 2489 1785 2563 singulis
1813 2507 1863 2563 per

218 2574 300 2633 iacta.
317 2576 346 2632 Si
361 2577 434 2632 enim
449 2577 641 2650 repudiaverit,
649 2586 675 2633 et
683 2579 777 2635 venire
791 2580 910 2635 noluerit
925 2588 951 2636 et
965 2597 1013 2636 au·
1063 2592 1283 2649 unamquamque
1295 2579 1462 2649 provinciam
1477 2578 1559 2633 bisin
1573 2595 1645 2634 anno
1660 2579 1777 2635 concilia
1791 2579 1864 2636 cele·

215 2663 350 2739 direque
375 2665 556 2738 deponuntur,
586 2682 648 2722 cum
662 2667 754 2739 utique
771 2667 799 2721 in
814 2668 923 2738 publico
938 2669 971 2724 sit
987 2677 1014 2725 et
1063 2664 1162 2731 brari,
1198 2674 1225 2719 ut
1254 2667 1435 2721 communiter
1463 2667 1589 2722 omnibus
1617 2666 1696 2722 simul
1724 2666 1864 2739 episcopis

215 2767 271 2808 non
285 2769 318 2807 ex
345 2753 494 2808 inevitabili
521 2754 641 2825 quadarn
669 2755 831 2811 necessitate
846 2757 938 2812 venire
958 2772 1013 2811 non
1063 2754 1239 2826 congregatis
1253 2755 1411 2824 provincie,
1426 2755 1605 2810 discutiantur
1624 2754 1779 2824 hujusmodi
1795 2772 1867 2828 quae·

215 2839 311 2913 possit,
327 2840 469 2912 aequaliter
497 2850 577 2895 erunt
604 2849 733 2913 tanquam
757 2845 780 2897 si
803 2844 969 2911 advenisset,
987 2852 1013 2900 et
1062 2841 1175 2905 stiones,
1190 2849 1216 2896 et
1231 2842 1271 2898 sic
1298 2843 1343 2913 qui
1368 2859 1418 2898 suo
1436 2851 1617 2913 peccaverunt
1639 2843 1865 2927 evidenterppi-

216 2926 292 2981 nulla
314 2927 416 2984 utilitas
441 2945 474 2982 ex
487 2937 643 3000 contemptu
658 2946 707 2984 suo
723 2931 747 2983 oi
763 2931 946 2998 adhibebitur,
963 2934 1012 2988 sed
1062 2944 1165 2999 scopo,
1196 2930 1419 2986 excommunicati
1447 2931 1643 2986 rationabiliter
1670 2932 1705 2986 ab
1733 2933 1866 2989 omnibus

215 3014 379 3071 videbuntur
408 3016 518 3087 quidem
541 3017 568 3070 in
583 3017 721 3089 utriusque
738 3021 883 3089 praesentia
898 3021 978 3076 lacta.
999 3043 1010 3071 »
1061 3017 1240 3082 estimantur,
1256 3035 1399 3090 usquequo
1414 3020 1456 3074 rel
1472 3019 1499 3073 in
1515 3019 1661 3087 communi,
1672 3020 1715 3075 vel
1731 3020 1866 3094 episcopo

216 3124 228 3154 a
244 3102 325 3171 Ecce,
346 3100 433 3175 inquit
447 3112 557 3159 sanctus
573 3105 735 3178 Gregorius,
760 3106 946 3162 admonendus
971 3075 1045 3163 estC
1062 3104 1169 3174 placeat
1184 3105 1370 3160 humaniorem
1385 3123 1435 3177 pro
1450 3107 1548 3162 talibus
1562 3106 1632 3162 serre
1656 3109 1831 3164 sententiam.
1852 3136 1863 3157 ι

213 3207 323 3263 semper
337 3190 562 3259 aduersarius,ut
576 3194 1008 3265 adaudiendustestasadveniut,
1061 3192 1095 3246 Et
1116 3193 1314 3249 Antiochenam
1336 3195 1478 3250 concilium
1503 3197 1578 3264 (can.
1595 3196 1645 3266 6);
1670 3217 1681 3246 ι
1710 3197 1738 3253 Si
1762 3198 1825 3269 quis
1850 3213 1866 3253 a

211 3275 333 3353 alioquin
346 3295 460 3336 necesse
475 3288 515 3336 est
532 3288 559 3335 ut
575 3283 647 3353 quod
663 3289 757 3337 contra
770 3282 847 3355 leges
862 3291 955 3339 actum
968 3293 1009 3340 est
1060 3280 1174 3352 proprio
1190 3281 1318 3353 episcopo
1333 3283 1524 3338 communione
1538 3284 1660 3356 privatus
1671 3291 1722 3351 est,
1733 3300 1792 3340 non
1802 3294 1867 3343 ante

211 3363 368 3424 firmitatem
395 3384 450 3424 non
472 3370 580 3427 habeat.
600 3390 610 3420 ι
628 3369 729 3439 Quales
751 3378 842 3426 autem
858 3381 950 3439 testes,
966 3374 1010 3431 rel
1061 3368 1222 3439 suscipiatur
1236 3370 1271 3423 ab
1285 3369 1355 3431 aliis.
1369 3385 1450 3442 quam
1460 3387 1510 3426 suo
1519 3371 1710 3428 reconcilietur
1719 3370 1864 3446 episcopo,

211 3456 287 3526 cujus
311 3456 457 3530 opinionis,
478 3457 513 3513 ad
538 3459 721 3514 testimonium
748 3459 907 3515 admittendi
936 3469 1008 3529 sunt,
1061 3463 1107 3511 aut
1121 3464 1194 3512 certe
1209 3457 1243 3512 ad
1266 3457 1400 3529 synodum
1425 3475 1485 3531 quac
1505 3468 1691 3534 congregatur
1712 3475 1866 3518 occurrens

210 3541 423 3621 plurimaaleges
438 3546 594 3613 ostendunt,
606 3564 667 3620 quae
694 3564 764 3618 pene
794 3549 860 3603 nulli
876 3550 1010 3604 habentur
1060 3560 1111 3616 pro
1126 3561 1155 3599 se
1171 3544 1328 3611 satisfaciat,
1345 3555 1369 3601 et
1384 3547 1553 3618 persuadens
1567 3547 1684 3605 concilio
1698 3551 1866 3606 sententiam

209 3632 365 3706 incognita,
383 3650 445 3706 quae
455 3633 536 3690 etiam
547 3643 573 3690 et
584 3635 650 3690 illud
659 3636 784 3691 sanciunt
796 3653 803 3690 ε
817 3639 848 3695 Ut
862 3638 1009 3693 vilissimis
1061 3633 1189 3704 suscipiat
1204 3633 1327 3689 aiteram.
1345 3636 1408 3691 Haec
1423 3643 1514 3692 autem
1528 3635 1652 3692 diffinitio
1666 3645 1778 3693 maneat
1788 3638 1865 3695 circa

211 3722 330 3778 testibus
345 3722 432 3778 etiam
448 3725 509 3778 sinc
528 3725 670 3794 corporali
684 3723 857 3780 discussione
868 3725 1009 3782 credinon
1060 3720 1154 3785 laicos,
1172 3729 1197 3775 et
1215 3722 1402 3794 presbyteros
1428 3732 1453 3778 et
1477 3724 1618 3791 diaconos,
1643 3739 1797 3799 omnesque
1816 3728 1864 3801 qui

211 3808 325 3877 debeat3
341 3817 368 3866 et
392 3810 456 3864 item
470 3810 498 3864 in
519 3810 589 3865 libro
604 3819 690 3876 sexto,
706 3812 782 3866 titulo
798 3812 906 3867 decimo
926 3828 1007 3883 nono,
1060 3808 1111 3863 sub
1135 3809 1231 3882 regula
1255 3826 1316 3865 esse
1337 3819 1533 3867 monstrantur.
1558 3838 1568 3861 a
1585 3814 1619 3868 Et
1644 3812 1864 3887 carthaginense

210 3895 1008 3974 interuliapraecipitur:Utseatantia,sisinescriptodic-
1061 3896 1216 3961 concilium,
1241 3899 1314 3970 quod
1341 3900 1368 3953 in
1392 3901 1511 3971 capitulo
1534 3900 1667 3974 vigesimo
1689 3901 1809 3971 dixerat,
1835 3913 1864 3959 ut

211 3986 354 4056 tefuerit,
370 4002 422 4041 acc
436 4002 540 4040 nomen
564 3990 714 4043 sententia
730 3989 830 4043 trabere
853 3994 1007 4045 mereatur.
1060 3992 1158 4040 statmo
1173 4001 1288 4042 nomem
1302 3987 1369 4041 uniti
1384 3987 1505 4059 episcopi
1520 4005 1581 4043 cum
1596 3989 1710 4061 proprio
1731 3990 1865 4063 episcopo

210 4067 291 4141 Quod
304 4070 393 4146 legale
407 4072 547 4129 decretum
567 4082 594 4130 et
609 4075 637 4129 in
652 4076 782 4145 passione
797 4077 916 4144 Domini,
928 4095 1010 4149 super
1060 4071 1282 4144 prosbyterorum
1305 4082 1331 4129 et
1346 4075 1520 4131 di³⁰⁰¹¹0rum
1546 4093 1645 4133 caustis
1669 4078 1862 4145 lefmintlressb

210 4160 287 4230 cujus
301 4170 381 4232 caput
399 4171 547 4234 posuerunt
564 4179 675 4220 causam
689 4165 774 4235 ipsius
790 4167 929 4238 scriptam,
946 4167 1009 4222 etin
1059 4160 1225 4232 reliquorum
1260 4162 1422 4218 clericorum
1458 4165 1584 4237 querelas
1613 4165 1687 4221 solus
1714 4165 1863 4240 episcopus

208 4259 359 4322 martyrum
373 4250 558 4323 passionibus,
574 4252 684 4325 quando
695 4253 809 4322 judicati
826 4263 896 4322 sunt,
913 4255 1008 4312 obser·
1060 4259 1240 4321 cognosceret
1254 4259 1281 4306 et
1296 4250 1394 4317 finiret,
1412 4253 1531 4323 capitulo
1545 4255 1678 4325 vigesimo
1692 4261 1793 4310 octavo
1817 4256 1863 4311 di-

207 4347 298 4395 ratum
312 4339 451 4397 multoties
459 4339 585 4412 legimus,
598 4350 625 4396 et
635 4341 743 4415 legatos
751 4343 909 4414 apostolicae
923 4343 1006 4413 sediS,
1058 4337 1094 4391 cit
1111 4356 1117 4390 :
1135 4362 1145 4383 r
1166 4338 1198 4392 Ut
1213 4339 1374 4411 presbyteri,
1390 4340 1508 4407 diaconi,
1532 4341 1575 4397 vel
1600 4342 1690 4398 ceteri
1714 4341 1863 4401 inferiores

207 4427 365 4484 anctoritate
380 4428 478 4484 Leonis
497 4443 586 4500 papae,
604 4429 765 4486 Dioscorum
794 4431 821 4484 in
847 4431 1001 4487 Chalcedo—
1016 4424 1156 4492 Delerici,
1187 4426 1213 4480 in
1245 4428 1334 4482 causis
1364 4445 1430 4498 quas
1459 4429 1609 4497 habuerint,
1639 4429 1662 4484 si
1687 4431 1723 4486 de
1749 4430 1863 4500 judiciis

206 4514 284 4572 nensi
300 4515 425 4585 concilio,
442 4525 468 4571 et
496 4514 615 4573 Felicem
638 4519 777 4583 Acacium,
808 4526 834 4573 et
858 4518 1002 4576 Silreriorn
1054 4513 1245 4584 episcoporum
1272 4530 1383 4570 suorum
1398 4518 1488 4587 qttcsti
1505 4517 1614 4583 luerint,
1641 4517 1721 4573 vicini
1735 4519 1862 4593 episcopi

205 4621 307 4678 papam
321 4605 460 4680 vigilium,
473 4614 498 4661 et
509 4615 623 4661 caeteros
639 4606 767 4662 Romanae
774 4607 848 4662 sedis
863 4607 1004 4678 pontifices
1054 4627 1102 4667 eos
1117 4628 1178 4667 curn
1193 4628 1330 4668 consensu
1346 4613 1389 4668 sui
1404 4615 1525 4686 episcopi
1539 4615 1658 4681 audiant,
1684 4624 1711 4670 et
1725 4617 1799 4672 inter
1813 4631 1859 4672 eos

205 4710 254 4766 ner
268 4694 432 4765 scripturam
446 4692 537 4765 plures
560 4693 606 4766 qut
622 4693 786 4764 resipiscere
802 4695 945 4750 notuerunt
964 4695 1003 4751 n-
1053 4707 1186 4763 atffinranr
1200 4709 1314 4764 aarum
1330 4711 1364 4764 aa
1379 4711 1418 4765 as
1434 4713 1566 4781 episcopi.
1592 4712 1670 4781 Quoa
1688 4713 1711 4768 sr
1727 4721 1755 4768 a
1770 4715 1808 4769 aa
1821 4715 1862 4770 as

204 4797 296 4852 ΨΜ
310 4783 519 4838 ⁰⁰¹¹d⁰¹¹¹¹¹³⁵⁸0·
1053 4805 1255 4875 provocandum
1269 4808 1430 4876 putaverint,
1447 4824 1502 4862 non
1516 4818 1664 4878 provocent
1677 4809 1713 4864 ad
1722 4817 1860 4866 transma-

489 4880 601 4936 CAPUT
616 4880 719 4934 xxix.
1054 4892 1112 4947 rina
1126 4893 1237 4961 judicie,
1254 4895 1303 4949 sed
1318 4895 1354 4949 ad
1368 4896 1499 4965 primates
1514 4912 1624 4952 suarum
1642 4898 1861 4968 provinciarum,

207 4948 277 5019 om
306 4965 426 5005 mmm
454 4951 1003 5076 ³²“3ffltniggtijs'e9u1a'5'⁸²'‘mm‘
1027 4973 1123 5035 'sicut
1153 4988 1179 5034 et
1207 4982 1241 5036 de
1270 4984 1404 5054 episcopis
1431 5000 1503 5054 saepe
1531 4986 1708 5041 constitutum
1736 4995 1789 5043 est.
1818 4988 1861 5043 Ad

242 5108 320 5173 Vide,
337 5104 433 5173 frater,
462 5109 484 5161 si
505 5107 555 5162 has
571 5124 664 5163 sacras
686 5108 763 5182 leges
791 5109 865 5163 luisti
881 5117 1001 5175 secutus,

201 5196 309 5269 quando
325 5196 502 5267 presbyteros
518 5205 543 5250 et
571 5197 703 5252 diaconos
732 5197 873 5267 parochiae
895 5204 949 5252 tuae
968 5199 1003 5252 ab

113 5353 115 5357 Ι
204 5282 295 5340 officio
310 5282 672 5356 ecclesiasticogoneraliter
681 5286 930 5351 excommunicasti,
940 5302 1002 5341 curn

200 5372 383 5428 certissimum
403 5382 485 5446 atque
500 5371 672 5428 notissimum
687 5383 712 5428 et
727 5373 807 5429 nobis
820 5381 846 5428 et
874 5374 1001 5428 omnibus

199 5459 227 5514 in
242 5459 448 5518 bacltlremensi
461 5461 603 5534 provincia
617 5461 759 5528 habeatur,
786 5462 858 5534 quod
879 5478 929 5517 nec
954 5476 999 5518 ac·

198 5549 295 5611 casati,
312 5565 361 5603 nec
372 5549 501 5608 confessi.
519 5565 607 5621 neque
622 5550 740 5606 convicti
754 5550 789 5604 de
804 5550 895 5619 aliquo
912 5549 1003 5604 crirni·

1053 5069 1234 5124 transmarina
1256 5080 1347 5125 autern
1371 5073 1420 5142 qui
1442 5074 1598 5142 putaverint
1618 5074 1827 5145 appellandum,
1845 5092 1863 5132 a

1054 5165 1127 5218 nullo
1142 5165 1211 5220 intra
1226 5165 1344 5221 Africam
1360 5167 1387 5220 in
1402 5168 1620 5222 communionem
1636 5169 1833 5240 suscipiantur.
1848 5193 1859 5223 ι

1053 5261 1084 5315 tn
1094 5260 1249 5317 Africanum
1259 5263 1404 5318 concilium
1412 5263 1531 5334 capitulo
1541 5266 1723 5338 nonagesimo
1734 5269 1862 5325 secundo

1052 5358 1111 5412 haec
1125 5359 1220 5414 eadem
1235 5359 1367 5416 diffinivit.
1385 5359 1436 5429 Qui
1461 5376 1580 5416 canones
1601 5369 1716 5433 propter
1742 5363 1862 5439 longin-

1054 5453 1182 5525 quitatem
1197 5456 1352 5526 primatum,
1370 5457 1405 5511 ad
1421 5456 1549 5514 finitimos
1560 5458 1717 5531 episcopos,
1736 5462 1862 5534 presby·

1051 5557 1135 5610 teros.
1153 5553 1196 5609 ret
1211 5554 1353 5615 diaconos.
1370 5571 1402 5611 ac
1419 5556 1541 5628 reliquos
1555 5557 1671 5614 elericos
1691 5545 1862 5633 precipiun¹
