3794 6104
88 188 96 199 ‘
116 211 169 268 sio
607 203 779 262 nmcuaar
796 197 995 259 nununusrs
1014 200 1290 258 tanumersoonr.
1719 208 1773 263 aaa

123 354 135 385 a
154 334 262 389 Fratres
277 331 511 404 coepiscoposque
525 338 644 401 nostros,
656 346 725 402 quos
740 338 766 385 et
779 329 921 400 captivitas
935 325 1023 395 Acis,
1038 344 1087 398 per
1102 343 1170 399 quos
1186 327 1293 383 illomm
1308 336 1350 384 est
1364 328 1547 384 ecelesiastica
1560 329 1714 401 supplenda
1730 346 1774 387 ne

123 422 349 493 diversarumque
364 421 556 476 necessitatum
577 419 709 492 angustiae
729 418 920 489 comprimunt,
973 416 1096 483 cessitas,
1112 424 1140 470 ut
1154 425 1201 472 aut
1214 417 1317 487 pariter
1330 417 1432 484 vivant,
1458 425 1504 472 aut
1524 417 1627 489 pariter
1642 419 1774 476 sufferant

122 511 229 568 debetis
257 510 443 585 consolandos
473 509 698 579 convicturosque
725 507 866 563 vobiscum
894 507 922 560 in
972 506 1045 577 quod
1060 521 1108 561 eos
1123 506 1320 578 paterfamilias
1334 508 1407 562 volet
1421 507 1537 578 perpeti.
1554 507 1634 575 Quod
1650 508 1673 561 si
1688 509 1773 565 eonti-

123 598 317 657 ccclesiasticis
347 597 589 654 sustentationibus
611 596 733 652 'libenter
755 595 893 666 suscipere
914 611 920 649 :
972 594 1042 666 gerit
1057 602 1084 649 ut
1100 595 1158 650 sive
1171 595 1216 650 alii
1226 595 1327 662 minus,
1340 595 1386 651 alii
1395 596 1494 665 majus,
1506 596 1563 651 siae
1573 610 1673 651 omncs
1682 611 1773 669 tequa-

123 704 179 746 non
195 688 305 760 quidem
319 694 348 742 ut
362 703 412 757 per
427 687 646 743 communionem
660 685 824 757 episcopalis
832 684 924 739 throni
973 683 1035 739 liter
1049 684 1195 754 patiantur,
1212 685 1257 756 qui
1273 701 1367 739 eorum
1383 684 1436 739 sint
1451 685 1497 755 qui
1510 700 1563 755 pro
1587 684 1649 739 aliis
1665 685 1773 755 patian-

125 777 244 851 dignitas
257 776 404 843 dividatur,
420 776 469 831 sed
484 782 513 829 ut
527 775 562 829 ab
577 774 702 831 Ecclesia
713 774 791 842 juxta
807 772 924 844 possibi·
973 779 1016 827 tur
1030 782 1172 843 apparent,
1190 772 1229 828 illi
1245 773 1348 829 scilicet
1364 774 1409 845 qui
1425 790 1486 829 enm
1502 790 1532 828 se
1547 782 1663 844 possent
1677 773 1774 830 talibus

123 866 229 922 litatem
244 863 404 920 sufficientia
418 864 537 919 debeant
560 863 689 919 alimenta
701 862 853 933 percipere.
879 860 923 916 Sic
972 860 1052 915 malis
1080 862 1187 933 eripere
1216 862 1361 934 fugiendo,
1388 879 1423 917 ne
1445 862 1556 917 aliomm
1579 863 1773 918 necessitatem

125 962 152 1010 et
166 954 317 1026 proximum
332 953 359 1009 in
371 953 430 1010 Deo
450 961 477 1008 et
499 953 587 1009 Deum
609 953 637 1006 iu
658 951 782 1022 proximo
807 949 923 1023 diligere
973 950 1132 1005 desererent
1146 967 1255 1006 manere
1268 952 1431 1006 maluerunt.
1454 951 1522 1006 Hinc
1536 951 1657 1006 maxime
1673 951 1773 1023 proba·

126 1042 349 1114 comprobamur.
377 1040 487 1096 Nullam
511 1040 611 1112 quippe
635 1039 675 1095 eis
700 1054 750 1094 nos
773 1040 801 1093 in
824 1038 923 1094 vestris
974 1045 1017 1092 tur
1029 1037 1074 1091 illa
1088 1038 1207 1093 charitas
1222 1055 1304 1110 quam
1318 1040 1437 1095 Ioannes
1449 1039 1594 1109 apostolus
1603 1039 1774 1094 commendat

125 1131 259 1221 llcclesiis
285 1130 474 1186 auctoritatem
499 1129 662 1196 tribuimus,
689 1128 738 1184 sed
761 1135 850 1181 tamen
876 1140 923 1182 eos
974 1126 1067 1181 dicens
1084 1142 1090 1181 :
1108 1128 1187 1182 Sicut
1198 1126 1326 1183 Christus
1341 1145 1390 1199 pro
1404 1129 1482 1183 nobis
1496 1129 1720 1184 unirnamaaem
1728 1145 1774 1200 po·

126 1219 227 1275 vestris
254 1218 359 1274 solatiis
387 1217 521 1273 contineri
543 1232 715 1287 summopere
738 1215 921 1272 hortamur.»
973 1217 1041 1279 seit,
1054 1215 1328 1271 sicctnoadcbcmes
1339 1217 1774 1288 profratrihaseniamsponerc

127 1309 162 1365 Et
178 1309 237 1365 haec
251 1307 401 1364 norissima
415 1305 498 1362 verba
512 1304 634 1375 epistolae
657 1305 737 1373 hujus
757 1303 924 1361 concordant
975 1303 1000 1371 (l
1012 1304 1092 1359 Iaera.
1109 1319 1148 1370 ru,
1167 1306 1220 1373 lo).
1236 1304 1367 1375 Numqui
1383 1304 1499 1376 lugiunt,
1522 1304 1567 1360 vel
1583 1305 1642 1359 suis
1657 1305 1774 1360 deuincti

128 1397 270 1471 praemisso
284 1394 390 1451 concilii
406 1393 575 1450 Sardicensis
589 1393 717 1464 capitulo.
974 1391 1182 1447 necessitatibus
1196 1391 1293 1462 lugere
1311 1407 1366 1446 non
1387 1400 1513 1462 possunt,
1538 1393 1562 1447 si
1584 1393 1773 1463 comprehensi

163 1485 201 1539 X.
216 1484 313 1541 Sedet
327 1482 480 1553 persecutio
495 1498 546 1553 pro
562 1498 613 1553 qua
635 1482 779 1552 episcopus
803 1481 837 1534 de
856 1479 925 1535 civi·
974 1480 1118 1550 patiantur,
1134 1480 1186 1550 ipsi
1200 1496 1255 1536 non
1276 1495 1327 1551 pro
1354 1480 1484 1536 iratribus
1509 1481 1603 1552 utique
1627 1481 1772 1552 patiuntur.

129 1579 183 1628 tate
198 1571 234 1627 ad
247 1571 384 1628 civitatem
399 1571 518 1627 transire
533 1571 619 1641 possit
633 1570 676 1625 vel
695 1571 803 1635 debeat,
827 1575 925 1623 attente
976 1567 1028 1636 Qui
1043 1584 1107 1624 vero
1119 1577 1263 1640 propterea
1282 1570 1429 1640 patiuntur,
1454 1570 1518 1640 quia
1543 1569 1644 1625 iratres
1667 1571 1715 1641 qui
1736 1571 1772 1626 eis

129 1660 330 1717 consideranda
351 1666 402 1728 est,
427 1675 507 1731 quam
531 1674 649 1715 canones
673 1658 850 1714 Sardicenses
873 1656 924 1711 de·
940 1658 1013 1742 Bad
1028 1656 1209 1712 Christianam
1224 1656 1336 1712 salutem
1348 1658 1517 1731 indigebant,
1528 1658 1624 1713 nolunt
1635 1657 1774 1728 deserere,

130 1755 285 1805 monstrant
308 1748 388 1820 (Cau.
408 1748 464 1819 at).
493 1771 504 1794 ι
532 1747 560 1803 si
583 1747 681 1818 aliquis
702 1747 848 1819 episcopus
872 1745 927 1802 vira
978 1745 1038 1800 sine
1052 1744 1135 1800 dubio
1152 1761 1214 1800 suas
1228 1747 1333 1800 animas
1350 1761 1401 1817 pro
1425 1746 1552 1801 iratribus
1573 1755 1690 1817 ponunt.
1710 1766 1722 1798 ι
1745 1748 1776 1801 Et

131 1852 280 1909 perpessus
295 1843 347 1902 est,
363 1843 390 1890 et
403 1835 495 1908 inique
509 1835 638 1907 expulsus
661 1851 712 1906 pro
736 1835 879 1906 disciplina
903 1844 929 1890 et
978 1841 1040 1905 post
1054 1834 1191 1906 aliquanta
1208 1852 1214 1887 :
1232 1858 1243 1881 ι
1262 1835 1316 1889 Cur
1331 1835 1404 1889 enim
1419 1835 1470 1890 sibi
1484 1843 1578 1906 putant
1588 1834 1775 1891 indifferenter

132 1924 265 1982 catholica
281 1924 463 1993 confessione,
480 1924 524 1981 vel
537 1939 589 1996 pro
611 1923 771 1979 defensione
795 1924 926 1995 veritatis,
978 1923 1222 1993 obtemperandum
1237 1938 1299 1978 esse
1313 1932 1460 1993 praecepto,
1484 1923 1528 1978 ubi
1548 1923 1646 1996 legunt
1659 1923 1697 1980 de
1711 1923 1776 1979 ciri-

132 2013 429 2087 effugienspericnlum
446 2014 579 2069 innocens
603 2021 629 2069 et
653 2013 767 2069 devotus
790 2013 824 2066 ad
848 2013 929 2069 aliam
979 2019 1033 2065 tate
1047 2010 1076 2064 in
1090 2011 1227 2066 civitatem
1248 2028 1309 2066 esse
1331 2011 1501 2084 fugiendum,
1527 2018 1555 2066 et
1575 2013 1777 2068 mercenarium

132 2103 238 2158 venerit
251 2101 396 2171 civitatem,
417 2101 478 2173 quia
494 2103 583 2157 solent
607 2116 624 2156 a
647 2101 787 2156 catholicis
810 2101 929 2158 haeretici
979 2115 1033 2154 non
1049 2100 1203 2165 exhorrent,
1219 2100 1265 2170 qui
1281 2099 1355 2154 videt
1368 2099 1460 2170 lupum
1476 2100 1640 2169 venientem,
1664 2107 1692 2155 et
1713 2100 1777 2170 sugit

132 2191 176 2246 vel
190 2190 355 2248 schismatici
371 2206 420 2247 seu
434 2190 575 2247 criminosi
589 2190 727 2261 persequi.
744 2213 754 2236 ι»
771 2191 805 2244 Et
819 2199 929 2246 sanctus
980 2185 1110 2259 quoniam
1130 2203 1184 2242 non
1209 2195 1250 2242 est
1272 2187 1297 2242 ei
1322 2201 1387 2242 cura
1411 2188 1445 2242 de
1469 2187 1585 2243 ovibus‘l
1603 2212 1614 2234 n
1640 2188 1675 2242 Et
1697 2188 1776 2259 paulo

132 2279 300 2354 Augustinus
328 2278 356 2332 in
379 2277 495 2348 epistola
519 2277 554 2333 ad
578 2277 747 2332 llonoratum
771 2277 930 2349 episcopum
980 2282 1064 2346 post:
1090 2298 1100 2323 a
1118 2275 1196 2348 Fugit
1216 2275 1373 2347 Apostolus,
1399 2291 1461 2330 cum
1482 2290 1499 2330 a
1519 2282 1698 2346 persecutore
1721 2276 1778 2346 ipse

103 2403 107 2415 .
133 2367 252 2423 ostendit
267 2367 360 2438 (epist.
387 2365 472 2434 istil:
501 2366 634 2432 «Restat,
657 2365 793 2436 iuquiens,
816 2375 845 2421 ut
868 2382 928 2433 nos,
980 2368 1091 2434 proprie
1105 2371 1282 2435 quaereretur,
1299 2364 1359 2418 aliis
1375 2364 1467 2435 utique
1488 2365 1683 2420 necessitatem
1702 2364 1777 2420 simi-

134 2470 251 2526 quornm
265 2453 447 2511 ministerium
461 2454 706 2524 quantulacunque
726 2452 799 2524 plebi
820 2455 870 2508 Dei
885 2455 931 2510 ubi
977 2451 1033 2507 iem
1048 2467 1103 2508 non
1116 2452 1289 2518 habentibus,
1302 2452 1427 2523 aquibus
1442 2451 1497 2508 illic
1511 2452 1697 2508 ministerium
1710 2452 1779 2509 absit

135 2558 228 2599 sumus
243 2542 371 2609 manenti,
395 2542 433 2597 ite
456 2542 643 2597 necessarium
667 2548 717 2608 est,
743 2549 771 2596 ut
794 2542 852 2597 sine
879 2544 931 2599 hoc
980 2549 1009 2595 ut
1023 2542 1195 2596 desereretur
1208 2541 1350 2596 Ecclesia.
1371 2565 1382 2588 a
1400 2541 1475 2596 Sicut
1490 2540 1559 2612 sugit
1573 2542 1602 2597 S.
1614 2542 1778 2596 Athanasius

134 2647 196 2688 eam
210 2647 266 2687 non
279 2638 402 2701 oporteat
413 2646 565 2696 remanere,
578 2630 699 2686 dicamus
709 2629 825 2686 Domino
843 2647 849 2686 :
866 2633 931 2688 Esto
981 2629 1179 2684 Alexandrinus
1195 2629 1349 2700 episcopus,
1362 2643 1425 2685 cum
1436 2646 1498 2684 eum
1512 2629 1669 2700 specialiter
1678 2645 1779 2701 appre-

134 2721 213 2777 aobia
227 2722 259 2776 ia
272 2721 361 2776 Deum
376 2723 572 2792 protectorem,
590 2723 618 2774 et
631 2720 663 2775 in
681 2721 771 2775 locam
785 2721 932 2776 insanitum
980 2717 1101 2773 hendere
1116 2717 1289 2772 Constantius
1304 2718 1584 2788 cuperet-imperator.
1596 2719 1779 2791 Etaliquanto

133 2809 221 2878 (Paci.
238 2823 310 2875 xxx,
338 2807 375 2879 3).
401 2808 456 2863 Sed
478 2808 531 2863 hoc
555 2807 697 2863 consilium
717 2807 767 2862 tibi
788 2816 932 2878 propterea
982 2806 1107 2876 superias
1124 2824 1130 2859 z
1149 2829 1159 2852 ιι
1176 2807 1238 2861 Non
1252 2806 1323 2860 enim
1338 2806 1483 2877 quisquam
1497 2814 1538 2863 est
1552 2806 1779 2878 quidicatmini·

133 2912 189 2953 non
205 2896 311 2963 sufficit,
327 2904 357 2951 ut
371 2895 523 2965 scribique
538 2905 633 2952 contra
646 2896 932 2967 Dominipraeceptnm
982 2902 1054 2949 stros
1068 2910 1177 2950 manere
1197 2904 1334 2965 oportere,
1359 2895 1405 2949 ubi
1423 2896 1479 2964 jam
1502 2911 1557 2951 non
1580 2894 1660 2951 luerit
1682 2895 1780 2968 quibus

134 2986 177 3042 vel
191 2985 347 3058 exemplum
361 2984 452 3042 facere
467 2984 593 3050 nitamur,
615 2984 662 3038 ubi
686 2983 846 3056 fugiendum
870 3001 933 3040 esse
982 2998 1096 3039 necesse
1110 2984 1146 3038 sit
1159 2984 1324 3039 ministrare.
1344 3008 1354 3032 a

135 3074 171 3131 dc
196 3074 306 3130 civitate
327 3074 355 3128 in
381 3073 519 3129 civitatem
542 3080 645 3127 monet.
675 3072 832 3128 Recolimns
860 3034 973 3128 enimC
1017 3073 1052 3126 lit
1066 3072 1130 3128 hinc
1144 3073 1175 3127 S.
1189 3072 1340 3145 Gregorius
1353 3072 1381 3126 iu
1397 3072 1616 3129 librolloralium
1626 3074 1688 3145 (tu.
1699 3089 1778 3140 xxxi,

135 3162 219 3219 verba
228 3163 363 3219 dicentis:
378 3150 816 3232 Ceraeetcm'pcraeqecetarvos
827 3163 933 3218 incipi·
982 3177 1044 3233 cap.
1062 3163 1106 3229 ll)
1122 3178 1128 3214 :
1147 3185 1158 3207 «
1177 3162 1288 3216 latuerit
1301 3161 1366 3217 libet
1380 3161 1456 3216 illum
1471 3162 1588 3217 sessoris
1604 3163 1647 3218 sui
1662 3163 1779 3219 calcari·

56 3302 58 3305 .
141 3253 274 3318 cotebic,
285 3253 376 3324 sepite
386 3252 417 3306 in
428 3252 517 3306 eliam
527 3249 639 3320 (hatte.
654 3265 685 3316 x,
700 3250 756 3320 23).
767 3248 835 3317 Quis
843 3259 933 3306 autem
981 3250 1033 3304 bus
1049 3249 1190 3305 excitatum
1207 3259 1302 3305 eontra
1316 3259 1435 3306 armatos
1448 3252 1552 3317 hostes,
1575 3259 1694 3322 quantus
1707 3252 1779 3308 Pau·

135 3341 230 3397 credat
244 3341 282 3395 ita
297 3338 356 3396 fieri
371 3341 430 3395 haec
440 3338 587 3394 Dominum
596 3337 726 3404 voluisse,
736 3346 764 3392 ut
775 3338 932 3394 necessario
982 3337 1036 3394 lum
1050 3338 1143 3394 ten-or
1157 3339 1328 3409 accenderat,
1352 3341 1460 3410 quando
1484 3356 1545 3396 eum
1570 3340 1675 3411 Ephesi
1691 3341 1726 3396 ad
1740 3341 1779 3396 ir-

135 3428 305 3496 ministerio,
331 3428 390 3482 sine
412 3443 465 3499 quo
486 3426 579 3483 vivere
600 3433 747 3498 nequeunt,
772 3426 933 3483 deserantur
983 3429 1149 3499 rumpendas
1176 3429 1274 3483 theatri
1298 3428 1389 3483 turbas
1418 3428 1468 3483 zeli
1496 3428 1606 3484 llamma
1634 3429 1777 3501 rapiebat.

135 3533 237 3590 greges
252 3532 320 3588 quos
330 3532 380 3572 suo
392 3515 524 3588 sanguine
534 3515 725 3586 comparavit?
739 3514 869 3587 Nunquid
881 3516 933 3573 hoc
983 3517 1117 3587 Scriptum
1132 3516 1231 3588 quippe
1246 3524 1287 3570 est
1304 3535 1310 3570 ι
1328 3519 1436 3589 lteptete'
1448 3521 1518 3572 aunt
1528 3518 1582 3583 ire,
1593 3520 1779 3575 etceclema·

135 3605 199 3662 lecit
212 3605 281 3676 ipse,
298 3605 408 3677 quando
423 3604 595 3676 portantibus
616 3603 774 3675 parentibus
799 3604 826 3657 in
847 3606 932 3677 AEgy·
982 3610 1084 3662 verant
1098 3606 1223 3661 dicentes
1241 3623 1247 3658 z
1265 3606 1364 3677 Meque
1379 3607 1472 3661 iliona
1479 3607 1675 3678 Ephesiorum.
1688 3609 1780 3663 Etim·

134 3701 211 3765 ptum
225 3693 352 3765 parvulus
366 3692 445 3766 sugit,
463 3693 508 3763 qui
522 3692 643 3747 nondum
657 3691 796 3747 Ecclesias
814 3707 932 3764 congre·
981 3695 1058 3766 plcta
1067 3698 1109 3749 est
1118 3695 1399 3764 ciuitusconsesione,
1408 3696 1779 3766 etimpetumseeerantuao

135 3789 259 3855 gereret,
273 3781 388 3853 quasab
400 3779 791 3836 codesertasessedicamusi
804 3780 933 3852 Nunquid
982 3784 1080 3836 aniano
1094 3782 1126 3836 in
1143 3783 1287 3838 theatrum
1310 3782 1383 3850 (rici.
1402 3798 1463 3848 xrs,
1479 3782 1536 3852 28),
1560 3791 1641 3854 rapto
1664 3782 1733 3839 Gaio
1754 3791 1781 3838 et

135 3869 245 3940 quando
260 3869 401 3940 apostolus
415 3866 525 3932 Paulus,
543 3883 577 3921 ne
591 3866 667 3921 illum
689 3868 933 3938 comprehenderet
982 3869 1139 3924 Aristarcho
1177 3869 1370 3937 Macedonibus
1405 3870 1564 3937 comitibus,
1602 3878 1685 3941 atque
1716 3886 1780 3928 mox

136 3956 272 4026 inimicus,
289 3972 339 4028 per
352 3955 500 4011 fenestram
513 3955 541 4010 in
556 3962 650 4025 sporta
660 3955 813 4011 submissus
828 3964 869 4011 εει
882 3973 933 4027 ρει
982 3957 1122 4012 subditur:
1134 3959 1780 4031 Paetoaetemuolcrzleiatrerepopulum,noa

136 4059 254 4114 murum,
271 4052 297 4100 et
320 4042 404 4117 effugi
422 4058 517 4097 manus
540 4043 599 4113 ejus
622 4043 660 4113 (ll
675 4044 734 4099 Cor.
751 4059 791 4110 ιιι,
809 4044 863 4115 33),
881 4046 931 4100 de·
980 4046 1173 4118 permiserunt
1188 4047 1332 4118 discipuli.
1357 4047 1475 4113 Quidam
1499 4050 1596 4102 uuam
1615 4051 1644 4102 et
1659 4049 1693 4104 dc
1708 4048 1779 4105 Λεία

136 4139 208 4188 serta
223 4140 264 4188 est
278 4146 339 4204 quae
353 4131 390 4186 ibi
403 4139 463 4187 erat
470 4130 595 4188 Ecclesia
604 4132 760 4188 necessario
769 4133 931 4201 ministerio,
980 4135 1222 4207 principibusque
1236 4138 1320 4190 erant
1334 4135 1421 4190 amici
1434 4137 1504 4206 ejus,
1516 4137 1704 4192 maerentes
1715 4153 1780 4193 cum

135 4229 161 4278 et
176 4236 230 4277 non
244 4220 304 4275 aliis
318 4219 448 4275 fratribus
463 4219 563 4275 ibidem
581 4220 733 4276 constitutis
752 4222 826 4292 quod
847 4237 931 4293 opor·
981 4226 1112 4293 repentes
1125 4239 1161 4278 ee
1176 4239 1204 4278 sc
1229 4222 1309 4277 deret
1330 4224 1361 4278 in
1388 4223 1531 4279 theutrum
1555 4223 1646 4294 (ibid,
1670 4225 1725 4295 30).
1750 4225 1780 4280 ln

136 4309 209 4365 lebat
221 4308 364 4382 impletum
380 4309 444 4365 esti
458 4309 505 4364 Eis
520 4309 618 4381 quippe
633 4309 787 4365 volentibus
796 4311 848 4367 hoc
862 4312 933 4381 Apo·
983 4310 1080 4382 quibus
1094 4309 1216 4381 proiecto
1231 4310 1324 4365 uerbis
1338 4311 1515 4383 agnoscimus
1528 4327 1582 4383 quo
1598 4311 1702 4383 impetu
1711 4329 1781 4371 ‚con-

135 4399 222 4454 stolus
236 4397 346 4465 fecerat,
362 4405 391 4453 ut
406 4398 526 4468 seipsum
542 4405 662 4454 servaret
686 4399 826 4465 Ecclesia,
851 4415 931 4470 quem
945 4388 1024 4454 Dtra
1038 4415 1139 4455 euneos
1154 4400 1330 4455 adversantes
1344 4399 1471 4467 irrueret,
1494 4399 1547 4454 nisi
1567 4415 1630 4454 eum
1643 4416 1696 4471 per
1710 4402 1780 4456 ami-

133 4487 245 4560 proprie
259 4496 420 4560 persecutor
434 4487 479 4541 ille
493 4486 638 4558 quaerebat.
650 4487 762 4543 Faciant
777 4503 843 4561 ergo
859 4489 932 4544 servi
981 4504 1028 4544 cos
1044 4496 1069 4543 et
1085 4487 1233 4558 discipulos
1249 4488 1389 4544 charitatis
1403 4487 1480 4543 irena
1494 4488 1656 4545 tenuissent.
1684 4490 1739 4546 Sed
1758 4490 1781 4546 si

134 4576 254 4643 Christi,
278 4575 395 4631 ministri
422 4575 498 4631 verbi
519 4582 546 4630 ει
570 4577 731 4632 sacramenti
755 4577 832 4645 eJus,
859 4577 932 4649 quod
981 4576 1094 4632 obviare
1109 4576 1242 4645 hostibus,
1260 4575 1283 4630 ει
1297 4576 1368 4633 ultro
1383 4585 1616 4648 pugnampetere,
1629 4578 1781 4635 sinosmet-

133 4665 263 4737 preccepit
279 4665 336 4721 sive
351 4663 486 4735 permisit.
502 4662 616 4735 Fugiant
633 4664 743 4719 omnino
766 4665 801 4719 de
824 4664 931 4720 civitate
981 4665 1056 4736 ipsos
1076 4680 1184 4735 semper
1207 4664 1360 4736 relinquere
1384 4665 1412 4719 in
1439 4681 1519 4721 cursu
1548 4666 1633 4720 nostri
1663 4665 1780 4723 fervoris

133 4753 162 4806 in
176 4752 324 4822 civitatem,
340 4753 449 4824 quando
464 4767 560 4807 eorum
580 4751 723 4823 quisquam
746 4752 901 4824 specialiter
915 4768 932 4807 a
981 4753 1122 4819 debemus,
1139 4753 1204 4824 quid
1219 4762 1259 4807 est
1273 4753 1346 4825 quod
1359 4752 1447 4808 isdem
1470 4753 1633 4824 praedicator
1648 4756 1781 4827 egregius

134 4840 356 4910 persecutoribus
369 4841 506 4913 quaeritur,
522 4847 553 4895 ut
567 4841 601 4896 ab
616 4840 674 4894 aliis
698 4839 744 4912 qui
761 4842 867 4896 nonita
884 4857 931 4896 re·
980 4842 1015 4896 de
1031 4841 1178 4912 semetipso
1193 4840 1292 4896 latetur
1314 4843 1410 4897 dicens
1432 4859 1438 4897 ε
1459 4843 1591 4899 Damasci
1610 4847 1781 4917 prepositus

136 4926 287 4999 quiruntur,
310 4944 364 4983 non
393 4930 535 4985 deseratur
558 4928 697 4998 Ecclesia,
723 4929 771 4984 sed
792 4929 932 5000 prebeant
980 4931 1584 5003 pectisAretaercqiscustodiebctcioitutem
1592 4934 1782 4992 Damasceno-

135 5014 239 5072 cibaria
253 5017 394 5072 conservis
409 5018 476 5084 suis,
494 5033 563 5090 quos
577 5018 657 5073 aliter
672 5017 766 5073 sisere
779 5033 834 5072 non
848 5034 931 5089 posse
980 5018 1396 5090 remutmecomprebcadcret,
1407 5022 1780 5094 etperfeaestrominspor-

134 5112 280 5161 noverunt.
296 5104 363 5159 Cum
378 5113 467 5160 autem
481 5107 612 5174 omniurn,
636 5105 719 5161 idest
738 5107 931 5178 episcoporum
982 5109 1154 5165 collimitans
1163 5123 1416 5179 sempermurum,
1425 5109 1500 5164 elsio
1511 5108 1709 5180 cffepirnoaca
1718 5113 1779 5182 ejas

134 5201 161 5248 et
176 5193 349 5258 clericorum,
367 5201 408 5247 est
423 5194 741 5265 communepericulum,
767 5195 786 5248 ιι
810 5195 855 5266 qui
870 5195 930 5250 aliis
981 5197 1019 5266 (ll
1033 5197 1092 5253 Cor.
1110 5212 1150 5262 ιιι,
1173 5200 1228 5266 33).
1255 5195 1326 5264 Quid
1349 5206 1391 5251 est
1415 5197 1488 5267 quod
1510 5214 1596 5269 equus
1620 5198 1673 5254 iste
1697 5200 1779 5256 modo

133 5282 257 5353 indigent
270 5299 325 5339 non
341 5282 502 5338 deserantur
516 5282 551 5336 ab
565 5283 607 5338 his
623 5284 721 5355 quibus
733 5283 866 5357 indigent.
879 5288 931 5341 hut
980 5293 1076 5356 sponte
1091 5292 1257 5341 armatorum
1272 5300 1373 5342 cuneos
1394 5285 1507 5357 impetit,
1534 5294 1561 5342 ει
1583 5287 1667 5342 ιιιοιιο
1692 5305 1722 5343 εε
1745 5288 1779 5342 ab

134 5370 217 5440 igitur
230 5372 265 5426 ad
281 5371 339 5427 loca
354 5370 456 5425 munita
471 5384 566 5426 omnes
581 5379 730 5442 transeant,
756 5381 802 5427 aut
817 5374 863 5445 qui
877 5374 930 5430 ha·
980 5374 1089 5429 armatis
1105 5374 1228 5430 hostibus
1242 5374 1319 5448 quasi
1330 5375 1453 5445 trepidus
1473 5376 1626 5445 abscondit,
1649 5376 1703 5431 nisi
1727 5377 1780 5432 hoc

133 5458 199 5513 beut
214 5460 373 5516 remanendi
387 5459 588 5527 necessitatem,
612 5476 667 5519 non
690 5462 875 5535 relinquantur
896 5463 929 5518 ab
980 5464 1052 5535 quod
1065 5480 1178 5521 neccsse
1194 5471 1235 5519 est
1249 5472 1279 5518 ut
1293 5464 1320 5518 in
1335 5465 1394 5534 ejus
1410 5462 1559 5521 artificiosa
1572 5464 1672 5523 virtute
1689 5465 1779 5522 disca·
