3794 6104
57 238 112 292 105
812 229 989 288 EPlSTOLAE
1664 236 1716 315 ιιι

56 356 207 414 difficultas
222 357 402 431 intelligendi,
419 373 507 430 neque
521 357 550 412 in
563 355 670 429 prolixo
693 355 804 413 taedium
819 353 858 410 le·
872 355 903 418 A
913 354 1084 428 cooperatur
1099 357 1182 414 bomo
1198 365 1294 413 sancto
1309 356 1421 428 Spiritui
1435 357 1463 413 in
1478 357 1566 413 salute
1576 356 1715 426 bominis;

58 446 145 517 gandi
160 454 188 501 ει
201 447 343 502 memoriae
354 446 576 502 commendandi.
913 445 962 500 sed
979 452 1005 500 et
1015 445 1075 517 ipse
1092 447 1174 502 bomo
1184 446 1231 518 qui
1245 445 1424 518 baptizandus
1438 454 1489 513 eat,
1505 446 1645 517 cooperari
1656 461 1715 502 am·

94 535 232 592 Dominus
240 538 319 592 Jesus
335 536 469 606 Christus,
486 543 594 592 creator
608 543 635 591 et
649 535 805 606 redemptor
813 549 862 588 no·
913 531 1002 589 bobus
1016 534 1099 591 debet
1113 536 1141 590 in
1151 534 1237 591 salute
1250 551 1321 604 sue;
1336 535 1364 590 id
1382 543 1423 591 est
1443 534 1553 607 Spiritui
1578 543 1672 592 sancto
1687 542 1715 592 et

60 631 126 692 ster,
147 623 214 680 dicit
227 625 256 678 in
265 624 415 697 Evangelio
432 643 440 680 ε
456 626 587 698 Niriqais
602 625 817 694 renotusfuarit
826 638 863 678 ca
914 623 1051 678 sacerdoti
1060 623 1200 680 humiliter
1214 639 1315 695 corpus
1328 631 1462 694 praestare
1476 623 1511 680 ad
1526 625 1598 680 sacri
1608 632 1712 696 myste-

61 728 134 785 oquo
144 717 174 768 et
184 713 304 785 Spiritu,
321 729 379 770 noa
393 714 515 769 introbit
531 715 562 769 ia
584 729 706 785 reprom
729 713 864 769 coelorom
914 710 985 767 rium
994 711 1108 780 lavacri,
1122 720 1148 768 et
1161 712 1281 769 animam
1293 712 1445 770 voluntarie
1454 713 1490 769 ad
1500 712 1641 770 catholica
1650 712 1716 770 fidei

62 802 153 871 (lona.
171 802 236 872 nt),
258 801 331 858 unde
354 802 495 874 discipulis
516 801 571 857 suis
591 801 730 861 mandavit
744 800 863 856 dicens:
915 800 1127 871 susceptionem.
1395 864 1397 866 ,

61 889 109 955 lte,
122 889 327 948 doceteomnes
349 895 457 962 pentes,
468 892 645 963 baptizantes
656 891 740 947 eoric
750 891 865 945 nomine
951 888 985 944 Ut
999 887 1054 944 vim
1080 891 1256 962 cognoscatis
1271 890 1353 960 hujus
1373 889 1549 947 sacratissimi
1561 890 1638 961 juxta
1653 905 1716 948 san·

62 979 166 1045 Patris,
180 982 210 1034 et
227 981 304 1045 Filii,
321 983 350 1036 et
365 980 488 1052 Spiritus
503 981 607 1046 sancti,
615 980 744 1036 docentes
758 993 865 1034 correr-
915 985 1022 1033 storum
1040 978 1150 1034 Petram
1174 978 1379 1052 intelligentiam
1403 987 1430 1035 at
1460 987 1561 1036 statuta
1584 980 1715 1037 ecclesia·

63 1064 865 1140 onreomaioquocunqnemondouioobisfflottb.xxvur)
916 1066 993 1133 stica,
1010 1074 1108 1122 vestras
1123 1067 1247 1124 charitati
1266 1069 1363 1124 eadem
1388 1078 1559 1124 sacramenta
1583 1068 1715 1126 catholica

61 1156 88 1209 ln
101 1154 162 1210 istis
179 1155 355 1226 paucissimis
377 1156 470 1212 verbis
485 1157 567 1212 totius
581 1166 684 1212 sancta
698 1154 866 1227 praedicatio·
915 1153 1137 1226 interpretatione
1146 1157 1299 1211 ostendam.
1315 1157 1385 1211 Nam
1409 1172 1511 1228 magna
1535 1157 1674 1214 sanctitate
1688 1164 1715 1215 et

62 1243 101 1298 nis
114 1245 244 1300 ordinem
259 1245 394 1316 exposuit,
412 1245 455 1300 bis
469 1246 570 1301 docere
585 1245 660 1313 dixit,
678 1253 704 1299 et
713 1244 799 1299 semol
815 1244 866 1298 ba·
915 1244 1066 1299 venerabili
1080 1243 1279 1317 significatione
1295 1244 1426 1317 qaddquid
1441 1245 1470 1300 in
1485 1246 1524 1302 eis
1538 1246 1643 1317 geritur
1656 1252 1713 1301 sta·

63 1332 176 1404 ptizare.
202 1332 294 1389 Primo
318 1333 439 1389 omnium
471 1332 552 1389 fidem
581 1333 739 1389 catholicam
765 1332 866 1388 dooere
915 1339 1002 1387 tutum
1017 1349 1088 1402 esse,
1105 1334 1243 1389 neminem
1259 1333 1383 1389 dubitare
1399 1332 1439 1389 les
1454 1349 1516 1389 esse
1530 1335 1678 1391 credimus.

63 1421 202 1493 praecepit,
219 1429 247 1477 et
260 1430 323 1494 post
337 1421 419 1478 tidem
434 1431 585 1493 acceptam,
598 1422 626 1477 in
640 1422 749 1478 nornine
765 1428 866 1476 sanctae
952 1421 1052 1487 Primo,
1066 1437 1190 1494 paganus
1204 1423 1426 1491 catechumenus,
1442 1422 1471 1477 id
1492 1429 1533 1478 εει
1557 1422 1713 1497 instructus,

65 1510 203 1566 Trinitatis
219 1511 359 1581 baptizare
372 1511 463 1580 jussit.
480 1512 585 1568 Deinde
607 1510 660 1568 side
682 1511 816 1565 imbutum
839 1517 865 1566 et
916 1508 943 1564 iit
958 1510 1093 1567 accedens
1109 1527 1159 1581 per
1179 1511 1304 1566 ordinem
1325 1511 1455 1566 traditum
1479 1512 1513 1566 ad
1537 1511 1713 1582 baptismum,

66 1614 141 1654 sacro
157 1598 322 1670 baptismate
337 1600 457 1655 ablutum
467 1600 634 1673 evangelicis
650 1601 781 1656 instrucre
796 1615 867 1670 prea-
915 1598 943 1653 id
958 1607 1000 1654 est
1009 1608 1133 1655 sanctam
1147 1600 1308 1656 tinctionem
1319 1619 1326 1665 ;
1339 1608 1366 1656 et
1380 1599 1515 1655 renuntiat
1529 1599 1648 1672 maligno
1659 1600 1715 1674 spi·

67 1686 151 1757 ceptis
171 1687 324 1743 mandavit.
349 1688 439 1744 Primo
463 1688 532 1743 fides
556 1689 679 1744 docenda
700 1695 750 1749 εει,
776 1696 802 1743 ει
826 1687 865 1743 sio
878 1686 979 1772 Britni
994 1695 1021 1744 et
1035 1689 1161 1744 omnibus
1176 1689 1313 1743 damnosis
1328 1688 1387 1757 ejus
1401 1688 1519 1761 pompis.

66 1775 191 1846 baptismi
206 1775 383 1847 percipienda
399 1785 460 1833 sunt
475 1785 654 1844 sacramenta,
670 1776 769 1833 deinde
785 1793 866 1851 evan·
952 1777 987 1832 ll.
1012 1777 1117 1847 Accipit
1141 1792 1238 1833 menne
1271 1777 1472 1849 impositionem
1495 1786 1522 1833 et
1545 1792 1656 1836 crucem
1686 1777 1715 1836 in

67 1864 152 1935 gelica
165 1872 306 1936 praecepta
320 1866 453 1921 tradenda
468 1873 546 1920 sunt.
561 1869 595 1921 At
609 1866 632 1920 si
652 1866 754 1938 aliquid
769 1867 867 1921 horum
916 1863 1015 1930 fronte,
1031 1865 1184 1921 innomine
1199 1865 1287 1921 Patris
1303 1873 1330 1921 et
1344 1865 1405 1922 Filii
1422 1873 1449 1922 et
1472 1866 1588 1938 Spiritus
1603 1868 1689 1924 sancti
1706 1886 1713 1925 ι

67 1954 144 2008 trium
158 1952 289 2020 deluerit,
306 1954 422 2009 salutem
437 1955 535 2010 animae
551 1972 607 2010 suae
631 1954 739 2010 auditor
763 1955 865 2010 babere
916 1960 943 2008 et
957 1952 1115 2009 exsufflatur
1129 1953 1157 2009 in
1171 1953 1252 2020 iacie,
1264 1961 1293 2008 ut
1304 1953 1396 2028 iugata
1407 1953 1526 2025 diabolo,
1539 1954 1646 2013 Christo
1656 1956 1714 2015 Deo

68 2058 118 2097 non
131 2042 247 2115 poterit.
261 2043 312 2099 llic
327 2059 445 2116 namque
468 2044 534 2099 ordo
558 2044 752 2109 catechizandi,
773 2043 801 2097 id
826 2051 867 2099 εει
916 2050 1008 2098 ιιοειιο
1022 2049 1134 2113 paretur
1148 2042 1284 2098 introitus.

68 2131 219 2187 instruendi
239 2131 268 2186 in
280 2132 380 2187 adultae
394 2133 480 2188 aetatis
495 2132 561 2187 viris
576 2132 675 2204 ubique
690 2132 803 2188 tirmiter
821 2149 866 2188 re·
951 2131 1200 2196 lllErorcizatur,
1217 2130 1310 2196 idest,
1332 2131 1488 2201 conjuratur
1501 2131 1639 2204 malignus
1655 2133 1714 2206 spi·

68 2220 194 2275 tinendus
207 2229 261 2275 est.
278 2220 420 2293 Fragiliori
435 2236 501 2277 voro
515 2222 586 2276 atati
601 2221 645 2292 pia
668 2228 753 2276 mater
766 2221 866 2277 Ecole-
916 2220 995 2289 ritus,
1012 2228 1041 2274 ut
1054 2228 1133 2276 exeat
1148 2227 1174 2275 et
1189 2219 1308 2286 recedat,
1326 2220 1393 2274 dans
1407 2219 1498 2276 locum
1512 2222 1580 2277 Deo.

70 2309 104 2364 sia
117 2308 267 2374 concessit,
282 2316 312 2363 ut
329 2308 374 2380 qui
388 2309 475 2365 abeno
490 2309 517 2363 in
528 2318 646 2379 paterna
662 2309 866 2380 praevaricatio-
951 2308 998 2363 lv.
1023 2309 1126 2380 Accipit
1151 2309 1365 2365 catechumenus
1389 2307 1484 2378 salem,
1506 2317 1535 2365 ut
1558 2310 1667 2382 putrida
1688 2317 1716 2368 et

69 2397 107 2452 nis
122 2397 226 2469 ligatus
242 2405 283 2453 εει
295 2405 416 2469 peccato,
431 2399 541 2453 alterius
555 2398 584 2452 in
597 2398 723 2469 baptismi
738 2399 866 2470 mysterio
917 2396 987 2452 iluxa
1011 2397 1070 2465 ejus
1098 2405 1211 2469 peccata
1236 2396 1375 2470 sapientiae
1404 2397 1463 2454 sale
1486 2397 1579 2456 divino
1601 2415 1715 2458 munere

71 2486 305 2542 abrenuntiatione
321 2496 348 2542 et
363 2485 425 2541 lidei
437 2486 610 2559 professione
625 2487 729 2542 solutus
740 2487 783 2542 sit.
795 2489 829 2541 Et
843 2486 867 2543 si
916 2485 1089 2541 mundentur.

70 2574 116 2632 boc
129 2591 188 2630 non
204 2583 288 2644 esset,
307 2575 400 2647 quanti
414 2576 537 2647 perirent
555 2575 682 2646 infantes,
704 2592 738 2630 ex
752 2592 866 2648 quorum
952 2574 985 2630 V.
996 2574 1103 2629 Deinde
1112 2590 1179 2630 vero
1190 2574 1307 2647 symboli
1314 2575 1455 2647 apostolici
1469 2574 1584 2631 traditur
1597 2576 1623 2632 ei
1632 2577 1712 2647 tides,

70 2680 181 2720 nurnero
192 2664 315 2721 coelestis
327 2664 762 2736 quotidieaedificaturlernsalem
773 2665 787 2720 t
797 2666 867 2720 Abs·
917 2671 944 2719 et
959 2663 1045 2718 oratio
1060 2662 1221 2728 Dominioa;
1236 2672 1266 2719 ut
1280 2678 1366 2720 vaona
1381 2665 1477 2736 domus
1493 2672 1546 2719 eta
1561 2665 1712 2736 priscoha-

71 2769 118 2824 qne
140 2752 197 2809 lide
219 2753 321 2826 quippe
351 2754 498 2825 baptisma
519 2769 574 2810 non
604 2752 724 2826 prolicit,
758 2754 866 2810 dicente
918 2752 1034 2808 bitatore
1048 2752 1187 2823 derelicta,
1203 2751 1257 2808 lide
1272 2760 1394 2820 ornetur,
1409 2759 1436 2808 et
1449 2761 1616 2824 praeparetur
1630 2755 1712 2811 habi·

70 2841 221 2912 lpostolo:
245 2842 312 2898 Sine
339 2842 394 2911 tide
421 2844 593 2914 impossibile
613 2848 656 2898 est
675 2845 788 2915 placere
811 2845 866 2899 Deo
917 2841 981 2896 tatio
994 2842 1062 2897 Deo.
1078 2840 1202 2910 Quorum
1216 2842 1423 2912 expositionem,
1442 2841 1471 2896 id
1494 2849 1536 2897 est
1556 2843 1671 2914 symboli
1687 2829 1727 2901 et¹

71 2931 102 3000 (ll
116 2931 141 2986 b.
152 2932 196 3002 u).
214 2932 290 2987 lnter
303 2932 475 3003 impossibiie
488 2931 624 3004 siquidem
640 2940 666 2988 ει
680 2933 798 3003 difficile
813 2933 866 2988 boc
917 2929 1048 2986 orationis
1069 2931 1229 3000 Dominicae,
1245 2930 1352 2985 habetis
1366 2930 1394 2985 in
1409 2930 1539 2988 scrutinio
1553 2933 1626 3004 quod
1640 2930 1670 2987 lit
1684 2933 1714 2989 in

69 3019 198 3076 interesse
214 3018 344 3091 legimus.
361 3018 476 3076 Difficile
491 3021 615 3092 estquod
626 3019 690 3076 licet
703 3021 758 3088 vix,
774 3028 867 3077 tamen
881 3069 906 3132 C
918 3019 1058 3090 apertione
1073 3019 1187 3088 aurium,
1204 3020 1274 3076 sicut
1288 3018 1367 3076 vobis
1381 3019 1518 3076 oredimus
1532 3036 1593 3077 esse
1607 3029 1711 3078 notum.

71 3106 125 3165 lieri
138 3113 232 3180 potest
249 3125 256 3163 :
272 3108 442 3180 impossibile
457 3124 533 3176 vero,
550 3110 623 3180 qnod
637 3109 747 3165 omnino
762 3110 797 3164 ab
812 3111 865 3166 hu·
915 3107 995 3177 Quod
1009 3107 1081 3163 enirn
1094 3108 1247 3179 symbolum
1258 3107 1471 3174 Graeoedicitur,
1479 3108 1561 3165 latine
1570 3109 1711 3181 indicium,

70 3213 145 3253 mana
159 3197 313 3269 fragilitate
328 3196 387 3253 fieri
401 3213 456 3253 non
471 3204 570 3268 potest.
581 3199 645 3253 ldeo
660 3197 719 3269 ipse
734 3198 865 3254 Dominus
915 3197 959 3251 vel
985 3196 1105 3269 signum,
1131 3197 1188 3252 sive
1209 3196 1318 3253 collatio
1343 3197 1546 3268 interpretatur.
1567 3198 1711 3268 Indicium,

69 3286 264 3358 inlivangelio
279 3285 449 3356 stupentibus
463 3285 674 3358 apostolisque
690 3303 723 3342 ex
737 3286 865 3342 divitibus
916 3284 980 3357 quia
990 3301 1039 3355 per
1052 3285 1081 3341 id
1094 3285 1230 3341 indicetur
1246 3284 1310 3340 fidei
1325 3285 1477 3358 integritas.
1495 3285 1620 3358 Signum,
1637 3288 1710 3360 quod

69 3375 158 3430 salsus
178 3372 241 3430 lieri
261 3382 366 3447 posset,
383 3373 523 3445 respondit
540 3393 546 3430 :
562 3376 641 3447 Apud
660 3375 797 3442 beminen,
816 3377 865 3432 boo
916 3388 949 3429 eo
961 3374 1033 3429 bene
1053 3381 1158 3430 retento
1182 3382 1209 3430 ει
1230 3373 1367 3429 intellecto
1388 3372 1484 3429 fideles
1505 3374 1540 3430 ab
1557 3374 1712 3432 infidelibus

69 3463 313 3530 impossibilium
328 3463 403 3536 epod
413 3464 866 3536 Deumootomomniopossibilia
915 3461 1117 3518 discernuntur.
1148 3462 1271 3527 Collatia,
1295 3461 1358 3532 quia
1381 3461 1410 3515 in
1430 3477 1464 3518 eo
1486 3463 1572 3518 sancti
1594 3463 1712 3535 apostoli

67 3551 256 3620 tantillottb.
269 3551 343 3621 xix).
360 3551 507 3608 Docendus
521 3558 563 3608 εει
576 3552 668 3624 itaque
682 3552 765 3608 borno
779 3552 865 3608 ratio-
915 3566 1025 3606 omnem
1039 3549 1102 3605 fidei
1114 3549 1295 3620 integritatem
1315 3549 1484 3606 contulerunt
1500 3567 1507 3605 :
1523 3552 1597 3622 quod
1619 3561 1711 3609 autem

67 3640 273 3697 nalemhabens
283 3639 499 3715 intelligentiam,
520 3640 715 3697 etmultimoda
733 3641 866 3713 praedica·
915 3655 1011 3695 omnes
1024 3638 1148 3710 Apostoli
1162 3638 1223 3708 pari
1237 3636 1301 3693 fidei
1322 3637 1477 3694 sinceritate
1500 3638 1584 3696 corde
1609 3640 1711 3697 retine-

67 3731 140 3786 tione
154 3728 345 3796 attrabendus,
370 3735 398 3784 ut
421 3745 506 3786 sacra
527 3728 591 3785 srdci
613 3729 755 3787 veritatem
777 3745 882 3803 agnon
915 3726 991 3794 bant,
1007 3743 1055 3783 ore
1069 3725 1189 3783 confessi
1202 3734 1286 3793 sunt;
1302 3734 1329 3782 et
1343 3726 1444 3798 singuli
1458 3728 1583 3799 proprias
1597 3736 1710 3786 senten-

65 3827 124 3876 scat
136 3838 144 3886 ;
154 3826 183 3874 et
197 3818 317 3874 maxime
325 3817 375 3873 Dei
386 3818 579 3890 omnipotentis
588 3834 639 3890 pro
649 3835 681 3876 eo
692 3818 866 3891 deprecanda
915 3815 968 3871 tias
979 3815 1159 3883 conserentes,
1176 3814 1340 3888 spnnbolum,
1354 3815 1383 3871 id
1398 3822 1439 3871 εει
1461 3815 1544 3873 totius
1567 3815 1632 3873 lidei
1652 3818 1712 3876 col·

63 3917 107 3965 εει
122 3906 271 3963 clementia
288 3925 294 3962 :
321 3907 385 3980 quia
408 3907 495 3964 otiosa
512 3914 554 3963 εει
574 3907 670 3981 lingua
691 3906 826 3974 docentis,
843 3908 867 3964 si
915 3905 1044 3962 lationem
1057 3904 1209 3962 ediderunt.
1226 3903 1379 3962 Discessuri
1393 3904 1466 3960 anun
1480 3904 1515 3961 ab
1530 3904 1648 3963 invicem
1661 3922 1712 3980 per

62 3997 158 4068 gratia
172 3995 264 4052 divina
278 4010 328 4052 cor
341 4011 396 4050 non
415 3996 511 4052 imbuit
525 3996 667 4064 auditoris,
684 3997 792 4053 dicente
807 3996 866 4067 ipss
916 3993 997 4051 totius
1012 3993 1086 4050 orbis
1099 3993 1254 4066 provincias
1276 4008 1402 4050 normam
1416 3993 1513 4050 iuturae
1535 3994 1712 4066 praedicatio·

60 4085 208 4141 veritate:
222 4085 506 4157 b'emopotestaenire
516 4085 552 4141 nd
562 4101 615 4152 ane,
626 4086 686 4140 nisi
694 4087 866 4141 Potermeos
916 4081 958 4137 nis
972 4082 1000 4137 in
1014 4098 1157 4139 commune
1172 4089 1329 4150 statuerunt,
1345 4098 1381 4139 ne
1395 4081 1517 4139 localiter
1535 4083 1570 4138 ab
1595 4083 1713 4142 invicem

61 4173 228 4230 attraxerit
237 4187 301 4229 eom
317 4175 408 4244 (ioan.
427 4173 486 4244 v1);
501 4181 528 4230 et
540 4180 569 4229 ut
592 4173 734 4245 aqualiter
744 4180 867 4230 sanctam
916 4171 1098 4242 discedentes,
1114 4171 1253 4228 diversum
1267 4171 1369 4243 aliquid
1378 4170 1421 4228 vel
1429 4171 1571 4228 dissomm
1579 4172 1712 4245 praedica-

57 4261 225 4318 Trinitatem
239 4260 354 4316 salutem
368 4261 485 4317 bominis
495 4260 605 4333 operari
619 4260 785 4334 intelligatis,
802 4261 868 4318 dicit
916 4267 986 4316 rent.
1003 4260 1099 4317 Oratio
1117 4267 1208 4316 eutem
1231 4258 1382 4327 Dominica,
1408 4275 1491 4332 quarn
1514 4275 1608 4318 omnes
1633 4261 1713 4319 Chri-

58 4361 87 4408 et
104 4350 168 4422 ipse
184 4348 316 4405 Dominus
331 4349 359 4405 in
374 4349 525 4423 Evangelio
541 4368 548 4405 z
563 4352 648 4408 Nemo
658 4355 750 4424 potest
771 4351 867 4407 venire
917 4348 996 4404 stiani
1009 4349 1117 4406 sincero
1132 4349 1216 4405 corde
1231 4347 1403 4421 frequentare
1422 4349 1578 4407 necessario
1599 4350 1711 4423 debent,

56 4440 99 4495 ad
116 4441 245 4504 Patrem,
257 4439 316 4494 nisi
323 4454 374 4512 per
384 4454 428 4495 me
443 4439 629 4511 (Joca.x1v);
644 4439 710 4495 item
720 4447 747 4495 ει
761 4439 795 4495 de
806 4439 866 4512 Spi-
879 4424 980 4495 Dideo
994 4437 1034 4494 sic
1048 4438 1210 4510 appellatur,
1226 4437 1289 4511 quia
1303 4438 1456 4510 petentibus
1472 4437 1603 4509 apostolis
1619 4448 1648 4495 ut
1672 4439 1712 4496 eis

55 4529 120 4584 ritu
133 4534 231 4584 sancto
244 4526 301 4582 ait:
317 4527 379 4583 Nisi
394 4528 455 4600 qais
471 4532 588 4584 renatos
597 4529 687 4599 suerit
701 4544 738 4585 en
751 4544 824 4601 aqna
839 4533 868 4585 ct
915 4525 1065 4583 insinuaret
1079 4525 1196 4599 qualiter
1209 4541 1288 4583 orare
1302 4526 1444 4591 deberent,
1464 4525 1596 4582 Dominus
1619 4533 1713 4582 noster

55 4618 248 4690 spiritunon
259 4617 643 4689 potestintroireinrepnnm
652 4617 799 4689 Deiiloon.
811 4617 864 4689 ιιι).
915 4616 996 4672 Jesus
1010 4614 1142 4687 Christus,
1159 4615 1230 4672 sicut
1242 4631 1322 4672 sacra
1345 4613 1495 4689 Evangelia
1510 4614 1618 4681 docent,
1641 4615 1713 4672 hanc

55 4705 147 4776 Quod
162 4704 236 4760 enim
250 4703 392 4761 visibiliter
407 4705 537 4761 sacerdos
551 4721 602 4777 per
617 4705 781 4776 baptismum
796 4721 866 4777 ope·
916 4705 1070 4761 orationem
1084 4704 1137 4761 illis
1152 4704 1315 4776 composuit,
1330 4704 1402 4761 etsic
1416 4718 1464 4759 eos
1479 4717 1557 4759 orare
1570 4703 1712 4775 praecepit.

54 4802 141 4851 ratur
154 4792 315 4866 incorpore
334 4808 384 4865 per
406 4807 515 4865 aquam,
539 4796 592 4851 hoc
616 4795 731 4866 Spiritus
757 4802 866 4851 sanctus
951 4792 1366 4864 V1.Tnncs1untscrntinia,id
1384 4797 1427 4847 est
1441 4790 1648 4863 explorationes,
1669 4792 1714 4850 vel

54 4880 240 4940 invisibiliter
253 4888 383 4953 operatur
397 4881 426 4937 in
440 4882 531 4938 anima
545 4899 595 4953 per
607 4881 699 4939 fidem.
716 4883 781 4938 Tria
803 4890 866 4939 sunt
915 4882 1140 4957 investigationes
1164 4883 1314 4940 secundum
1337 4895 1442 4936 morem
1465 4879 1544 4936 vobis
1559 4881 1710 4955 cognitum,

55 4972 89 5029 in
103 4969 280 5041 baptismatis
290 4978 465 5028 sacramento
472 4971 599 5038 visibilia,
611 4979 638 5027 et
647 4971 698 5027 tria
708 4971 864 5028 invisibilia.
915 4980 943 5028 ιιι
958 4973 1112 5044 exploretur
1121 4973 1231 5043 saepius,
1243 4985 1324 5042 quam
1337 4966 1452 5024 tirmiter
1459 4976 1521 5041 post
1532 4971 1712 5030 renuntiatio·

56 5058 195 5117 visibilia
209 5067 280 5129 sunt,
296 5059 439 5126 sacerdos,
459 5074 560 5131 corpus
574 5068 601 5116 et
613 5076 702 5133 aque;
719 5060 866 5117 invisibilia
915 5077 979 5118 nem
994 5061 1102 5118 Satanae
1115 5075 1194 5117 sacra
1207 5058 1292 5114 verba
1307 5056 1378 5114 data
1400 5055 1464 5115 fidei
1478 5058 1609 5116 radicitus
1627 5060 1713 5116 corde

54 5163 142 5215 vero,
160 5147 280 5219 spiritus,
297 5147 438 5214 stenima,
456 5147 573 5206 etfrdes.
599 5149 647 5205 Illa
672 5149 725 5205 tria
749 5149 867 5206 visibilia
915 5149 1077 5216 defixerint;
1094 5155 1120 5206 et
1142 5148 1211 5205 sicut
1228 5145 1307 5203 robis
1332 5152 1428 5203 notum
1446 5154 1488 5204 εει
1509 5163 1560 5220 per
1584 5147 1712 5204 decretos

55 5237 132 5296 nihil
147 5235 294 5308 proliciunt
308 5235 387 5306 loris,
403 5237 427 5293 si
434 5239 493 5295 haec
507 5238 559 5294 tria
571 5237 719 5294 invisibilia
734 5254 790 5295 non
803 5252 867 5311 ope-
915 5237 974 5295 dies
989 5239 1016 5294 in
1031 5244 1124 5294 sancta
1138 5234 1359 5307 Quadragesima
1375 5235 1443 5292 liunt
1457 5243 1564 5309 septem
1571 5235 1712 5306 scrutinia,

56 5333 171 5385 mntnr.
188 5325 323 5382 Sacerdos
337 5340 439 5398 corpus
457 5342 530 5400 aqua
544 5326 640 5394 abluit,
665 5327 782 5399 Spiritus
803 5342 866 5384 san·
915 5327 1066 5385 secundum
1079 5326 1196 5382 tonnam
1209 5323 1374 5397 septiformis
1390 5324 1515 5397 Spiritus.

58 5424 127 5475 ctas
139 5413 260 5471 animam
273 5413 327 5472 lide
339 5413 479 5486 justificat,
494 5425 521 5472 et
533 5417 586 5474 hoc
601 5424 643 5472 est
657 5415 732 5489 quod
745 5420 865 5490 Aposto—
952 5416 1009 5472 Vll.
1024 5414 1129 5471 Deinde
1143 5413 1230 5487 tangit
1245 5414 1429 5472 consecrando
1444 5410 1574 5472 sacerdos
1587 5429 1671 5475 nares
1686 5418 1713 5474 et

59 5504 109 5564 lus
121 5503 183 5564 ait:
200 5504 397 5578 donperotorer
412 5507 489 5563 enlm
502 5506 552 5564 Dei
573 5505 707 5578 nummii
729 5507 790 5565 dor.
811 5505 863 5579 nt).
916 5519 997 5566 aures
1012 5504 1047 5562 de
1061 5510 1151 5581 sputo,
1166 5512 1194 5562 et
1207 5502 1272 5564 dicit
1288 5520 1296 5564 ι
1311 5504 1404 5579 Ειῖιιι
1413 5504 1485 5579 quad
1497 5508 1541 5564 est
1564 5504 1713 5580 adoperire

210 5600 332 5661 Parnon.
349 5598 473 5660 cxxii.
1479 5603 1497 5658 t
