3794 6104
195 215 247 268 881

821 203 970 262 101111115
994 201 1092 258 PAPAE
1120 204 1190 259 Vlll.

1802 209 1849 264 931

193 349 243 405 per
258 315 322 389 snos
344 332 451 405 legatos
466 332 491 388 ei
506 331 693 387 mandavimus
707 338 736 385 ut
750 330 774 384 si
789 329 857 384 intra
880 323 1029 401 trigintaA
1043 326 1177 398 imperiali
1200 328 1358 383 Ravennam
1379 327 1525 395 asciscere,
1542 335 1570 382 et
1584 326 1693 383 nobiles
1717 327 1792 383 ciras
1806 328 1845 400 ip-

194 422 299 477 dierum
323 421 408 492 spatia
430 437 492 477 8818
516 419 660 475 Saracenis
682 418 804 473 habiturn
828 416 917 473 ioedus
939 431 993 470 non

194 518 344 581 rumperet,
359 518 407 564 aut
420 525 454 564 88
467 525 528 580 quae
548 508 627 562 nobis
650 507 859 580 tergiversando
874 504 994 560 abstule-

196 606 249 667 rat,
264 614 317 653 non
332 596 565 666 retransmitteret,
582 603 675 650 nostro
688 594 790 663 judicio
805 594 902 649 iterum
928 609 993 647 sen-

196 686 318 749 tentiam,
335 701 414 756 quam
429 685 487 754 ipse
499 684 525 738 in
536 701 566 739 se
576 684 694 755 pertulit,
711 699 823 754 prorsus
838 683 992 752 exciperet,

197 775 247 829 sed
261 782 314 828 tam
330 772 402 826 varia
415 773 566 841 juramenta
582 788 663 843 quam
678 772 816 827 absolutas
831 769 993 848 promissio-

195 878 245 918 nes
260 869 436 932 postponens,
452 877 502 915 nos
516 861 551 915 de
565 861 610 915 die
624 861 650 914 iu
666 860 738 914 diem
758 859 866 927 delusit,
884 866 910 914 et
926 858 993 913 ioris

1045 415 1111 484 sius,
1127 414 1206 470 nobis
1227 415 1397 482 inconsultis,
1422 432 1489 471 ausu
1513 415 1663 477 temerario
1687 415 1845 487 distringere

1044 503 1192 559 enormiter
1211 504 1335 575 coegisti,
1351 505 1491 571 miramur,
1508 520 1542 560 eo
1557 504 1630 575 quod
1654 513 1682 560 te
1703 504 1844 560 adversum

1045 599 1117 647 tuam
1133 592 1341 663 promissionem
1353 593 1528 662 jurejurando
1543 608 1639 649 coram
1656 592 1740 648 nobis
1750 601 1777 647 81
1787 593 1844 648 sede

1044 681 1194 751 apostolica
1217 680 1368 751 prolatam,
1394 681 1501 751 penitus
1525 681 1617 754 egisse
1642 681 1842 754 cognoscimus.

1045 769 1095 823 Pro
1117 785 1170 840 quo
1193 769 1320 824 nimirum
1336 777 1362 824 18
1378 770 1457 825 valde
1481 785 1579 825 cavere
1602 777 1726 840 oportet,
1743 785 1777 824 ne
1800 786 1844 840 pro

1043 857 1142 911 talibus
1158 865 1200 912 tua
1211 857 1345 912 sententia
1355 857 1428 913 velut
1437 867 1675 929 transgressorem
1688 857 1843 913 ulciscatur.

195 949 320 1006 omnibus
335 948 481 1019 dissipatis,
502 949 575 1003 intus
598 965 664 1004 vero
687 965 738 1020 per
761 965 835 1003 suam
859 946 994 1003 callidita-
1044 945 1101 1000 Nos
1116 945 1188 1000 enim
1205 955 1230 1001 te
1244 962 1357 1019 gregem
1380 945 1489 1001 Domini
1511 961 1637 1017 pascere,
1655 962 1714 1002 non
1740 954 1843 1016 pertur-

195 1045 249 1092 tem
264 1036 355 1092 multis
371 1036 472 1092 nostris
487 1037 595 1102 ablatis,
611 1037 744 1093 hactenus
765 1052 815 1092 888
831 1052 893 1091 8818
909 1036 994 1090 Sara·
1043 1033 1125 1100 bare;
1150 1032 1269 1100 salvare,
1295 1043 1321 1089 et
1343 1050 1398 1089 non
1420 1035 1537 1104 perdere
1561 1034 1721 1090 statuimus.
1750 1034 1844 1089 Tamen

195 1124 269 1180 cenis
285 1124 406 1179 habitum
420 1133 529 1194 pactum
543 1124 677 1190 dissolvit,
693 1140 743 1180 888
759 1124 880 1195 reliquiae
890 1123 940 1178 Dei
951 1138 997 1193 po·
1044 1137 1107 1178 curn
1121 1138 1183 1190 uos,
1198 1123 1255 1178 Deo
1270 1123 1388 1191 volente,
1404 1122 1596 1195 Neapolique
1612 1139 1687 1179 8888
1702 1121 1843 1193 proticisci·

195 1212 250 1283 puli
264 1212 346 1267 voluit
361 1212 495 1267 misereri.
512 1211 583 1280 Quin
598 1213 688 1282 potius
702 1228 764 1267 eum
788 1211 855 1282 ipsis
877 1227 994 1267 conver·
1043 1226 1112 1276 mur,
1138 1210 1270 1265 fuerimus
1293 1210 1412 1279 reversi3
1438 1219 1464 1266 81
1487 1219 1532 1265 881
1556 1219 1594 1277 18,
1618 1211 1772 1267 8888811818
1795 1227 1842 1266 no·

195 1314 268 1364 sans,
284 1300 318 1353 de
333 1299 399 1370 ipsis
413 1299 493 1354 malis
508 1299 535 1354 in
550 1299 628 1369 pejus
648 1300 743 1365 crevit,
759 1306 786 1354 et
800 1299 849 1354 Dei
866 1299 996 1354 mandata
1044 1305 1130 1353 stram
1144 1299 1191 1353 tibi
1202 1299 1354 1368 jussionem
1373 1299 1515 1366 directam,
1539 1300 1654 1356 11818818
1669 1299 1789 1367 veneris,
1802 1308 1846 1355 aut

196 1396 383 1455 contemnens,
403 1387 549 1442 sacerdotii
563 1389 647 1442 etiam
664 1387 705 1441 sui
721 1388 828 1452 oblitus,
845 1386 998 1442 nonsolum
1044 1403 1094 1442 nos
1115 1386 1158 1442 vel
1179 1387 1278 1442 missus
1300 1396 1392 1443 noster
1415 1387 1480 1443 istas
1502 1387 1530 1442 in
1552 1395 1647 1458 partes
1671 1388 1841 1458 venerimus,

196 1475 291 1530 similis
307 1475 360 1529 illis
375 1473 488 1530 effectus
503 1483 554 1541 est,
571 1476 620 1530 sed
635 1475 716 1531 etiam
727 1476 754 1530 in
764 1475 855 1530 multis
865 1475 993 1530 deterior.
1044 1475 1193 1547 plenariam
1214 1475 1248 1530 de
1263 1476 1390 1530 omnibus
1404 1493 1464 1548 qum
1478 1485 1531 1532 tuae
1547 1475 1682 1532 Ecclesiae
1707 1491 1843 1549 cognove-

195 1564 282 1631 Hujus
297 1563 336 1618 rei
351 1564 440 1634 gratia
455 1564 527 1634 apud
543 1564 649 1618 beatum
665 1564 773 1618 Petrum
788 1563 939 1635 apostolum
954 1581 997 1634 sy·
1045 1563 1130 1618 rimus
1143 1580 1204 1618 esse
1218 1564 1374 1619 necessaria
1386 1564 1518 1631 justitiam
1528 1564 1690 1619 omnimodo
1706 1562 1843 1619 iaciemus.

197 1650 294 1708 nodiee
308 1651 335 1705 in
350 1667 412 1707 eum
434 1652 595 1706 sententiam
618 1652 789 1722 protulimus,
808 1660 906 1706 etcum
932 1667 994 1706 om-
1008 1650 1178 1734 BDeiuucto
1189 1660 1319 1722 praeterea
1329 1651 1847 1723 8881881818188118888818888888·

197 1739 278 1793 nibus
292 1738 343 1793 sibi
358 1739 589 1794 consentientibus
605 1740 662 1794 sive
677 1738 830 1794 faventibus
849 1739 923 1794 omni
946 1754 994 1794 ec·
1045 1739 1161 1792 vidimus
1185 1740 1256 1794 hunc
1279 1739 1451 1795 Dominieum
1474 1739 1660 1795 venerabilem
1679 1740 1846 1795 archidiaco-

197 1826 349 1882 clesiastica
363 1828 551 1882 communione
576 1828 626 1882 sub
649 1827 829 1882 anathematis
848 1827 995 1898 interposi·
1044 1842 1118 1894 nuru,
1144 1826 1217 1881 sedis
1241 1827 1326 1897 ipsius
1349 1829 1453 1883 honore
1477 1827 1628 1899 episcopali
1651 1827 1770 1901 dignum
1791 1828 1845 1882 exi-

159 1977 161 1981 ,
196 1915 269 1970 11888
283 1915 459 1986 privavimus.
483 1915 579 1970 Modus
600 1924 688 1970 autern
710 1914 996 1971 excommunicationis
1044 1922 1126 1970 stere.
1144 1916 1201 1970 1188
1217 1915 1384 1971 888181118118
1400 1923 1501 1973 nostras
1519 1923 1619 1971 statuto
1634 1917 1766 1987 praesenti
1779 1915 1845 1971 dile·

197 2003 242 2058 hic
274 2011 315 2058 est
344 2021 351 2057 :
386 2004 563 2059 Athanasium
595 2003 803 2074 Neapolitanum
837 2003 995 2074 episcopum
1044 2002 1126 2058 ctioni
1147 2010 1200 2058 tuae
1224 2003 1397 2074 praecipimus
1420 2012 1458 2072 ut,
1482 2004 1588 2076 absque
1613 2004 1691 2060 omni
1714 2019 1792 2059 mora
1806 2004 1845 2060 rel

197 2091 346 2163 saepissime
363 2091 603 2159 admonitionibus,
620 2101 646 2147 et
660 2092 751 2146 multis
766 2092 874 2162 argenti
889 2092 995 2162 ponde·
1044 2090 1231 2162 protelatione,
1246 2093 1372 2147 eumdem
1387 2092 1608 2148 archidiaconum
1623 2093 1740 2149 studeas
1754 2109 1847 2149 secun·

197 2178 272 2256 ribus
291 2179 383 2249 datis,
417 2187 445 2234 ut
464 2189 572 2251 pactum
604 2196 666 2236 cum
700 2179 842 2236 Saracenis
874 2180 994 2234 habitum
1045 2179 1109 2233 dum
1132 2195 1235 2234 morem
1259 2180 1417 2251 episcopum
1441 2196 1611 2236 consecrare.
1633 2182 1707 2236 Nam
1722 2180 1746 2235 si
1760 2181 1845 2252 aliqua

197 2267 389 2338 disrumperet,
405 2268 605 2323 admonuimus.
623 2269 670 2323 llle
685 2276 774 2322 autem
799 2267 870 2322 idem
886 2276 995 2338 pactum
1045 2267 1197 2322 temeritate
1219 2268 1396 2338 depravatus,
1420 2269 1472 2324 hoc
1496 2277 1590 2324 contra
1612 2278 1668 2324 tuae
1696 2269 1845 2341 sponsionis

197 2371 227 2410 se
248 2355 404 2410 omnimodo
428 2355 579 2410 soluturum
593 2365 619 2410 et
634 2356 669 2410 ab
685 2372 779 2411 eorum
804 2355 932 2410 societate
953 2371 997 2410 se-
1042 2354 1202 2424 juratoriam
1224 2355 1351 2427 paginam
1375 2356 1583 2426 praesentialiter
1608 2356 1702 2414 iacere
1726 2366 1843 2414 contem·

196 2451 352 2514 paraturum
377 2460 438 2498 esse
462 2444 622 2515 promittens
637 2444 688 2497 sub
702 2460 733 2498 ea
747 2443 911 2510 conditione,
928 2451 957 2497 ut
972 2443 996 2497 si
1045 2442 1142 2513 psoris,
1159 2458 1209 2513 pro
1223 2449 1296 2498 certo
1311 2442 1383 2498 scias
1398 2442 1460 2515 quia
1474 2460 1525 2499 nos
1540 2444 1626 2515 ipsius
1652 2444 1786 2501 Ecclesiae
1800 2461 1842 2500 88-

197 2530 286 2586 118888
311 2547 373 2585 8818
396 2531 450 2585 11118
475 2531 596 2602 quolibet
619 2531 700 2587 modo
725 2530 813 2587 ioedus
838 2531 994 2596 habuisset,
1046 2545 1102 2584 ram
1118 2538 1144 2585 et
1167 2529 1375 2586 sollicitudinem
1399 2531 1544 2600 babentes,
1566 2532 1623 2601 jam
1649 2531 1739 2588 iatum
1760 2532 1842 2587 archi·

197 2618 270 2673 omni
283 2626 357 2674 esset
372 2619 531 2674 sacerdotali
556 2620 661 2674 honore
686 2620 808 2690 privatus
832 2627 858 2674 et
879 2620 995 2673 8881118-
1046 2617 1189 2672 818888818
1205 2618 1239 2672 ad
1254 2633 1304 2673 nos
1319 2635 1353 2674 er
1367 2627 1460 2673 nostra
1475 2619 1661 2691 preceptione
1674 2620 1749 2677 illico
1763 2636 1841 2676 rever·

196 2706 355 2772 matinatus3
381 2708 430 2762 sed
456 2708 514 2764 hoec
538 2708 629 2762 omnia
652 2708 905 2778 parvipendentem,
921 2715 947 2761 et
961 2707 995 2761 ad

196 2795 376 2865 perditionem
400 2784 621 2850 Christianorum
630 2811 692 2850 cum
707 2796 747 2851 eis
761 2804 866 2866 pactum
888 2795 995 2849 haben-

198 2891 262 2947 tem,
280 2890 305 2937 et
320 2899 370 2937 nos
385 2883 535 2953 saepissime
551 2884 735 2947 deludentem,
750 2892 777 2938 ct
792 2885 826 2939 de
841 2885 931 2955 praeda
946 2899 995 2937 eo·

199 2986 258 3023 rum
279 2978 384 3041 partem
404 2971 591 3041 recipientem,
604 2972 707 3039 judicio
722 2980 748 3026 et
762 2973 922 3027 auctoritate
945 2970 996 3025 Dei

198 3058 408 3127 omnipotentis,
434 3067 460 3113 et
487 3059 628 3113 beatorum
656 3060 837 3129 apostolorum
865 3059 937 3114 Petri
965 3074 997 3114 ac

198 3145 272 3200 Pauli
286 3145 366 3200 simul
380 3154 406 3200 et
421 3154 523 3212 nostra,
537 3162 597 3202 cum
612 3147 737 3202 omnibus
752 3147 912 3219 sequacibus
927 3147 993 3212 suis,

197 3240 224 3288 et
251 3234 326 3288 omni
353 3234 539 3291 ecclesiastiea
566 3236 757 3291 communione
783 3236 939 3306 privamus,
969 3242 996 3290 81

197 3338 340 3393 quousque
355 3338 385 3377 se
398 3324 433 3377 ab
448 3323 514 3393 ipsis
529 3324 673 3379 Saracenis
688 3324 795 3395 penitus
817 3324 994 3395 separaverit,

197 3409 270 3463 velut
284 3409 365 3464 totius
390 3411 596 3466 Christianitatis
618 3412 758 3467 inimicum
781 3412 995 3467 anathematiza·

197 3512 269 3553 mus.
285 3497 353 3553 Data
367 3514 462 3554 mense
477 3500 573 3569 Aprili,
589 3499 735 3556 indictione
751 3516 809 3555 xvv.

518 3649 672 3706 cccxxvi

264 3752 300 3792 aa
319 3752 455 3794 neutuna
474 3752 711 3794 xaanrnrrsconax
730 3753 932 3796 axvnnrvxratt.

506 3826 596 3896 111888
613 3827 687 3896 881.)

200 3914 300 3985 Arcuit
314 3914 385 3987 quod
400 3915 559 3969 ildericum
574 3918 706 3971 camitem
719 3918 881 3972 Ravennam
892 3919 997 3973 asciae·

235 3986 283 4048 rit,
302 3989 329 4038 et
351 3985 457 4039 nobiles
480 3986 654 4041 Rauennates
677 3991 777 4041 contra
791 3988 997 4059 jusjurandum

236 4053 289 4107 sibi
305 4055 467 4135 prestitam
491 4057 604 4109 vexarit
620 4075 629 4109 .·
645 4073 709 4110 cum
733 4057 848 4128 Neapoli
870 4074 997 4113 reuersas

235 4125 334 4194 fucrit,
350 4125 392 4178 ait
407 4141 435 4179 se
450 4141 483 4180 ea
497 4127 593 4181 omniu
606 4132 775 4182 curaturum
790 4146 799 4182 :
809 4129 890 4199 jabet
900 4130 997 4184 Domi·

236 4195 334 4249 nicam
348 4196 580 4278 archidiaconum
599 4199 761 4253 Fauentina
779 4199 910 4254 Ecclesia
925 4199 998 4271 epis-

237 4279 338 4336 copam
352 4281 521 4321 consecrari.

236 4369 356 4426 Roxsrvo
371 4371 577 4442 archiepiscopo
592 4372 751 4428 Ravennati.

234 4457 273 4513 Ea
288 4475 349 4529 quae
362 4466 455 4514 nostro
470 4459 626 4529 praesulatui
636 4477 685 4530 pro
696 4460 808 4515 utilitate
818 4468 845 4517 et
855 4477 997 4517 neccessa-

199 4545 237 4600 ria
258 4554 358 4602 sanctae
381 4547 545 4603 Ravennatis
568 4548 699 4604 Ecclesia
722 4549 892 4605 restitutione
913 4550 998 4620 perfi-

199 4634 294 4691 cienda
314 4635 459 4703 mandasti,
475 4635 591 4691 lucilluis
615 4644 817 4693 antecessorum
840 4647 999 4694 nostrorum

199 4721 337 4777 informati
352 4723 495 4794 exemplis,
507 4739 658 4796 congruum
674 4733 700 4780 et
714 4734 896 4796 opportunum
909 4727 998 4782 eidem

199 4810 329 4866 Ecclesiae
350 4810 467 4867 hbeuter
490 4812 629 4879 volumus,
646 4813 704 4868 Deo
728 4812 850 4879 invente,
876 4815 998 4885 praebere

159 4908 163 4915 “
200 4897 326 4953 solatium
355 4907 382 4953 et
409 4899 576 4955 detensionis
600 4900 746 4971 auxilium,
775 4902 911 4973 praecipue
936 4918 998 4959 cum

198 4985 284 5056 ipsius
298 5002 348 5042 nos
364 4987 412 5041 tibi
426 4989 601 5043 commissum
615 4989 763 5046 habeamus
788 4990 921 5062 regimen.
944 4992 998 5047 Sed

198 5073 261 5145 quia
275 5075 353 5129 multi
371 5076 503 5130 nobilium
526 5077 721 5133 Ravennatium
743 5079 846 5134 crebris
867 5080 999 5136 duntaxat

198 5163 376 5234 querimoniis
403 5164 574 5234 apostolatus
597 5166 681 5221 nostri
706 5182 788 5222 aures
811 5169 919 5238 pulsare
943 5184 998 5224 non

197 5249 334 5318 desinunt,
359 5252 432 5308 circa
456 5260 483 5308 te
507 5252 658 5309 clementias
682 5264 783 5310 nostrae
808 5256 998 5313 benevolentia

1046 2713 1147 2761 tentem
1162 2707 1319 2777 episcopum
1333 2707 1565 2762 consecrabimus.
1582 2708 1654 2763 Data
1669 2714 1811 2782 utsupra.

1360 2795 1525 2852 cccxxht.

1108 2897 1143 2937 tto
1164 2897 1300 2937 aoxsuax
1319 2897 1558 2939 xncnraetseormt
1582 2898 1785 2941 usvauuxrsra.

1356 2971 1446 3042 (11888
1464 2972 1538 3041 881.)

1046 3059 1146 3130 Arpait
1162 3074 1226 3114 eum
1240 3059 1311 3131 quod
1325 3060 1444 3115 alterius
1461 3061 1619 3131 legitimam
1636 3077 1760 3118 uxorem
1782 3076 1837 3132 rap·

1083 3131 1137 3186 tori
1153 3129 1229 3184 tradi
1244 3132 1427 3193 consenserit,
1448 3134 1475 3185 et
1497 3133 1631 3186 Romanae
1646 3132 1780 3190 trentesic
1792 3148 1834 3184 aa·

1081 3216 1128 3255 sus
1141 3201 1230 3269 suerit
1260 3200 1420 3264 aduersari:
1436 3201 1486 3255 has
1496 3200 1527 3256 od
1536 3218 1641 3257 causae
1655 3205 1743 3261 ittam
1756 3219 1773 3256 a
1786 3217 1837 3256 cm·

1080 3270 1207 3340 serendis
1235 3272 1325 3325 sacris
1354 3271 1501 3326 ordinibus
1529 3275 1690 3344 suspendit,
1720 3275 1837 3330 doncca

1082 3340 1193 3410 synodo,
1209 3341 1246 3394 ad
1260 3358 1345 3411 qaam
1360 3357 1424 3396 eam
1443 3342 1525 3413 jabet
1548 3345 1658 3411 uenire,
1681 3347 1745 3418 rjais
1764 3356 1837 3398 causa

1082 3414 1274 3481 cognoscatur.

1081 3504 1201 3559 Rouana
1216 3504 1421 3577 archiepiscopo
1440 3506 1601 3573 Ravennati,
1618 3506 1705 3562 missa
1719 3523 1770 3578 per
1782 3504 1837 3563 liel-

1046 3598 1137 3646 tonem
1153 3592 1337 3648 venerabilem
1353 3592 1520 3665 episcopum.

1082 3681 1156 3735 luter
1169 3689 1267 3735 881818
1281 3697 1341 3752 quae
1354 3680 1389 3735 de
1403 3688 1429 3735 te
1444 3681 1606 3746 audivimus,
1622 3681 1740 3738 veniens
1761 3683 1838 3739 ltcas-

1047 3767 1121 3821 dedit
1135 3767 1189 3822 dux
1204 3767 1293 3823 retulit
1312 3768 1392 3824 nobis
1415 3769 1488 3840 quod
1512 3785 1625 3824 uxorem
1649 3770 1734 3840 illius,
1749 3772 1782 3826 de
1795 3784 1839 3842 qut

1047 3855 1174 3928 legaliter
1190 3855 1332 3911 diffinitum
1347 3863 1399 3922 est,
1416 3856 1451 3911 ad
1466 3866 1492 3912 te
1506 3856 1604 3912 callide
1619 3858 1717 3914 venire
1728 3858 1838 3922 fecisses,

1047 3951 1074 3998 et
1088 3943 1166 3999 alteri
1187 3944 1245 4000 viro
1270 3944 1371 4015 raptori
1386 3944 1413 3999 in
1428 3952 1522 4016 stupro
1546 3945 1640 4016 utique
1662 3947 1838 4002 tradidisses:

1048 4032 1120 4103 quod
1146 4031 1271 4111 nimirum
1296 4032 1363 4086 tanti
1386 4032 1480 4104 ilagitii
1503 4034 1593 4088 scelus
1614 4041 1651 4100 te,
1676 4035 1753 4104 juxta
1777 4044 1839 4089 tuun

1047 4119 1236 4183 ministerium,
1262 4120 1426 4176 omnimodis
1450 4121 1595 4191 prohibere
1614 4138 1645 4177 88
1660 4121 1782 4178 funditus
1801 4138 1840 4178 re-

1048 4223 1142 4263 secare
1157 4208 1299 4278 oportebat
1315 4225 1323 4262 1
1339 4216 1366 4263 18
1380 4216 1469 4263 881818
1484 4224 1651 4264 8888888881
1670 4210 1764 4266 11118118
1778 4224 1840 4280 pre·

1050 4295 1140 4350 buisti.
1156 4295 1352 4368 Cognoscimus
1367 4295 1447 4352 811818
1461 4295 1551 4351 1881118
1570 4297 1681 4353 18818118
1698 4299 1769 4371 quod
1783 4311 1840 4352 ausu

1011 4370 1193 4438 Dtemerario
1208 4391 1304 4438 888118
1318 4391 1439 4439 sanctam
1454 4392 1480 4438 et
1495 4383 1635 4439 dominam
1658 4387 1841 4441 1881811881-

1048 4486 1112 4526 nam
1126 4470 1279 4526 Ecclesiam
1300 4471 1483 4537 recalcitrare,
1500 4480 1526 4527 81
1540 4479 1636 4528 888118
1649 4481 1707 4530 tuae
1718 4472 1842 4543 iuratoria

1049 4560 1204 4631 sponsionis
1218 4567 1340 4615 tenorem
1359 4560 1573 4615 luculentissime
1587 4577 1674 4634 agere
1699 4563 1841 4618 nullatenus

1048 4647 1187 4702 dubitasti.
1204 4647 1281 4702 Undc
1295 4647 1453 4703 auctoritate
1464 4647 1515 4702 Dei
1529 4655 1556 4702 et
1570 4647 1645 4703 beati
1661 4650 1734 4705 Petri
1747 4656 1842 4705 nostra·

1049 4751 1101 4806 que
1116 4734 1164 4789 tibi
1182 4734 1367 4806 precipimus,
1392 4743 1418 4789 et
1441 4734 1568 4806 praesenti
1590 4743 1694 4791 statuto
1715 4737 1840 4805 jubemus,

1048 4830 1077 4878 ut
1100 4822 1202 4877 8811818
1225 4823 1336 4878 omnino
1360 4823 1556 4878 sacerdotalem
1578 4823 1780 4880 ordinationem
1801 4836 1841 4894 pro

1048 4911 1156 4976 talibus,
1173 4910 1270 4982 quibus
1289 4927 1320 4965 es
1341 4910 1470 4976 irretitus,
1491 4910 1662 4981 criminibus,
1680 4911 1769 4969 lacere
1783 4925 1841 4984 qua·

1049 4998 1185 5070 quomodo
1201 5013 1362 5069 praesumas,
1378 4998 1464 5054 donec
1475 5012 1525 5053 vru
1534 4998 1651 5054 Kalend.
1670 4999 1797 5056 Octobris
1809 4997 1843 5054 iu·

1049 5095 1116 5142 turae
1130 5086 1230 5158 quintae
1244 5086 1358 5141 decimae
1373 5085 1537 5152 indictionis,
1554 5087 1590 5142 ad
1606 5087 1745 5158 synodum
1760 5101 1841 5160 quam

1048 5175 1106 5230 Deo
1121 5173 1238 5240 favente,
1254 5190 1305 5245 pro
1320 5173 1513 5229 ecclesiasticis
1532 5173 1663 5230 videlicet
1686 5175 1841 5237 utilitatibus,

1048 5262 1199 5318 secundum
1227 5270 1384 5318 sauctorum
1413 5262 1522 5317 Petrum
1552 5269 1655 5318 statuta
1690 5259 1843 5321 celebraturi

198 5346 334 5394 commota
352 5355 408 5395 non
430 5341 566 5397 immerito
590 5342 712 5398 habetur.
737 5344 823 5411 Nam,
848 5354 876 5400 ut
900 5354 999 5402 caetera
1048 5352 1158 5416 erimus,
1182 5350 1255 5405 omni
1280 5349 1428 5420 postposita
1451 5349 1615 5417 occasione,
1632 5352 1730 5408 venire
1752 5366 1843 5424 prosu·

199 5424 364 5497 omittamus,
381 5429 444 5499 quia
459 5429 616 5486 hibericum
631 5430 759 5488 comitem
780 5432 858 5504 quasi
873 5449 907 5491 er
919 5441 999 5507 parte
1048 5455 1110 5508 res3
1126 5447 1259 5510 quatenus
1281 5437 1405 5511 synodali
1427 5437 1539 5529 decreto
1554 5453 1598 5508 ea,
1613 5456 1678 5513 quae
1691 5440 1728 5500 de
1742 5449 1769 5500 te
1780 5438 1843 5497 didi·
