3794 6104
119 202 192 258 fotid
649 195 698 255 DE
715 192 908 255 tatastat.
930 195 960 254 S.
989 195 1107 254 satuti
1134 196 1240 257 ntur.
1708 204 1773 262 ΝΜ

117 324 195 380 sterii
206 324 385 391 lhronensis,
401 323 574 381 haereditaria
595 322 698 379 ibidem
723 325 799 394 juxta
814 322 841 378 in
856 321 921 377 villa
937 321 1116 396 Aantaquam
1131 324 1242 380 domum
1256 325 1437 396 pervenisset,
1461 327 1558 383 ducilis
1576 327 1689 386 afundo
1703 329 1769 385 har-

117 422 296 486 uuucnpanta
317 413 434 480 Cerisio,
460 414 520 483 jure
548 412 755 484 propinquitatis
776 412 921 484 possidens
970 412 1036 467 ralis
1050 429 1179 483 egressus
1195 413 1222 467 in
1236 422 1347 482 terram,
1364 415 1473 471 nemine
1490 417 1769 489 considerantem-

117 503 222 574 predia
238 519 244 558 :
263 503 309 575 qui
324 503 480 572 hujusmodi
490 503 555 557 dum
570 502 736 567 advenisset,
752 501 852 575 agnitis
874 517 922 556 ne-
972 500 1035 554 siliit
1053 518 1059 554 :
1075 508 1193 557 attamen
1209 511 1313 557 mustus
1327 504 1399 558 haud
1414 504 1504 558 minus
1522 520 1605 576 quam
1620 505 1644 560 si
1656 505 1769 561 obtura-

119 591 214 664 gotiis,
225 592 318 664 incipit
333 592 461 663 prudenti
476 591 568 647 animo
582 591 674 646 audita
689 581 822 658 meditari,
840 598 921 662 atque
972 596 1027 643 tum
1042 598 1115 644 esset
1143 589 1274 657 fommen,
1297 607 1349 647 nec
1373 608 1426 646 una
1447 592 1546 649 fluerat
1568 601 1655 666 gutta,
1685 594 1769 664 stetit,

119 679 141 734 si
161 680 252 735 taliter
271 697 332 735 esse
347 680 457 752 vulgata
480 687 591 751 possent
617 679 711 753 sagaci
727 679 922 751 perquisitione
971 686 1186 749 perventumque
1201 680 1233 733 ad
1250 680 1450 750 receptaculum
1459 680 1610 752 plaustrum
1625 697 1686 738 cum
1700 680 1771 736 fuis·

118 768 259 832 scrutari;
280 784 396 841 cumque
424 784 456 823 ex
499 768 675 838 praesentium
703 776 730 823 et
749 767 922 840 antiquorum
972 772 1022 832 set,
1039 768 1184 838 presbyter
1206 768 1351 833 accedens,
1382 776 1408 823 et
1435 776 1546 824 tonnam
1570 770 1642 826 hanc
1656 769 1721 826 inde
1748 769 1772 826 si

121 856 264 924 relatione,
281 857 433 928 insuperet
448 857 643 913 miraculorum
670 857 854 921 attestatione,
878 856 922 911 id·
972 854 1101 926 quiddam
1144 854 1254 912 fecisset
1290 857 1537 929 circumspiciens,
1581 858 1773 915 animadvertit

120 961 174 1017 que
187 945 269 1000 etiam
283 945 344 1001 loco
358 945 504 1016 pandente,
522 961 579 1000 rem
603 944 772 1000 verissimam
789 960 851 1000 esse
867 943 924 999 col·
971 951 1066 1014 aperto
1082 943 1215 1000 foramine
1230 944 1348 1001 ducilem
1363 946 1472 1011 abesse,
1488 946 1627 1001 aestimans
1655 962 1772 1017 pavens·

118 1032 241 1106 legisset,
258 1033 460 1104 conatibuspiis
475 1033 632 1105 sedulisque
662 1032 803 1099 anhelare,
827 1049 882 1105 quo
896 1041 923 1088 et
973 1031 1104 1102 quenihil
1119 1032 1146 1087 iu
1161 1049 1194 1088 ea
1220 1034 1302 1089 musti
1331 1033 1506 1100 remansisse,
1536 1033 1654 1090 famulos
1683 1035 1770 1090 vehe-

117 1121 171 1176 sibi
186 1137 219 1176 ex
234 1122 322 1178 sancti
336 1122 460 1193 martyris
475 1130 550 1194 parte
565 1122 673 1178 cederet
702 1122 800 1193 gratia.
817 1130 844 1177 et
854 1137 916 1175 san·
971 1120 1056 1174 menti
1067 1119 1158 1176 furore
1174 1131 1324 1178 commotus
1341 1139 1459 1194 arguere
1474 1123 1566 1195 coepit,
1582 1131 1609 1179 et
1623 1139 1705 1195 quare
1717 1124 1770 1180 hoc

117 1218 163 1265 cto
178 1210 291 1281 martyri
308 1226 341 1265 ex
358 1226 467 1265 suarum
483 1211 608 1281 portione
633 1226 724 1265 rerum
734 1209 921 1281 amplificare-
971 1208 1262 1279 minimeproriderint
1273 1211 1373 1266 acriter
1386 1221 1414 1266 ut
1428 1212 1513 1266 tristis
1526 1213 1657 1268 invehere
1672 1212 1771 1268 :dum-

119 1306 165 1352 tur
180 1297 310 1370 dignitas.
327 1297 399 1366 Quid
410 1298 542 1369 inquam?
558 1299 587 1352 ln
603 1299 700 1353 eodem
719 1298 831 1368 praedio,
850 1300 923 1369 quod
973 1313 1027 1367 quo
1041 1314 1134 1353 amaro
1157 1299 1238 1353 nimis
1263 1299 1354 1354 animo
1385 1300 1423 1358 sic
1447 1301 1574 1372 loquitur,
1599 1318 1669 1356 unias
1697 1310 1770 1357 retro

121 1401 178 1441 non
196 1395 277 1441 antea
291 1387 400 1441 molitus
416 1385 513 1453 fuerat,
532 1387 558 1440 in
573 1388 677 1442 honore
693 1385 813 1457 Virginis
827 1388 923 1441 matris
974 1400 1118 1441 recurrens
1132 1386 1250 1442 ducilem
1265 1403 1281 1443 a
1296 1395 1371 1443 terra
1381 1403 1434 1443 nou
1449 1389 1530 1461 louge
1541 1390 1678 1458 jacentem
1692 1405 1771 1446 rece·

122 1475 236 1540 Christi,
253 1474 382 1530 divinitus
403 1474 502 1529 ardens
527 1475 631 1543 condis,
662 1483 806 1546 sacratque
827 1474 923 1528 basili·
973 1472 1020 1544 pit,
1037 1482 1117 1545 atque
1133 1475 1167 1529 ad
1189 1483 1327 1545 patentem
1348 1477 1393 1547 qui
1423 1476 1771 1548 eratintonnapertusum

121 1577 196 1628 carn,
212 1562 394 1618 habitationes
411 1561 482 1628 facit,
499 1562 615 1619 clericos
629 1563 754 1633 imponit,
770 1563 922 1617 necessaria
974 1561 1112 1631 applicuit.
1131 1561 1191 1630 Quo
1202 1563 1335 1634 apposito,
1351 1565 1511 1639 priusquam
1527 1566 1597 1622 intro
1610 1574 1766 1638 poneretur,

120 1658 218 1708 cuncta
249 1658 370 1718 exornat,
401 1650 510 1705 demum
529 1666 595 1707 vero
624 1651 657 1705 ad
677 1650 762 1706 sancti
792 1649 1090 1740 tumulumBirnpetus
1114 1652 1225 1706 mustie
1247 1653 1359 1724 regione
1383 1655 1540 1725 prosiliens,
1556 1655 1591 1710 ad
1616 1654 1729 1710 barbam
1745 1662 1773 1710 ct

122 1756 186 1797 cum
202 1738 310 1806 tiducia,
330 1739 472 1811 omnisque
496 1739 621 1812 obsequii
642 1738 784 1811 diligentia
808 1740 923 1811 supplex
973 1739 1068 1814 pocius
1087 1739 1252 1812 porrigentis
1267 1741 1384 1796 ducilem
1399 1759 1486 1814 usque
1500 1743 1610 1799 volavit.
1624 1743 1772 1814 Presbyter

121 1828 269 1891 accedens,
283 1826 427 1883 celebmtis
442 1827 537 1884 officiis
552 1827 754 1899 missarumque
771 1827 921 1894 solemniis,
972 1834 1062 1882 autem
1077 1835 1104 1883 et
1119 1827 1165 1899 qui
1187 1829 1321 1896 astabant,
1353 1845 1402 1900 pro
1418 1833 1469 1887 hoc
1485 1831 1558 1902 quod
1569 1831 1629 1886 visu
1647 1831 1773 1888 mirabile

120 1917 211 1972 Deum
225 1923 405 1988 sanctumque
419 1918 560 1987 postulans
576 1925 732 1987 martyrem,
751 1924 779 1970 nt
793 1916 833 1971 illi
848 1917 922 1990 quod
973 1923 1113 1971 ostensum
1149 1917 1246 1989 fuerat,
1284 1919 1388 1973 attoniti
1426 1927 1595 1991 stupuerunt,
1633 1934 1772 1992 vocesque

120 2005 200 2062 nisus
228 2003 317 2060 fuerat
331 2004 482 2060 concedere
515 2004 657 2076 perficere,
683 2013 787 2060 tantum
815 2012 923 2077 tamque
972 2005 1141 2076 hymnidicas
1156 2006 1275 2060 omnium
1295 2007 1399 2063 Factori
1422 2009 1535 2081 ejusque
1551 2015 1645 2065 sancto
1659 2008 1772 2081 martyri

121 2093 265 2165 copiosum
280 2093 404 2165 pignosa
415 2093 475 2149 loco
489 2094 517 2147 iu
531 2110 585 2166 quo
606 2094 714 2162 jacebat
729 2110 792 2150 cum
807 2102 923 2150 tremore
972 2093 1071 2149 Savino
1086 2094 1115 2148 in
1128 2094 1227 2150 culum
1255 2095 1352 2150 levatis
1371 2097 1494 2152 manibus
1520 2113 1583 2152 cum
1612 2096 1772 2166 jubilatione

122 2181 247 2254 psallens
262 2181 419 2252 assumpsit.
435 2181 493 2236 lbat
510 2197 579 2252 ergo
591 2181 693 2237 feretro
722 2183 847 2253 corporis
863 2199 923 2254 sup
972 2182 1114 2238 dederunt.
1139 2183 1275 2238 Sacerdos
1294 2199 1358 2239 vero
1382 2186 1551 2241 subendam
1578 2199 1685 2240 summa
1717 2199 1771 2258 qua

119 2269 223 2342 posito,
243 2269 395 2341 gaudenter
418 2269 568 2336 exsultans,
596 2270 668 2324 nulla
694 2270 745 2324 sibi
777 2270 804 2324 in
829 2279 923 2326 sancto
972 2270 1039 2326 illud
1063 2272 1090 2325 in
1110 2280 1219 2326 tonnam
1246 2282 1384 2344 posuerat,
1414 2273 1478 2329 vino
1506 2282 1627 2346 recepto,
1644 2272 1771 2345 ampliori

120 2374 208 2429 opere
222 2357 386 2429 impediente
401 2357 566 2423 difficultate,
585 2374 726 2430 quousque
742 2358 777 2414 ad
792 2375 923 2415 reteren-
973 2368 1035 2416 voto
1050 2367 1078 2415 et
1091 2376 1139 2415 ore
1153 2368 1247 2432 grates
1262 2361 1340 2417 laetus
1364 2363 1489 2418 exsolvit.
1518 2364 1576 2419 Hoc
1593 2370 1620 2418 et
1631 2361 1685 2418 alia
1697 2361 1771 2419 idem

120 2447 188 2503 darn
201 2446 317 2520 egregio
344 2446 456 2518 martyri
483 2462 564 2518 quarn
598 2456 741 2517 pamverat
768 2448 923 2518 perveniret
972 2449 1111 2503 Bonimius
1126 2465 1140 2502 a
1155 2449 1268 2520 praefato
1293 2451 1388 2506 bonito
1417 2451 1552 2508 avunculo
1560 2467 1610 2506 suo
1634 2449 1770 2524 frequenti

120 2551 220 2591 urnam
235 2554 243 2601 ;
259 2535 286 2590 in
302 2551 356 2607 quo
384 2535 543 2606 pretiosum,
575 2537 676 2608 gratias
695 2552 781 2607 agens
804 2536 921 2602 divinas,
973 2533 1058 2587 relatu
1074 2549 1104 2588 se
1118 2535 1258 2605 accepisse
1274 2534 1422 2591 fatebatur.

121 2639 225 2696 corpus
248 2625 363 2679 honesto
379 2624 544 2690 recondens,
571 2623 662 2679 dotem
677 2624 802 2680 ecclesiae
816 2625 923 2696 ipsique
1010 2625 1052 2675 lo.
1070 2622 1124 2678 Sed
1133 2622 1197 2693 quid
1210 2623 1326 2693 plurima
1342 2625 1376 2679 de
1392 2632 1485 2680 sancto
1500 2624 1653 2681 scribentes
1673 2623 1770 2682 confe-

121 2712 245 2785 martyri,
262 2720 400 2784 totumque
428 2713 562 2784 praedium
591 2711 774 2785 familiamque
800 2713 920 2769 donavit.
973 2710 1228 2782 remusilt'unquid
1244 2712 1317 2766 illum
1332 2713 1442 2781 majoris
1456 2712 1545 2768 meriti
1560 2729 1592 2768 ex
1609 2714 1661 2770 hoo
1684 2713 1771 2770 facie-

122 2802 215 2873 ltaque
231 2802 327 2865 Deum,
342 2801 414 2873 quod
430 2802 487 2855 suis
502 2801 627 2856 annuerit
642 2801 721 2867 rotis,
747 2810 923 2873 sanctumque
972 2814 1034 2852 mus
1048 2798 1062 2851 ‘l
1075 2798 1109 2854 Ut
1128 2799 1160 2863 si,
1176 2800 1253 2854 verbi
1276 2802 1373 2872 gratia,
1386 2802 1421 2856 de
1437 2801 1545 2856 Giboldi
1560 2802 1647 2857 cursis
1664 2801 1771 2857 insera-

122 2891 254 2947 Savinum
281 2889 427 2961 magnifice
458 2889 582 2956 laudans,
623 2889 763 2964 gratulans
791 2889 872 2945 exivit
896 2897 923 2946 et
973 2886 1171 2957 musperdibus
1182 2903 1243 2943 sese
1258 2889 1405 2943 introrsum
1416 2890 1451 2944 ad
1465 2889 1582 2946 invicem
1598 2889 1771 2961 respicienti·

122 2995 219 3035 ovans,
973 2975 1033 3040 bns,
1062 2991 1181 3047 moxque
1204 2977 1290 3032 sancti
1317 2986 1431 3048 precatu
1453 2994 1572 3049 superna
1599 2977 1773 3034 misemtione

157 3067 184 3124 t.
198 3068 329 3124 Caeterum
346 3068 410 3123 dum
425 3067 490 3125 vixit
504 3083 559 3123 non
573 3068 691 3123 cessavit
720 3067 846 3124 conferre
862 3085 922 3123 mu·
938 3038 1081 3119 Cdirectis
1097 3083 1104 3129 3
1124 3081 1155 3126 ac.
1171 3066 1204 3120 de
1235 3066 1313 3121 vinca
1328 3066 1374 3122 illa
1394 3068 1469 3136 juxta
1497 3084 1577 3139 quam
1598 3069 1657 3138 ejus
1671 3082 1772 3139 corpus

120 3173 198 3225 nera,
214 3173 316 3229 augere
345 3155 487 3222 beneficia,
518 3157 615 3229 quibus
643 3158 719 3213 locus
747 3158 877 3213 ditaretur
895 3166 922 3212 et
972 3162 1116 3225 pausatum
1132 3153 1190 3221 fuit,
1212 3171 1263 3210 nec
1278 3172 1353 3225 prius
1368 3156 1431 3211 inde
1448 3165 1593 3221 remotum,
1618 3157 1771 3212 donecea·

121 3255 271 3303 cresceret.
287 3246 382 3300 Plures
409 3262 517 3319 quoque
546 3246 676 3300 nobilium
697 3246 756 3314 ejus
768 3253 845 3301 actus
861 3246 921 3301 exi-

120 3336 194 3391 mios
210 3334 314 3404 imitati,
331 3335 493 3391 addiderunt
509 3336 661 3400 thesauros,
687 3335 856 3391 coutulamnt
870 3334 922 3390 alo·

120 3426 183 3491 dos,
200 3423 347 3496 multisque
374 3425 454 3479 donis
482 3424 559 3479 locus
589 3422 700 3492 effulsit,
729 3423 869 3494 positaque
885 3423 923 3477 ibi

119 3514 321 3570 monachorum
336 3529 440 3577 norma,
471 3513 594 3568 redditur
604 3520 705 3584 quanto
726 3511 832 3579 cultior,
849 3520 923 3567 tanto

120 3618 237 3675 prorsus
250 3601 440 3658 venerabilior.
463 3603 527 3656 Erat
541 3609 631 3657 autern
647 3611 673 3657 et
688 3610 729 3656 cst
744 3601 796 3656 situ
812 3600 921 3667 habilis,

120 3691 253 3746 silvarum
278 3690 463 3761 arborumque
477 3689 675 3746 fructuosamm
703 3688 860 3745 amoenitate
875 3689 923 3758 ju-

120 3779 239 3848 candus,
255 3795 317 3834 cum
332 3778 418 3849 pratis
429 3778 559 3843 etvineis,
576 3794 645 3849 aqua
660 3786 686 3833 ct
702 3777 874 3833 molendinis.

158 3872 185 3923 8.
198 3867 423 3939 Ergomonachis
441 3876 503 3937 post
531 3866 652 3921 divinum
671 3865 837 3936 persolutum
866 3863 924 3920 olli·

120 3955 206 4022 cium,
222 3955 352 4026 operibus
378 3971 517 4022 manuum,
549 3954 621 4025 quod
646 3970 724 4008 suum
754 3969 850 4008 eorum
871 3960 922 4019 est,

121 4043 239 4100 sollicite
266 4043 447 4105 studentibus,
475 4043 572 4097 domus
600 4043 689 4098 omnis
718 4059 780 4099 cum
808 4042 925 4098 ecclesia

120 4131 251 4189 nobiliori
266 4131 447 4204 ampliorique
464 4134 602 4189 schemate
626 4132 777 4204 consurgit.
803 4130 925 4200 Quorum

118 4221 250 4277 bonitatis
265 4220 424 4291 ordinisque
452 4220 559 4293 religio,
591 4221 648 4275 Deo
679 4227 834 4290 sanctoque
850 4235 925 4273 mar-

973 3241 1035 3295 dem
1051 3242 1103 3312 ipsi
1118 3243 1228 3296 daretur
1244 3244 1321 3298 vinea
1336 3262 1343 3307 ;
1362 3244 1449 3299 valde
1463 3244 1516 3300 alio
1531 3245 1557 3298 iu
1573 3259 1678 3299 somnis
1693 3258 1771 3299 corn-

973 3338 1085 3385 motoa
1113 3331 1234 3385 Francia
1257 3332 1376 3402 partibus
1400 3332 1571 3402 adveniente,
1605 3347 1770 3404 manumque

973 3420 1077 3474 aridam
1093 3419 1138 3474 diu
1154 3420 1278 3486 habente,
1299 3429 1380 3492 atque
1395 3421 1547 3477 interventu
1575 3420 1702 3492 martyris
1716 3420 1771 3477 illic

974 3508 1111 3578 extemplo
1125 3518 1219 3564 curato
1236 3529 1242 3574 ;
1264 3510 1405 3565 autetiam
1421 3511 1455 3566 de
1482 3526 1555 3567 caeco
1574 3510 1610 3564 ab
1625 3509 1704 3564 annis
1719 3508 1771 3564 tri-

974 3598 1050 3670 ginta
1072 3597 1173 3652 lumine
1196 3599 1336 3654 oculomm
1351 3599 1467 3670 privato.
1498 3599 1542 3671 qui
1560 3607 1622 3670 post
1635 3605 1771 3654 trecento·

974 3703 1031 3741 rum
1048 3687 1189 3758 sexaginta
1203 3688 1338 3742 mensium
1353 3688 1487 3744 curricula
1507 3687 1609 3743 ibidem
1631 3686 1771 3767 illuminp·

973 3783 1017 3830 tus
1032 3775 1129 3830 videns
1143 3775 1291 3848 hilarisque
1307 3777 1429 3833 recessit.
1452 3779 1515 3834 llaec
1530 3785 1556 3833 et
1577 3775 1676 3831 similia
1689 3775 1771 3832 beni·

974 3865 1075 3937 gnitate
1090 3865 1216 3935 martyris
1231 3866 1265 3920 ad
1280 3867 1338 3935 ejus
1360 3867 1453 3921 limina
1468 3866 1605 3922 debilibus
1626 3880 1769 3932 concessa,

976 3961 998 4014 si
1012 3959 1105 4022 modo,
1115 3964 1142 4009 ut
1157 3957 1282 4019 dixerim,
1295 3956 1433 4028 superfluo
1444 3955 1555 4028 exsequi
1569 3953 1707 4026 incipiant,
1724 3968 1771 4008 sa-

975 4061 1154 4123 natorumque
1177 4047 1298 4115 nomina,
1322 4045 1424 4118 patrias
1455 4046 1587 4117 villasque
1617 4043 1645 4099 in
1673 4041 1771 4115 quibus

976 4149 1039 4197 sunt
1054 4141 1108 4194 nati
1123 4140 1166 4194 vel
1186 4155 1218 4194 cx
1248 4136 1346 4207 quibus
1361 4136 1538 4198 advenerunt,
1564 4134 1587 4189 si
1611 4133 1771 4204 disposuero

977 4226 1101 4288 recitare,
1118 4239 1161 4275 me
1177 4221 1276 4275 sobriis
1291 4219 1588 4290 lectoribusavidisque
1603 4215 1772 4272 auditoribus

117 4320 179 4384 tyre
195 4308 373 4382 suffragante,
396 4309 451 4365 illic
466 4310 529 4364 talis
543 4309 654 4376 exstitit,
672 4324 732 4379 qnae
744 4308 889 4361 multorum
901 4305 928 4361 ei
977 4312 1086 4368 taedium
1097 4308 1195 4364 inferre
1207 4324 1260 4362 non
1269 4307 1387 4378 abnego.
1404 4308 1452 4360 Est
1468 4315 1558 4360 autem
1573 4319 1701 4359 mensura
1710 4302 1770 4358 dis-

115 4399 237 4456 mtxime
248 4407 440 4470 magnatorum
464 4407 568 4453 menies
592 4398 627 4452 ad
653 4396 832 4453 recolendum
847 4395 919 4449 dun·
934 4393 1098 4457 Donationis
1114 4398 1139 4451 in
1156 4396 1255 4450 divinis
1275 4404 1301 4450 et
1325 4393 1521 4466 hagiographis
1542 4392 1679 4450 servanda
1700 4387 1769 4447 scri·

118 4497 194 4544 taxat
209 4488 446 4559 muneradumque
475 4487 565 4542 locum
586 4487 701 4542 dulciter
717 4485 851 4539 invitaret.
869 4485 919 4538 Ta-

115 4577 152 4634 lis
167 4577 269 4645 floruit,
293 4575 354 4631 talis
384 4592 445 4632 cum
476 4576 608 4630 bonarum
636 4575 772 4629 actionum
787 4572 920 4627 fructibus

119 4666 252 4720 hactenus
262 4672 368 4731 vernat,
384 4664 446 4720 talis
460 4680 553 4736 quaeso
568 4672 595 4718 et
610 4672 673 4735 opto
688 4663 715 4717 in
734 4664 799 4718 lesu
813 4661 920 4716 Christo

119 4762 275 4827 permanet.

157 4856 185 4906 9.
201 4852 259 4907 Nec
273 4851 348 4907 illam
359 4851 420 4906 aliis
434 4850 543 4905 omissis
555 4850 688 4905 silendam
704 4865 769 4905 reor
783 4866 843 4922 quac
858 4856 920 4919 post

117 4941 307 4996 venerabilem
322 4941 381 5010 ejus
396 4940 521 5010 corporis
550 4939 755 4994 translationem
784 4938 920 5009 praecipua

117 5031 192 5086 facta
207 5029 292 5085 fuisse
320 5029 489 5103 dignoscitur
516 5026 611 5093 virtus,
641 5028 675 5082 ad
700 5027 783 5097 ipsius
799 5034 920 5081 sanctam

117 5117 324 5175 evidentissime
339 5118 527 5173 declarandam
559 5116 739 5175 sanctitatem.
756 5123 782 5170 et
797 5115 861 5186 quia
876 5116 919 5169 lo-

117 5225 181 5264 cum
202 5207 275 5262 unde
302 5208 484 5279 transpositus
508 5205 605 5267 fuerat,
631 5205 681 5260 etsi
714 5219 838 5274 corpore,
865 5219 919 5258 non

118 5305 209 5351 tamen
226 5295 338 5350 tuitione
353 5296 510 5368 reliquerat.
535 5294 679 5364 Presbyter
696 5308 761 5347 vero
777 5292 840 5347 inde
857 5308 919 5348 cum

116 5401 166 5456 per
180 5383 306 5440 eamdem
322 5383 393 5439 viam
409 5400 460 5456 qua
475 5384 560 5439 sancti
576 5390 703 5453 martyris
717 5398 817 5451 corpus
828 5388 919 5436 trans·

117 5473 203 5530 latum
217 5480 342 5541 venerat,
358 5472 510 5544 plaustrum
537 5480 627 5528 musto
649 5479 776 5527 onustum
791 5470 916 5538 minaret,

971 4489 1066 4562 pturis,
1083 4495 1108 4542 et
1124 4487 1146 4539 si
1160 4500 1247 4557 pauca
1264 4485 1298 4539 de
1313 4484 1372 4554 ipso
1392 4482 1554 4549 referamus,
1571 4480 1695 4553 nunquid
1709 4479 1768 4547 ejus

970 4577 1060 4632 meriti
1082 4576 1243 4645 virtutisque
1270 4572 1386 4644 gatiam
1411 4588 1443 4626 ex
1465 4573 1558 4642 paucis
1584 4570 1769 4625 mutilabimus

971 4665 1071 4722 dictis?
1099 4666 1155 4719 lloc
1184 4672 1273 4717 autem
1288 4677 1431 4732 precamur
1445 4660 1561 4716 sufficiat
1571 4659 1683 4724 dictum,
1699 4673 1767 4729 pau·

971 4755 1064 4827 cisque
1079 4754 1246 4818 roboratum,
1263 4751 1336 4822 quod
1352 4750 1448 4806 beatus
1464 4749 1589 4805 Savimns
1609 4748 1647 4802 ita
1667 4747 1766 4803 decen-

971 4853 1012 4900 ter
1027 4843 1182 4908 translatus,
1199 4840 1332 4911 pretiosus
1351 4855 1382 4895 ac
1397 4838 1534 4911 gloriosus
1555 4837 1670 4892 habetur
1691 4851 1763 4891 mar·

970 4942 1013 5004 tyr
1034 4932 1141 4987 Christi.
1165 4928 1244 4998 Quod
1268 4938 1321 4983 tam
1349 4929 1407 4999 ipse
1420 4943 1557 5000 quamque
1576 4942 1672 4982 omnes
1687 4924 1768 4981 Chri·

971 5031 1043 5077 stum
1077 5018 1246 5082 confitentes,
1281 5018 1335 5072 rire
1372 5017 1543 5072 confessores
1585 5014 1766 5086 appellantur,

971 5110 1077 5167 cuidam
1102 5125 1135 5164 ex
1153 5109 1249 5162 eodem
1269 5107 1435 5161 monasterio
1456 5106 1514 5161 Deo
1531 5104 1647 5175 subique
1669 5102 1768 5159 devoto

970 5215 1018 5271 per
1032 5197 1224 5253 revelationem
1233 5195 1343 5266 spiritus
1354 5195 1497 5250 ostendere
1509 5193 1603 5258 voluit,
1620 5208 1650 5247 se
1666 5198 1768 5262 marty·

970 5305 1027 5343 rern
1047 5288 1081 5343 ob
1119 5285 1258 5359 sanguinis
1296 5300 1344 5355 pro
1373 5284 1478 5338 Christo
1506 5282 1667 5339 effusionem
1686 5279 1767 5336 malle

970 5377 1071 5435 vocari.

1006 5470 1048 5520 tl.
1072 5466 1121 5523 Est
1144 5465 1216 5522 enim
1245 5465 1349 5522 meritis
1373 5465 1465 5532 dives,
1489 5460 1620 5538 precibus
1642 5469 1765 5540 potens,
