<?xml version="1.0" encoding="UTF-8"?>
<!DOCTYPE html PUBLIC "-//W3C//DTD XHTML 1.0 Transitional//EN"
    "http://www.w3.org/TR/xhtml1/DTD/xhtml1-transitional.dtd">
<html xmlns="http://www.w3.org/1999/xhtml" xml:lang="en" lang="en">
 <head>
  <title>
</title>
<meta http-equiv="Content-Type" content="text/html;charset=utf-8" />
  <meta name='ocr-system' content='tesseract 3.04.00' />
  <meta name='ocr-capabilities' content='ocr_page ocr_carea ocr_par ocr_line ocrx_word'/>
</head>
<body>
  <div class='ocr_page' id='page_1' title='image "./patrologiaecurs81unkngoog/patrologiaecurs81unkngoog_0146.png"; bbox 0 0 3794 6104; ppageno 0'>
   <div class='ocr_carea' id='block_1_1' title="bbox 50 251 101 309">
    <p class='ocr_par' dir='ltr' id='par_1_1' title="bbox 50 251 101 309">
     <span class='ocr_line' id='line_1_1' title="bbox 50 251 101 309; baseline -0.098 0"><span class='ocrx_word' id='word_1_1' title='bbox 50 251 101 309; x_wconf 75' lang='lat'>281</span> 
     </span>
    </p>
   </div>
   <div class='ocr_carea' id='block_1_2' title="bbox 429 240 1272 306">
    <p class='ocr_par' dir='ltr' id='par_1_2' title="bbox 429 240 1272 306">
     <span class='ocr_line' id='line_1_2' title="bbox 429 240 1272 306; baseline -0.006 0"><span class='ocrx_word' id='word_1_2' title='bbox 429 247 554 306; x_wconf 84' lang='lat' dir='ltr'>OPUSC.</span> <span class='ocrx_word' id='word_1_3' title='bbox 571 247 618 304; x_wconf 84' lang='lat' dir='ltr'>ET</span> <span class='ocrx_word' id='word_1_4' title='bbox 632 245 740 304; x_wconf 79' lang='lat' dir='ltr'>arisi.</span> <span class='ocrx_word' id='word_1_5' title='bbox 756 243 793 300; x_wconf 87' lang='grc' dir='ltr'>ΙΝ</span> <span class='ocrx_word' id='word_1_6' title='bbox 807 240 919 297; x_wconf 80' lang='lat' dir='ltr'>CAUSA</span> <span class='ocrx_word' id='word_1_7' title='bbox 934 241 1104 301; x_wconf 80' lang='lat' dir='ltr'>ardenam</span> <span class='ocrx_word' id='word_1_8' title='bbox 1119 244 1272 303; x_wconf 84' lang='lat' dir='ltr'>LAUDUN.</span> 
     </span>
    </p>
   </div>
   <div class='ocr_carea' id='block_1_3' title="bbox 1590 226 1700 308">
    <p class='ocr_par' dir='ltr' id='par_1_3' title="bbox 1590 226 1700 308">
     <span class='ocr_line' id='line_1_3' title="bbox 1590 226 1700 308; baseline -0.036 -4"><span class='ocrx_word' id='word_1_9' title='bbox 1590 226 1593 232; x_wconf 67' lang='grc'><strong>’</strong></span> <span class='ocrx_word' id='word_1_10' title='bbox 1646 249 1700 308; x_wconf 78' lang='lat' dir='ltr'>tae</span> 
     </span>
    </p>
   </div>
   <div class='ocr_carea' id='block_1_4' title="bbox 58 366 1651 447">
    <p class='ocr_par' dir='ltr' id='par_1_4' title="bbox 58 366 1651 447">
     <span class='ocr_line' id='line_1_4' title="bbox 58 366 1651 447; baseline -0.004 -17"><span class='ocrx_word' id='word_1_11' title='bbox 58 382 109 440; x_wconf 88' lang='lat' dir='ltr'>rat,</span> <span class='ocrx_word' id='word_1_12' title='bbox 125 381 153 430; x_wconf 87' lang='lat' dir='ltr'>et</span> <span class='ocrx_word' id='word_1_13' title='bbox 166 374 215 430; x_wconf 91' lang='lat' dir='ltr'>tibi</span> <span class='ocrx_word' id='word_1_14' title='bbox 230 374 352 447; x_wconf 82' lang='lat' dir='ltr'>placuit3</span> <span class='ocrx_word' id='word_1_15' title='bbox 368 382 394 430; x_wconf 90' lang='lat' dir='ltr'>et</span> <span class='ocrx_word' id='word_1_16' title='bbox 408 374 512 447; x_wconf 88' lang='lat' dir='ltr'>rogasti</span> <span class='ocrx_word' id='word_1_17' title='bbox 527 389 599 438; x_wconf 89' lang='lat' dir='ltr'>eum,</span> <span class='ocrx_word' id='word_1_18' title='bbox 625 380 655 427; x_wconf 92' lang='lat' dir='ltr'>ut</span> <span class='ocrx_word' id='word_1_19' title='bbox 679 372 731 426; x_wconf 92' lang='lat' dir='ltr'>iret</span> <span class='ocrx_word' id='word_1_20' title='bbox 746 368 855 425; x_wconf 84' lang='lat' dir='ltr'>Laudu-</span> <span class='ocrx_word' id='word_1_21' title='bbox 869 366 896 425; x_wconf 82' lang='lat' dir='ltr'>A</span> <span class='ocrx_word' id='word_1_22' title='bbox 953 366 1148 425; x_wconf 86' lang='lat' dir='ltr'>COLLECTlO</span> <span class='ocrx_word' id='word_1_23' title='bbox 1163 370 1214 424; x_wconf 83' lang='lat' dir='ltr'>EX</span> <span class='ocrx_word' id='word_1_24' title='bbox 1229 369 1409 426; x_wconf 76' lang='lat' dir='ltr'>aristonis</span> <span class='ocrx_word' id='word_1_25' title='bbox 1428 369 1651 427; x_wconf 76' lang='lat' dir='ltr'>ROMANORUM</span> 
     </span>
    </p>
   </div>
   <div class='ocr_carea' id='block_1_5' title="bbox 58 458 861 4396">
    <p class='ocr_par' dir='ltr' id='par_1_5' title="bbox 58 458 861 4396">
     <span class='ocr_line' id='line_1_5' title="bbox 58 458 854 533; baseline -0.01 -15"><span class='ocrx_word' id='word_1_26' title='bbox 58 479 132 527; x_wconf 87' lang='lat' dir='ltr'>num,</span> <span class='ocrx_word' id='word_1_27' title='bbox 147 471 176 518; x_wconf 91' lang='lat' dir='ltr'>ct</span> <span class='ocrx_word' id='word_1_28' title='bbox 189 471 359 533; x_wconf 76' lang='lat' dir='ltr'>exspectaret</span> <span class='ocrx_word' id='word_1_29' title='bbox 374 462 411 516; x_wconf 94' lang='lat' dir='ltr'>ibi</span> <span class='ocrx_word' id='word_1_30' title='bbox 425 478 511 533; x_wconf 92' lang='lat' dir='ltr'>usque</span> <span class='ocrx_word' id='word_1_31' title='bbox 525 462 590 516; x_wconf 92' lang='lat' dir='ltr'>dum</span> <span class='ocrx_word' id='word_1_32' title='bbox 608 469 637 515; x_wconf 91' lang='lat' dir='ltr'>tu</span> <span class='ocrx_word' id='word_1_33' title='bbox 657 460 721 515; x_wconf 85' lang='lat' dir='ltr'>illuc</span> <span class='ocrx_word' id='word_1_34' title='bbox 735 458 854 520; x_wconf 89' lang='lat' dir='ltr'>venires,</span> 
     </span>
     <span class='ocr_line' id='line_1_6' title="bbox 60 546 856 607; baseline -0.01 -1"><span class='ocrx_word' id='word_1_35' title='bbox 60 559 86 606; x_wconf 89' lang='lat' dir='ltr'>et</span> <span class='ocrx_word' id='word_1_36' title='bbox 97 565 193 607; x_wconf 90' lang='lat' dir='ltr'>coram</span> <span class='ocrx_word' id='word_1_37' title='bbox 208 549 339 606; x_wconf 87' lang='lat' dir='ltr'>iratribus</span> <span class='ocrx_word' id='word_1_38' title='bbox 353 565 413 606; x_wconf 92' lang='lat' dir='ltr'>cum</span> <span class='ocrx_word' id='word_1_39' title='bbox 429 550 475 606; x_wconf 91' lang='lat' dir='ltr'>illo</span> <span class='ocrx_word' id='word_1_40' title='bbox 490 550 608 604; x_wconf 91' lang='lat' dir='ltr'>rationes</span> <span class='ocrx_word' id='word_1_41' title='bbox 624 549 749 603; x_wconf 89' lang='lat' dir='ltr'>haberes.</span> <span class='ocrx_word' id='word_1_42' title='bbox 766 546 856 600; x_wconf 91' lang='lat' dir='ltr'>isdem</span> 
     </span>
     <span class='ocr_line' id='line_1_7' title="bbox 62 633 856 710; baseline -0.009 -17"><span class='ocrx_word' id='word_1_43' title='bbox 62 647 151 694; x_wconf 86' lang='lat' dir='ltr'>autern</span> <span class='ocrx_word' id='word_1_44' title='bbox 166 638 302 694; x_wconf 88' lang='lat' dir='ltr'>lladuilus</span> <span class='ocrx_word' id='word_1_45' title='bbox 317 637 434 710; x_wconf 86' lang='lat' dir='ltr'>perrexit</span> <span class='ocrx_word' id='word_1_46' title='bbox 459 637 485 691; x_wconf 92' lang='lat' dir='ltr'>in</span> <span class='ocrx_word' id='word_1_47' title='bbox 510 637 655 692; x_wconf 86' lang='lat' dir='ltr'>ecclesiam</span> <span class='ocrx_word' id='word_1_48' title='bbox 679 650 739 707; x_wconf 86' lang='lat' dir='ltr'>quae</span> <span class='ocrx_word' id='word_1_49' title='bbox 763 640 805 689; x_wconf 88' lang='lat' dir='ltr'>est</span> <span class='ocrx_word' id='word_1_50' title='bbox 829 633 856 687; x_wconf 93' lang='lat' dir='ltr'>in</span> 
     </span>
     <span class='ocr_line' id='line_1_8' title="bbox 62 721 857 798; baseline -0.011 -14"><span class='ocrx_word' id='word_1_51' title='bbox 62 726 188 784; x_wconf 83' lang='lat' dir='ltr'>Anisiaco</span> <span class='ocrx_word' id='word_1_52' title='bbox 202 726 325 798; x_wconf 79' lang='lat' dir='ltr'>(Anisyl,</span> <span class='ocrx_word' id='word_1_53' title='bbox 345 727 390 780; x_wconf 88' lang='lat' dir='ltr'>ulii</span> <span class='ocrx_word' id='word_1_54' title='bbox 413 733 439 781; x_wconf 93' lang='lat' dir='ltr'>et</span> <span class='ocrx_word' id='word_1_55' title='bbox 454 733 483 780; x_wconf 92' lang='lat' dir='ltr'>tu</span> <span class='ocrx_word' id='word_1_56' title='bbox 505 724 666 792; x_wconf 75' lang='lat' dir='ltr'>morabaris,</span> <span class='ocrx_word' id='word_1_57' title='bbox 691 731 717 779; x_wconf 91' lang='lat' dir='ltr'>et</span> <span class='ocrx_word' id='word_1_58' title='bbox 740 721 857 793; x_wconf 75' lang='lat' dir='ltr'>proiecit</span> 
     </span>
     <span class='ocr_line' id='line_1_9' title="bbox 62 811 856 881; baseline -0.006 -12"><span class='ocrx_word' id='word_1_59' title='bbox 62 832 88 870; x_wconf 90' lang='lat' dir='ltr'>se</span> <span class='ocrx_word' id='word_1_60' title='bbox 102 815 139 871; x_wconf 91' lang='lat' dir='ltr'>ad</span> <span class='ocrx_word' id='word_1_61' title='bbox 154 816 308 870; x_wconf 89' lang='lat' dir='ltr'>orationem</span> <span class='ocrx_word' id='word_1_62' title='bbox 323 821 384 868; x_wconf 90' lang='lat' dir='ltr'>ante</span> <span class='ocrx_word' id='word_1_63' title='bbox 403 815 497 868; x_wconf 89' lang='lat' dir='ltr'>altare.</span> <span class='ocrx_word' id='word_1_64' title='bbox 523 814 561 867; x_wconf 90' lang='lat' dir='ltr'>Tu</span> <span class='ocrx_word' id='word_1_65' title='bbox 585 826 650 868; x_wconf 91' lang='lat' dir='ltr'>vero</span> <span class='ocrx_word' id='word_1_66' title='bbox 674 811 771 867; x_wconf 91' lang='lat' dir='ltr'>misisti</span> <span class='ocrx_word' id='word_1_67' title='bbox 794 817 856 881; x_wconf 91' lang='lat' dir='ltr'>post</span> 
     </span>
     <span class='ocr_line' id='line_1_10' title="bbox 60 901 854 965; baseline -0.006 -7"><span class='ocrx_word' id='word_1_68' title='bbox 60 919 121 959; x_wconf 87' lang='lat' dir='ltr'>cuni</span> <span class='ocrx_word' id='word_1_69' title='bbox 135 903 250 958; x_wconf 84' lang='lat' dir='ltr'>tratrem</span> <span class='ocrx_word' id='word_1_70' title='bbox 266 902 440 965; x_wconf 77' lang='lat' dir='ltr'><strong>clarentium,</strong></span> <span class='ocrx_word' id='word_1_71' title='bbox 457 909 483 956; x_wconf 95' lang='lat' dir='ltr'>et</span> <span class='ocrx_word' id='word_1_72' title='bbox 498 901 642 956; x_wconf 91' lang='lat' dir='ltr'>diaconum</span> <span class='ocrx_word' id='word_1_73' title='bbox 655 908 729 955; x_wconf 93' lang='lat' dir='ltr'>tuum</span> <span class='ocrx_word' id='word_1_74' title='bbox 740 915 800 955; x_wconf 92' lang='lat' dir='ltr'>cum</span> <span class='ocrx_word' id='word_1_75' title='bbox 811 915 854 965; x_wconf 91' lang='lat' dir='ltr'>eo,</span> 
     </span>
     <span class='ocr_line' id='line_1_11' title="bbox 62 987 856 1059; baseline -0.008 -12"><span class='ocrx_word' id='word_1_76' title='bbox 62 1001 85 1047; x_wconf 88' lang='lat' dir='ltr'>et</span> <span class='ocrx_word' id='word_1_77' title='bbox 96 990 205 1059; x_wconf 87' lang='lat' dir='ltr'>jussisti</span> <span class='ocrx_word' id='word_1_78' title='bbox 220 990 260 1047; x_wconf 90' lang='lat' dir='ltr'>eis</span> <span class='ocrx_word' id='word_1_79' title='bbox 274 998 303 1044; x_wconf 91' lang='lat' dir='ltr'>ut</span> <span class='ocrx_word' id='word_1_80' title='bbox 318 989 510 1044; x_wconf 82' lang='lat' dir='ltr'>interdicerent</span> <span class='ocrx_word' id='word_1_81' title='bbox 525 988 640 1043; x_wconf 90' lang='lat' dir='ltr'>iladullo</span> <span class='ocrx_word' id='word_1_82' title='bbox 665 1004 696 1043; x_wconf 85' lang='lat' dir='ltr'>ei</span> <span class='ocrx_word' id='word_1_83' title='bbox 722 987 811 1042; x_wconf 91' lang='lat' dir='ltr'>divina</span> <span class='ocrx_word' id='word_1_84' title='bbox 830 995 856 1042; x_wconf 92' lang='lat' dir='ltr'>et</span> 
     </span>
     <span class='ocr_line' id='line_1_12' title="bbox 63 1076 856 1150; baseline -0.009 -15"><span class='ocrx_word' id='word_1_85' title='bbox 63 1078 208 1150; x_wconf 89' lang='lat' dir='ltr'>episcopali</span> <span class='ocrx_word' id='word_1_86' title='bbox 226 1078 383 1134; x_wconf 88' lang='lat' dir='ltr'>auctoritate</span> <span class='ocrx_word' id='word_1_87' title='bbox 405 1092 440 1132; x_wconf 94' lang='lat' dir='ltr'>ue</span> <span class='ocrx_word' id='word_1_88' title='bbox 454 1078 482 1132; x_wconf 91' lang='lat' dir='ltr'>iu</span> <span class='ocrx_word' id='word_1_89' title='bbox 496 1077 628 1146; x_wconf 90' lang='lat' dir='ltr'>parochia</span> <span class='ocrx_word' id='word_1_90' title='bbox 642 1086 689 1130; x_wconf 89' lang='lat' dir='ltr'>tue</span> <span class='ocrx_word' id='word_1_91' title='bbox 703 1076 856 1130; x_wconf 89' lang='lat' dir='ltr'>eommuni-</span> 
     </span>
     <span class='ocr_line' id='line_1_13' title="bbox 62 1163 856 1236; baseline -0.005 -14"><span class='ocrx_word' id='word_1_92' title='bbox 62 1174 153 1230; x_wconf 77' lang='lat' dir='ltr'>caret3</span> <span class='ocrx_word' id='word_1_93' title='bbox 170 1175 199 1221; x_wconf 88' lang='lat' dir='ltr'>et</span> <span class='ocrx_word' id='word_1_94' title='bbox 212 1165 346 1220; x_wconf 86' lang='lat' dir='ltr'>iladulius</span> <span class='ocrx_word' id='word_1_95' title='bbox 359 1165 450 1220; x_wconf 91' lang='lat' dir='ltr'>missis</span> <span class='ocrx_word' id='word_1_96' title='bbox 473 1165 565 1236; x_wconf 85' lang='lat' dir='ltr'>digitis</span> <span class='ocrx_word' id='word_1_97' title='bbox 590 1165 647 1219; x_wconf 89' lang='lat' dir='ltr'>suis</span> <span class='ocrx_word' id='word_1_98' title='bbox 670 1164 697 1219; x_wconf 92' lang='lat' dir='ltr'>in</span> <span class='ocrx_word' id='word_1_99' title='bbox 720 1163 856 1218; x_wconf 85' lang='lat' dir='ltr'>auriculas</span> 
     </span>
     <span class='ocr_line' id='line_1_14' title="bbox 63 1252 856 1324; baseline -0.008 -13"><span class='ocrx_word' id='word_1_100' title='bbox 63 1257 93 1311; x_wconf 91' lang='lat' dir='ltr'>ab</span> <span class='ocrx_word' id='word_1_101' title='bbox 108 1255 149 1311; x_wconf 87' lang='lat' dir='ltr'>eis</span> <span class='ocrx_word' id='word_1_102' title='bbox 164 1253 280 1309; x_wconf 89' lang='lat' dir='ltr'>inviam</span> <span class='ocrx_word' id='word_1_103' title='bbox 296 1269 373 1308; x_wconf 89' lang='lat' dir='ltr'>suam</span> <span class='ocrx_word' id='word_1_104' title='bbox 395 1253 525 1324; x_wconf 77' lang='lat' dir='ltr'>perrexit.</span> <span class='ocrx_word' id='word_1_105' title='bbox 551 1255 648 1308; x_wconf 86' lang='lat' dir='ltr'>Postea</span> <span class='ocrx_word' id='word_1_106' title='bbox 670 1261 759 1307; x_wconf 90' lang='lat' dir='ltr'>autem</span> <span class='ocrx_word' id='word_1_107' title='bbox 784 1252 856 1307; x_wconf 88' lang='lat' dir='ltr'>venit</span> 
     </span>
     <span class='ocr_line' id='line_1_15' title="bbox 62 1341 857 1413; baseline -0.008 -15"><span class='ocrx_word' id='word_1_108' title='bbox 62 1344 94 1398; x_wconf 83' lang='lat' dir='ltr'>ad</span> <span class='ocrx_word' id='word_1_109' title='bbox 107 1359 154 1398; x_wconf 89' lang='lat' dir='ltr'>me</span> <span class='ocrx_word' id='word_1_110' title='bbox 169 1343 347 1413; x_wconf 82' lang='lat' dir='ltr'>prescriptos</span> <span class='ocrx_word' id='word_1_111' title='bbox 361 1341 502 1405; x_wconf 80' lang='lat' dir='ltr'>liedulfus.</span> <span class='ocrx_word' id='word_1_112' title='bbox 520 1349 546 1396; x_wconf 93' lang='lat' dir='ltr'>et</span> <span class='ocrx_word' id='word_1_113' title='bbox 560 1341 685 1396; x_wconf 90' lang='lat' dir='ltr'>similiter</span> <span class='ocrx_word' id='word_1_114' title='bbox 702 1348 731 1394; x_wconf 92' lang='lat' dir='ltr'>ut</span> <span class='ocrx_word' id='word_1_115' title='bbox 745 1341 857 1395; x_wconf 81' lang='lat' dir='ltr'>Claien-</span> 
     </span>
     <span class='ocr_line' id='line_1_16' title="bbox 63 1428 856 1497; baseline -0.003 -13"><span class='ocrx_word' id='word_1_116' title='bbox 63 1432 113 1485; x_wconf 84' lang='lat' dir='ltr'>tius</span> <span class='ocrx_word' id='word_1_117' title='bbox 128 1430 163 1485; x_wconf 93' lang='lat' dir='ltr'>de</span> <span class='ocrx_word' id='word_1_118' title='bbox 177 1431 316 1486; x_wconf 89' lang='lat' dir='ltr'>missatico</span> <span class='ocrx_word' id='word_1_119' title='bbox 332 1429 384 1485; x_wconf 89' lang='lat' dir='ltr'>sibi</span> <span class='ocrx_word' id='word_1_120' title='bbox 399 1429 518 1497; x_wconf 90' lang='lat' dir='ltr'>injuncto</span> <span class='ocrx_word' id='word_1_121' title='bbox 533 1437 559 1484; x_wconf 85' lang='lat' dir='ltr'>et</span> <span class='ocrx_word' id='word_1_122' title='bbox 575 1429 733 1485; x_wconf 78' lang='lat' dir='ltr'>reversione</span> <span class='ocrx_word' id='word_1_123' title='bbox 755 1444 804 1482; x_wconf 89' lang='lat' dir='ltr'>sua</span> <span class='ocrx_word' id='word_1_124' title='bbox 822 1428 856 1482; x_wconf 92' lang='lat' dir='ltr'>ad</span> 
     </span>
     <span class='ocr_line' id='line_1_17' title="bbox 63 1517 857 1587; baseline -0.006 -12"><span class='ocrx_word' id='word_1_125' title='bbox 63 1530 86 1575; x_wconf 91' lang='lat' dir='ltr'>te</span> <span class='ocrx_word' id='word_1_126' title='bbox 101 1517 166 1572; x_wconf 89' lang='lat' dir='ltr'>milii</span> <span class='ocrx_word' id='word_1_127' title='bbox 181 1518 271 1573; x_wconf 87' lang='lat' dir='ltr'>dixit:</span> <span class='ocrx_word' id='word_1_128' title='bbox 286 1518 320 1573; x_wconf 91' lang='lat' dir='ltr'>de</span> <span class='ocrx_word' id='word_1_129' title='bbox 335 1518 486 1573; x_wconf 84' lang='lat' dir='ltr'>contumaci</span> <span class='ocrx_word' id='word_1_130' title='bbox 500 1524 591 1572; x_wconf 91' lang='lat' dir='ltr'>autem</span> <span class='ocrx_word' id='word_1_131' title='bbox 605 1517 782 1587; x_wconf 83' lang='lat' dir='ltr'>responsione</span> <span class='ocrx_word' id='word_1_132' title='bbox 801 1532 857 1572; x_wconf 91' lang='lat' dir='ltr'>non</span> 
     </span>
     <span class='ocr_line' id='line_1_18' title="bbox 63 1605 855 1675; baseline -0.005 -12"><span class='ocrx_word' id='word_1_133' title='bbox 63 1607 194 1669; x_wconf 78' lang='lat' dir='ltr'>similiter.</span> <span class='ocrx_word' id='word_1_134' title='bbox 208 1607 258 1663; x_wconf 90' lang='lat' dir='ltr'>sed</span> <span class='ocrx_word' id='word_1_135' title='bbox 272 1615 297 1661; x_wconf 91' lang='lat' dir='ltr'>et</span> <span class='ocrx_word' id='word_1_136' title='bbox 312 1605 619 1662; x_wconf 86' lang='lat' dir='ltr'>excommunicationem</span> <span class='ocrx_word' id='word_1_137' title='bbox 643 1620 676 1659; x_wconf 86' lang='lat' dir='ltr'>ex</span> <span class='ocrx_word' id='word_1_138' title='bbox 699 1612 777 1675; x_wconf 90' lang='lat' dir='ltr'>parte</span> <span class='ocrx_word' id='word_1_139' title='bbox 800 1612 855 1672; x_wconf 79' lang='lat' dir='ltr'>tua,</span> 
     </span>
     <span class='ocr_line' id='line_1_19' title="bbox 62 1692 779 1767; baseline -0.006 -17"><span class='ocrx_word' id='word_1_140' title='bbox 62 1702 205 1766; x_wconf 86' lang='lat' dir='ltr'>antequam</span> <span class='ocrx_word' id='word_1_141' title='bbox 220 1710 273 1767; x_wconf 84' lang='lat' dir='ltr'>ego</span> <span class='ocrx_word' id='word_1_142' title='bbox 288 1693 326 1748; x_wconf 92' lang='lat' dir='ltr'>iili</span> <span class='ocrx_word' id='word_1_143' title='bbox 341 1693 466 1758; x_wconf 81' lang='lat' dir='ltr'>dixerim,</span> <span class='ocrx_word' id='word_1_144' title='bbox 483 1709 512 1749; x_wconf 87' lang='lat' dir='ltr'>se</span> <span class='ocrx_word' id='word_1_145' title='bbox 522 1709 576 1749; x_wconf 91' lang='lat' dir='ltr'>iion</span> <span class='ocrx_word' id='word_1_146' title='bbox 592 1693 700 1748; x_wconf 90' lang='lat' dir='ltr'>audisse</span> <span class='ocrx_word' id='word_1_147' title='bbox 714 1692 779 1763; x_wconf 89' lang='lat' dir='ltr'>proi</span> 
     </span>
     <span class='ocr_line' id='line_1_20' title="bbox 63 1781 857 1853; baseline -0.001 -14"><span class='ocrx_word' id='word_1_148' title='bbox 63 1793 120 1848; x_wconf 84' lang='lat' dir='ltr'>est;</span> <span class='ocrx_word' id='word_1_149' title='bbox 136 1791 162 1838; x_wconf 88' lang='lat' dir='ltr'>et</span> <span class='ocrx_word' id='word_1_150' title='bbox 179 1783 265 1838; x_wconf 88' lang='lat' dir='ltr'>voluit</span> <span class='ocrx_word' id='word_1_151' title='bbox 278 1783 316 1837; x_wconf 91' lang='lat' dir='ltr'>ire</span> <span class='ocrx_word' id='word_1_152' title='bbox 336 1781 503 1848; x_wconf 86' lang='lat' dir='ltr'>Laudunum,</span> <span class='ocrx_word' id='word_1_153' title='bbox 528 1797 582 1853; x_wconf 92' lang='lat' dir='ltr'>quo</span> <span class='ocrx_word' id='word_1_154' title='bbox 603 1797 658 1836; x_wconf 91' lang='lat' dir='ltr'>uiia</span> <span class='ocrx_word' id='word_1_155' title='bbox 682 1797 744 1837; x_wconf 89' lang='lat' dir='ltr'>cum</span> <span class='ocrx_word' id='word_1_156' title='bbox 766 1782 857 1838; x_wconf 88' lang='lat' dir='ltr'>missis</span> 
     </span>
     <span class='ocr_line' id='line_1_21' title="bbox 61 1869 858 1942; baseline 0 -16"><span class='ocrx_word' id='word_1_157' title='bbox 61 1873 112 1926; x_wconf 91' lang='lat' dir='ltr'>tuis</span> <span class='ocrx_word' id='word_1_158' title='bbox 128 1871 260 1942; x_wconf 80' lang='lat' dir='ltr'>praemisit</span> <span class='ocrx_word' id='word_1_159' title='bbox 275 1871 411 1925; x_wconf 91' lang='lat' dir='ltr'>hominem</span> <span class='ocrx_word' id='word_1_160' title='bbox 426 1886 514 1936; x_wconf 88' lang='lat' dir='ltr'>suum,</span> <span class='ocrx_word' id='word_1_161' title='bbox 527 1869 662 1925; x_wconf 80' lang='lat' dir='ltr'>etclausai</span> <span class='ocrx_word' id='word_1_162' title='bbox 672 1879 734 1926; x_wconf 89' lang='lat' dir='ltr'>sunt</span> <span class='ocrx_word' id='word_1_163' title='bbox 749 1872 858 1926; x_wconf 90' lang='lat' dir='ltr'>obviem</span> 
     </span>
     <span class='ocr_line' id='line_1_22' title="bbox 61 1957 859 2030; baseline 0 -16"><span class='ocrx_word' id='word_1_164' title='bbox 61 1961 95 2015; x_wconf 93' lang='lat' dir='ltr'>ilii</span> <span class='ocrx_word' id='word_1_165' title='bbox 107 1962 202 2029; x_wconf 82' lang='lat' dir='ltr'>jnnuae</span> <span class='ocrx_word' id='word_1_166' title='bbox 216 1959 342 2014; x_wconf 78' lang='lat' dir='ltr'>ecclesiae</span> <span class='ocrx_word' id='word_1_167' title='bbox 356 1967 382 2014; x_wconf 88' lang='lat' dir='ltr'>et</span> <span class='ocrx_word' id='word_1_168' title='bbox 396 1967 475 2030; x_wconf 92' lang='lat' dir='ltr'>porte</span> <span class='ocrx_word' id='word_1_169' title='bbox 498 1957 623 2024; x_wconf 87' lang='lat' dir='ltr'>claustri;</span> <span class='ocrx_word' id='word_1_170' title='bbox 640 1966 665 2014; x_wconf 89' lang='lat' dir='ltr'>et</span> <span class='ocrx_word' id='word_1_171' title='bbox 680 1967 774 2028; x_wconf 90' lang='lat' dir='ltr'>postea</span> <span class='ocrx_word' id='word_1_172' title='bbox 792 1960 859 2015; x_wconf 93' lang='lat' dir='ltr'>nihii</span> 
     </span>
     <span class='ocr_line' id='line_1_23' title="bbox 62 2045 858 2119; baseline 0 -16"><span class='ocrx_word' id='word_1_173' title='bbox 62 2049 92 2103; x_wconf 92' lang='lat' dir='ltr'>de</span> <span class='ocrx_word' id='word_1_174' title='bbox 107 2049 152 2102; x_wconf 91' lang='lat' dir='ltr'>bis</span> <span class='ocrx_word' id='word_1_175' title='bbox 167 2064 228 2119; x_wconf 85' lang='lat' dir='ltr'>quae</span> <span class='ocrx_word' id='word_1_176' title='bbox 244 2047 271 2101; x_wconf 93' lang='lat' dir='ltr'>in</span> <span class='ocrx_word' id='word_1_177' title='bbox 286 2047 427 2101; x_wconf 89' lang='lat' dir='ltr'>mansione</span> <span class='ocrx_word' id='word_1_178' title='bbox 441 2063 489 2100; x_wconf 89' lang='lat' dir='ltr'>sua</span> <span class='ocrx_word' id='word_1_179' title='bbox 504 2047 596 2101; x_wconf 90' lang='lat' dir='ltr'>habuit</span> <span class='ocrx_word' id='word_1_180' title='bbox 610 2045 731 2103; x_wconf 89' lang='lat' dir='ltr'>obtinere</span> <span class='ocrx_word' id='word_1_181' title='bbox 750 2063 858 2117; x_wconf 87' lang='lat' dir='ltr'>praeva-</span> 
     </span>
     <span class='ocr_line' id='line_1_24' title="bbox 58 2135 859 2207; baseline 0 -16"><span class='ocrx_word' id='word_1_182' title='bbox 58 2137 111 2191; x_wconf 86' lang='lat' dir='ltr'>luit.</span> <span class='ocrx_word' id='word_1_183' title='bbox 130 2136 212 2190; x_wconf 89' lang='lat' dir='ltr'>Nunc</span> <span class='ocrx_word' id='word_1_184' title='bbox 222 2144 314 2190; x_wconf 91' lang='lat' dir='ltr'>autem</span> <span class='ocrx_word' id='word_1_185' title='bbox 328 2135 395 2205; x_wconf 91' lang='lat' dir='ltr'>petit</span> <span class='ocrx_word' id='word_1_186' title='bbox 409 2151 452 2190; x_wconf 89' lang='lat' dir='ltr'>me</span> <span class='ocrx_word' id='word_1_187' title='bbox 468 2135 639 2190; x_wconf 88' lang='lat' dir='ltr'>intervenire</span> <span class='ocrx_word' id='word_1_188' title='bbox 653 2137 725 2207; x_wconf 92' lang='lat' dir='ltr'>apud</span> <span class='ocrx_word' id='word_1_189' title='bbox 739 2143 776 2200; x_wconf 84' lang='lat' dir='ltr'>te,</span> <span class='ocrx_word' id='word_1_190' title='bbox 792 2150 859 2207; x_wconf 90' lang='lat' dir='ltr'>qua-</span> 
     </span>
     <span class='ocr_line' id='line_1_25' title="bbox 60 2223 860 2294; baseline -0.003 -13"><span class='ocrx_word' id='word_1_191' title='bbox 60 2234 136 2281; x_wconf 89' lang='lat' dir='ltr'>tenus</span> <span class='ocrx_word' id='word_1_192' title='bbox 162 2224 188 2279; x_wconf 95' lang='lat' dir='ltr'>ei</span> <span class='ocrx_word' id='word_1_193' title='bbox 213 2223 294 2279; x_wconf 90' lang='lat' dir='ltr'>liceat</span> <span class='ocrx_word' id='word_1_194' title='bbox 317 2223 519 2279; x_wconf 88' lang='lat' dir='ltr'>communicare</span> <span class='ocrx_word' id='word_1_195' title='bbox 547 2224 574 2278; x_wconf 94' lang='lat' dir='ltr'>in</span> <span class='ocrx_word' id='word_1_196' title='bbox 599 2232 645 2279; x_wconf 88' lang='lat' dir='ltr'>tua</span> <span class='ocrx_word' id='word_1_197' title='bbox 669 2223 807 2294; x_wconf 87' lang='lat' dir='ltr'>parocbia,</span> <span class='ocrx_word' id='word_1_198' title='bbox 833 2232 860 2279; x_wconf 89' lang='lat' dir='ltr'>et</span> 
     </span>
     <span class='ocr_line' id='line_1_26' title="bbox 60 2311 859 2383; baseline 0 -16"><span class='ocrx_word' id='word_1_199' title='bbox 60 2314 152 2369; x_wconf 92' lang='lat' dir='ltr'>locum</span> <span class='ocrx_word' id='word_1_200' title='bbox 167 2327 201 2367; x_wconf 91' lang='lat' dir='ltr'>ac</span> <span class='ocrx_word' id='word_1_201' title='bbox 216 2311 387 2367; x_wconf 85' lang='lat' dir='ltr'>mansionem</span> <span class='ocrx_word' id='word_1_202' title='bbox 402 2326 488 2378; x_wconf 87' lang='lat' dir='ltr'>suam,</span> <span class='ocrx_word' id='word_1_203' title='bbox 506 2319 531 2366; x_wconf 92' lang='lat' dir='ltr'>et</span> <span class='ocrx_word' id='word_1_204' title='bbox 546 2327 577 2366; x_wconf 89' lang='lat' dir='ltr'>ea</span> <span class='ocrx_word' id='word_1_205' title='bbox 593 2328 653 2382; x_wconf 87' lang='lat' dir='ltr'>quae</span> <span class='ocrx_word' id='word_1_206' title='bbox 667 2312 739 2383; x_wconf 88' lang='lat' dir='ltr'>apud</span> <span class='ocrx_word' id='word_1_207' title='bbox 754 2319 779 2367; x_wconf 91' lang='lat' dir='ltr'>te</span> <span class='ocrx_word' id='word_1_208' title='bbox 794 2326 859 2383; x_wconf 91' lang='lat' dir='ltr'>pro-</span> 
     </span>
     <span class='ocr_line' id='line_1_27' title="bbox 61 2399 860 2471; baseline -0.005 -14"><span class='ocrx_word' id='word_1_209' title='bbox 61 2401 193 2457; x_wconf 82' lang='lat' dir='ltr'>servierat</span> <span class='ocrx_word' id='word_1_210' title='bbox 207 2399 324 2471; x_wconf 85' lang='lat' dir='ltr'>pleniter</span> <span class='ocrx_word' id='word_1_211' title='bbox 339 2399 449 2464; x_wconf 80' lang='lat' dir='ltr'>babam,</span> <span class='ocrx_word' id='word_1_212' title='bbox 471 2407 498 2454; x_wconf 91' lang='lat' dir='ltr'>et</span> <span class='ocrx_word' id='word_1_213' title='bbox 512 2415 652 2470; x_wconf 90' lang='lat' dir='ltr'>cumpace</span> <span class='ocrx_word' id='word_1_214' title='bbox 667 2400 796 2456; x_wconf 89' lang='lat' dir='ltr'>canonice</span> <span class='ocrx_word' id='word_1_215' title='bbox 812 2400 860 2454; x_wconf 87' lang='lat' dir='ltr'>tilii</span> 
     </span>
     <span class='ocr_line' id='line_1_28' title="bbox 61 2486 860 2561; baseline -0.003 -17"><span class='ocrx_word' id='word_1_216' title='bbox 61 2489 174 2545; x_wconf 89' lang='lat' dir='ltr'>servire.</span> <span class='ocrx_word' id='word_1_217' title='bbox 191 2487 264 2543; x_wconf 85' lang='lat' dir='ltr'>Etsi</span> <span class='ocrx_word' id='word_1_218' title='bbox 280 2488 494 2561; x_wconf 89' lang='lat' dir='ltr'>lioctibigrave</span> <span class='ocrx_word' id='word_1_219' title='bbox 518 2486 608 2554; x_wconf 87' lang='lat' dir='ltr'>luerit,</span> <span class='ocrx_word' id='word_1_220' title='bbox 634 2489 733 2543; x_wconf 87' lang='lat' dir='ltr'>babeat</span> <span class='ocrx_word' id='word_1_221' title='bbox 758 2496 860 2542; x_wconf 90' lang='lat' dir='ltr'>tantum</span> 
     </span>
     <span class='ocr_line' id='line_1_29' title="bbox 61 2576 859 2648; baseline -0.001 -15"><span class='ocrx_word' id='word_1_222' title='bbox 61 2576 281 2634; x_wconf 83' lang='lat' dir='ltr'>communionem</span> <span class='ocrx_word' id='word_1_223' title='bbox 296 2577 323 2631; x_wconf 95' lang='lat' dir='ltr'>in</span> <span class='ocrx_word' id='word_1_224' title='bbox 338 2577 536 2648; x_wconf 85' lang='lat' dir='ltr'>parochiatus,</span> <span class='ocrx_word' id='word_1_225' title='bbox 552 2584 578 2630; x_wconf 91' lang='lat' dir='ltr'>et</span> <span class='ocrx_word' id='word_1_226' title='bbox 592 2576 673 2631; x_wconf 90' lang='lat' dir='ltr'>liceat</span> <span class='ocrx_word' id='word_1_227' title='bbox 688 2576 713 2631; x_wconf 90' lang='lat' dir='ltr'>ei</span> <span class='ocrx_word' id='word_1_228' title='bbox 728 2576 779 2631; x_wconf 90' lang='lat' dir='ltr'>sub</span> <span class='ocrx_word' id='word_1_229' title='bbox 793 2577 859 2632; x_wconf 91' lang='lat' dir='ltr'>reii-</span> 
     </span>
     <span class='ocr_line' id='line_1_30' title="bbox 60 2663 858 2738; baseline -0.001 -18"><span class='ocrx_word' id='word_1_230' title='bbox 60 2663 858 2738; x_wconf 83' lang='lat' dir='ltr'>giane,ubioumquelocumsibiapiuminvenirepotuerit,</span> 
     </span>
     <span class='ocr_line' id='line_1_31' title="bbox 61 2752 861 2824; baseline -0.004 -13"><span class='ocrx_word' id='word_1_231' title='bbox 61 2753 231 2818; x_wconf 86' lang='lat' dir='ltr'>conversari,</span> <span class='ocrx_word' id='word_1_232' title='bbox 249 2761 275 2808; x_wconf 94' lang='lat' dir='ltr'>et</span> <span class='ocrx_word' id='word_1_233' title='bbox 289 2752 324 2807; x_wconf 89' lang='lat' dir='ltr'>sit</span> <span class='ocrx_word' id='word_1_234' title='bbox 347 2752 396 2807; x_wconf 92' lang='lat' dir='ltr'>tibi</span> <span class='ocrx_word' id='word_1_235' title='bbox 416 2752 514 2807; x_wconf 82' lang='lat' dir='ltr'>fidelis.</span> <span class='ocrx_word' id='word_1_236' title='bbox 541 2754 698 2824; x_wconf 86' lang='lat' dir='ltr'>Propterea,</span> <span class='ocrx_word' id='word_1_237' title='bbox 723 2754 792 2808; x_wconf 90' lang='lat' dir='ltr'>sicut</span> <span class='ocrx_word' id='word_1_238' title='bbox 814 2762 861 2808; x_wconf 90' lang='lat' dir='ltr'>tua</span> 
     </span>
     <span class='ocr_line' id='line_1_32' title="bbox 61 2840 859 2913; baseline -0.003 -16"><span class='ocrx_word' id='word_1_239' title='bbox 61 2841 203 2913; x_wconf 88' lang='lat' dir='ltr'>prudentia</span> <span class='ocrx_word' id='word_1_240' title='bbox 225 2842 300 2897; x_wconf 87' lang='lat' dir='ltr'>novit</span> <span class='ocrx_word' id='word_1_241' title='bbox 327 2855 408 2911; x_wconf 88' lang='lat' dir='ltr'>quam</span> <span class='ocrx_word' id='word_1_242' title='bbox 433 2840 589 2896; x_wconf 77' lang='lat' dir='ltr'>sanctificati</span> <span class='ocrx_word' id='word_1_243' title='bbox 614 2841 715 2895; x_wconf 88' lang='lat' dir='ltr'>instent</span> <span class='ocrx_word' id='word_1_244' title='bbox 737 2842 806 2907; x_wconf 87' lang='lat' dir='ltr'>dies,</span> <span class='ocrx_word' id='word_1_245' title='bbox 832 2841 859 2896; x_wconf 94' lang='lat' dir='ltr'>in</span> 
     </span>
     <span class='ocr_line' id='line_1_33' title="bbox 63 2928 858 3000; baseline -0.004 -16"><span class='ocrx_word' id='word_1_246' title='bbox 63 2930 157 3000; x_wconf 90' lang='lat' dir='ltr'>quihus</span> <span class='ocrx_word' id='word_1_247' title='bbox 171 2928 313 3000; x_wconf 82' lang='lat' dir='ltr'>praecipue</span> <span class='ocrx_word' id='word_1_248' title='bbox 327 2944 379 2999; x_wconf 90' lang='lat' dir='ltr'>pax</span> <span class='ocrx_word' id='word_1_249' title='bbox 398 2929 462 2999; x_wconf 85' lang='lat' dir='ltr'>peti,</span> <span class='ocrx_word' id='word_1_250' title='bbox 489 2937 514 2983; x_wconf 92' lang='lat' dir='ltr'>et</span> <span class='ocrx_word' id='word_1_251' title='bbox 537 2945 589 2999; x_wconf 83' lang='lat' dir='ltr'>pax</span> <span class='ocrx_word' id='word_1_252' title='bbox 613 2928 767 2999; x_wconf 90' lang='lat' dir='ltr'>petentibus</span> <span class='ocrx_word' id='word_1_253' title='bbox 790 2929 858 2998; x_wconf 87' lang='lat' dir='ltr'>dari,</span> 
     </span>
     <span class='ocr_line' id='line_1_34' title="bbox 62 3016 859 3089; baseline -0.001 -17"><span class='ocrx_word' id='word_1_254' title='bbox 62 3018 139 3072; x_wconf 87' lang='lat' dir='ltr'>etiam</span> <span class='ocrx_word' id='word_1_255' title='bbox 153 3033 212 3072; x_wconf 92' lang='lat' dir='ltr'>non</span> <span class='ocrx_word' id='word_1_256' title='bbox 227 3016 381 3089; x_wconf 90' lang='lat' dir='ltr'>petentibus</span> <span class='ocrx_word' id='word_1_257' title='bbox 396 3031 449 3086; x_wconf 87' lang='lat' dir='ltr'>pax</span> <span class='ocrx_word' id='word_1_258' title='bbox 464 3024 489 3071; x_wconf 90' lang='lat' dir='ltr'>et</span> <span class='ocrx_word' id='word_1_259' title='bbox 505 3016 674 3087; x_wconf 85' lang='lat' dir='ltr'>indulgentia</span> <span class='ocrx_word' id='word_1_260' title='bbox 695 3017 777 3072; x_wconf 90' lang='lat' dir='ltr'>debet</span> <span class='ocrx_word' id='word_1_261' title='bbox 790 3032 859 3073; x_wconf 89' lang='lat' dir='ltr'>con·</span> 
     </span>
     <span class='ocr_line' id='line_1_35' title="bbox 64 3103 859 3175; baseline -0.003 -14"><span class='ocrx_word' id='word_1_262' title='bbox 64 3105 127 3170; x_wconf 85' lang='lat' dir='ltr'>cedi,</span> <span class='ocrx_word' id='word_1_263' title='bbox 144 3113 172 3161; x_wconf 93' lang='lat' dir='ltr'>et</span> <span class='ocrx_word' id='word_1_264' title='bbox 187 3120 284 3160; x_wconf 88' lang='lat' dir='ltr'>omnes</span> <span class='ocrx_word' id='word_1_265' title='bbox 308 3103 496 3175; x_wconf 89' lang='lat' dir='ltr'>colligationes</span> <span class='ocrx_word' id='word_1_266' title='bbox 518 3105 662 3174; x_wconf 89' lang='lat' dir='ltr'>impietatis</span> <span class='ocrx_word' id='word_1_267' title='bbox 685 3104 808 3172; x_wconf 87' lang='lat' dir='ltr'>dissolvi,</span> <span class='ocrx_word' id='word_1_268' title='bbox 833 3112 859 3160; x_wconf 89' lang='lat' dir='ltr'>et</span> 
     </span>
     <span class='ocr_line' id='line_1_36' title="bbox 64 3191 860 3263; baseline 0 -17"><span class='ocrx_word' id='word_1_269' title='bbox 64 3192 181 3249; x_wconf 90' lang='lat' dir='ltr'>iaeciculi</span> <span class='ocrx_word' id='word_1_270' title='bbox 196 3192 381 3263; x_wconf 86' lang='lat' dir='ltr'>deprimentes</span> <span class='ocrx_word' id='word_1_271' title='bbox 396 3191 508 3263; x_wconf 82' lang='lat' dir='ltr'>absolvi,</span> <span class='ocrx_word' id='word_1_272' title='bbox 534 3193 583 3247; x_wconf 89' lang='lat' dir='ltr'>sed</span> <span class='ocrx_word' id='word_1_273' title='bbox 605 3200 631 3246; x_wconf 91' lang='lat' dir='ltr'>et</span> <span class='ocrx_word' id='word_1_274' title='bbox 653 3193 767 3263; x_wconf 88' lang='lat' dir='ltr'>imperia</span> <span class='ocrx_word' id='word_1_275' title='bbox 791 3194 860 3247; x_wconf 89' lang='lat' dir='ltr'>dura</span> 
     </span>
     <span class='ocr_line' id='line_1_37' title="bbox 66 3280 859 3351; baseline 0 -15"><span class='ocrx_word' id='word_1_276' title='bbox 66 3282 179 3350; x_wconf 86' lang='lat' dir='ltr'>curvari,</span> <span class='ocrx_word' id='word_1_277' title='bbox 195 3281 325 3337; x_wconf 89' lang='lat' dir='ltr'>remanda</span> <span class='ocrx_word' id='word_1_278' title='bbox 340 3281 405 3335; x_wconf 91' lang='lat' dir='ltr'>milii</span> <span class='ocrx_word' id='word_1_279' title='bbox 421 3280 626 3351; x_wconf 83' lang='lat' dir='ltr'>praesentialiter</span> <span class='ocrx_word' id='word_1_280' title='bbox 641 3281 736 3336; x_wconf 90' lang='lat' dir='ltr'>litteris</span> <span class='ocrx_word' id='word_1_281' title='bbox 751 3281 813 3350; x_wconf 82' lang='lat' dir='ltr'>tuis,</span> <span class='ocrx_word' id='word_1_282' title='bbox 834 3288 859 3336; x_wconf 90' lang='lat' dir='ltr'>et</span> 
     </span>
     <span class='ocr_line' id='line_1_38' title="bbox 67 3369 857 3441; baseline -0.004 -16"><span class='ocrx_word' id='word_1_283' title='bbox 67 3385 109 3440; x_wconf 88' lang='lat' dir='ltr'>per</span> <span class='ocrx_word' id='word_1_284' title='bbox 130 3370 254 3441; x_wconf 80' lang='lat' dir='ltr'>aliquem</span> <span class='ocrx_word' id='word_1_285' title='bbox 277 3369 461 3425; x_wconf 91' lang='lat' dir='ltr'>communium</span> <span class='ocrx_word' id='word_1_286' title='bbox 482 3369 667 3424; x_wconf 92' lang='lat' dir='ltr'>ministrorum</span> <span class='ocrx_word' id='word_1_287' title='bbox 692 3378 857 3436; x_wconf 85' lang='lat' dir='ltr'>nostrorum,</span> 
     </span>
     <span class='ocr_line' id='line_1_39' title="bbox 69 3457 859 3529; baseline 0 -18"><span class='ocrx_word' id='word_1_288' title='bbox 69 3458 96 3513; x_wconf 90' lang='lat' dir='ltr'>de</span> <span class='ocrx_word' id='word_1_289' title='bbox 109 3458 243 3514; x_wconf 80' lang='lat' dir='ltr'>Ecclesiae</span> <span class='ocrx_word' id='word_1_290' title='bbox 258 3458 447 3513; x_wconf 90' lang='lat' dir='ltr'>Laudunensis</span> <span class='ocrx_word' id='word_1_291' title='bbox 463 3458 592 3513; x_wconf 90' lang='lat' dir='ltr'>canonica</span> <span class='ocrx_word' id='word_1_292' title='bbox 616 3458 731 3529; x_wconf 87' lang='lat' dir='ltr'>qualiter</span> <span class='ocrx_word' id='word_1_293' title='bbox 753 3457 801 3512; x_wconf 90' lang='lat' dir='ltr'>tibi</span> <span class='ocrx_word' id='word_1_294' title='bbox 825 3458 859 3512; x_wconf 89' lang='lat' dir='ltr'>de</span> 
     </span>
     <span class='ocr_line' id='line_1_40' title="bbox 71 3545 859 3616; baseline 0.004 -19"><span class='ocrx_word' id='word_1_295' title='bbox 71 3546 119 3615; x_wconf 83' lang='lat' dir='ltr'>ipsa</span> <span class='ocrx_word' id='word_1_296' title='bbox 133 3546 217 3602; x_wconf 79' lang='lat' dir='ltr'>fratre</span> <span class='ocrx_word' id='word_1_297' title='bbox 233 3545 349 3601; x_wconf 84' lang='lat' dir='ltr'>iladuilo</span> <span class='ocrx_word' id='word_1_298' title='bbox 363 3545 452 3616; x_wconf 91' lang='lat' dir='ltr'>placet</span> <span class='ocrx_word' id='word_1_299' title='bbox 469 3564 475 3600; x_wconf 92' lang='lat'>:</span> <span class='ocrx_word' id='word_1_300' title='bbox 492 3555 582 3601; x_wconf 93' lang='lat' dir='ltr'>utrum</span> <span class='ocrx_word' id='word_1_301' title='bbox 598 3546 623 3602; x_wconf 90' lang='lat' dir='ltr'>ei</span> <span class='ocrx_word' id='word_1_302' title='bbox 641 3546 859 3602; x_wconf 89' lang='lat' dir='ltr'>communionem</span> 
     </span>
     <span class='ocr_line' id='line_1_41' title="bbox 73 3633 860 3705; baseline 0.003 -19"><span class='ocrx_word' id='word_1_303' title='bbox 73 3644 117 3689; x_wconf 79' lang='lat' dir='ltr'>tua</span> <span class='ocrx_word' id='word_1_304' title='bbox 129 3634 280 3705; x_wconf 80' lang='lat' dir='ltr'>paroc-hiae,</span> <span class='ocrx_word' id='word_1_305' title='bbox 298 3642 324 3689; x_wconf 92' lang='lat' dir='ltr'>et</span> <span class='ocrx_word' id='word_1_306' title='bbox 336 3633 436 3699; x_wconf 87' lang='lat' dir='ltr'>locum,</span> <span class='ocrx_word' id='word_1_307' title='bbox 453 3643 479 3689; x_wconf 90' lang='lat' dir='ltr'>et</span> <span class='ocrx_word' id='word_1_308' title='bbox 493 3635 672 3700; x_wconf 88' lang='lat' dir='ltr'>mansionem,</span> <span class='ocrx_word' id='word_1_309' title='bbox 696 3651 728 3688; x_wconf 89' lang='lat' dir='ltr'>ao</span> <span class='ocrx_word' id='word_1_310' title='bbox 752 3650 785 3689; x_wconf 92' lang='lat' dir='ltr'>ea</span> <span class='ocrx_word' id='word_1_311' title='bbox 800 3649 860 3705; x_wconf 87' lang='lat' dir='ltr'>quae</span> 
     </span>
     <span class='ocr_line' id='line_1_42' title="bbox 74 3722 858 3794; baseline 0.004 -20"><span class='ocrx_word' id='word_1_312' title='bbox 74 3723 132 3792; x_wconf 86' lang='lat' dir='ltr'>apud</span> <span class='ocrx_word' id='word_1_313' title='bbox 146 3732 174 3779; x_wconf 96' lang='lat' dir='ltr'>te</span> <span class='ocrx_word' id='word_1_314' title='bbox 188 3723 376 3794; x_wconf 87' lang='lat' dir='ltr'>proservierat</span> <span class='ocrx_word' id='word_1_315' title='bbox 389 3738 451 3779; x_wconf 92' lang='lat' dir='ltr'>eum</span> <span class='ocrx_word' id='word_1_316' title='bbox 465 3738 535 3794; x_wconf 88' lang='lat' dir='ltr'>pace</span> <span class='ocrx_word' id='word_1_317' title='bbox 550 3731 595 3776; x_wconf 89' lang='lat' dir='ltr'>tua</span> <span class='ocrx_word' id='word_1_318' title='bbox 609 3722 725 3792; x_wconf 89' lang='lat' dir='ltr'>pleniter</span> <span class='ocrx_word' id='word_1_319' title='bbox 746 3722 858 3787; x_wconf 88' lang='lat' dir='ltr'>habere,</span> 
     </span>
     <span class='ocr_line' id='line_1_43' title="bbox 76 3810 860 3877; baseline 0.004 -15"><span class='ocrx_word' id='word_1_320' title='bbox 76 3820 95 3863; x_wconf 85' lang='lat' dir='ltr'>it</span> <span class='ocrx_word' id='word_1_321' title='bbox 106 3819 193 3867; x_wconf 90' lang='lat' dir='ltr'>tecum</span> <span class='ocrx_word' id='word_1_322' title='bbox 209 3811 338 3867; x_wconf 89' lang='lat' dir='ltr'>canonice</span> <span class='ocrx_word' id='word_1_323' title='bbox 353 3811 509 3866; x_wconf 87' lang='lat' dir='ltr'>conversari</span> <span class='ocrx_word' id='word_1_324' title='bbox 523 3810 620 3877; x_wconf 87' lang='lat' dir='ltr'>valeat,</span> <span class='ocrx_word' id='word_1_325' title='bbox 637 3825 672 3865; x_wconf 91' lang='lat' dir='ltr'>an</span> <span class='ocrx_word' id='word_1_326' title='bbox 688 3810 712 3864; x_wconf 91' lang='lat' dir='ltr'>ei</span> <span class='ocrx_word' id='word_1_327' title='bbox 728 3825 860 3866; x_wconf 89' lang='lat' dir='ltr'>concesse</span> 
     </span>
     <span class='ocr_line' id='line_1_44' title="bbox 76 3898 859 3970; baseline -0.001 -17"><span class='ocrx_word' id='word_1_328' title='bbox 76 3899 254 3955; x_wconf 86' lang='lat' dir='ltr'>communione</span> <span class='ocrx_word' id='word_1_329' title='bbox 267 3900 295 3954; x_wconf 93' lang='lat' dir='ltr'>in</span> <span class='ocrx_word' id='word_1_330' title='bbox 309 3900 508 3970; x_wconf 80' lang='lat' dir='ltr'>parochiatus,</span> <span class='ocrx_word' id='word_1_331' title='bbox 526 3899 688 3970; x_wconf 92' lang='lat' dir='ltr'>ubicumque</span> <span class='ocrx_word' id='word_1_332' title='bbox 702 3899 792 3954; x_wconf 91' lang='lat' dir='ltr'>locum</span> <span class='ocrx_word' id='word_1_333' title='bbox 807 3898 859 3952; x_wconf 90' lang='lat' dir='ltr'>sibi</span> 
     </span>
     <span class='ocr_line' id='line_1_45' title="bbox 78 3986 860 4060; baseline 0.006 -21"><span class='ocrx_word' id='word_1_334' title='bbox 78 3995 154 4057; x_wconf 85' lang='lat' dir='ltr'>aptum</span> <span class='ocrx_word' id='word_1_335' title='bbox 169 3988 292 4044; x_wconf 87' lang='lat' dir='ltr'>invenire</span> <span class='ocrx_word' id='word_1_336' title='bbox 306 3988 434 4059; x_wconf 81' lang='lat' dir='ltr'>potuerit.</span> <span class='ocrx_word' id='word_1_337' title='bbox 448 3995 476 4041; x_wconf 92' lang='lat' dir='ltr'>ut</span> <span class='ocrx_word' id='word_1_338' title='bbox 491 3988 542 4042; x_wconf 93' lang='lat' dir='ltr'>sub</span> <span class='ocrx_word' id='word_1_339' title='bbox 554 3986 688 4060; x_wconf 84' lang='lat' dir='ltr'>religione</span> <span class='ocrx_word' id='word_1_340' title='bbox 703 3987 795 4059; x_wconf 82' lang='lat' dir='ltr'>degat,</span> <span class='ocrx_word' id='word_1_341' title='bbox 808 3988 860 4044; x_wconf 92' lang='lat' dir='ltr'>boc</span> 
     </span>
     <span class='ocr_line' id='line_1_46' title="bbox 79 4074 859 4141; baseline 0 -13"><span class='ocrx_word' id='word_1_342' title='bbox 79 4089 126 4129; x_wconf 90' lang='lat' dir='ltr'>cuin</span> <span class='ocrx_word' id='word_1_343' title='bbox 146 4085 193 4132; x_wconf 92' lang='lat' dir='ltr'>tua</span> <span class='ocrx_word' id='word_1_344' title='bbox 216 4075 324 4131; x_wconf 89' lang='lat' dir='ltr'>licentia</span> <span class='ocrx_word' id='word_1_345' title='bbox 352 4076 441 4131; x_wconf 89' lang='lat' dir='ltr'>iacere</span> <span class='ocrx_word' id='word_1_346' title='bbox 469 4076 576 4141; x_wconf 88' lang='lat' dir='ltr'>valcat,</span> <span class='ocrx_word' id='word_1_347' title='bbox 601 4083 628 4130; x_wconf 91' lang='lat' dir='ltr'>et</span> <span class='ocrx_word' id='word_1_348' title='bbox 651 4075 677 4130; x_wconf 90' lang='lat' dir='ltr'>oi</span> <span class='ocrx_word' id='word_1_349' title='bbox 700 4074 859 4130; x_wconf 85' lang='lat' dir='ltr'>fidelitatem</span> 
     </span>
     <span class='ocr_line' id='line_1_47' title="bbox 80 4163 859 4236; baseline 0.004 -22"><span class='ocrx_word' id='word_1_350' title='bbox 80 4176 149 4228; x_wconf 87' lang='lat' dir='ltr'>suam,</span> <span class='ocrx_word' id='word_1_351' title='bbox 180 4180 261 4235; x_wconf 89' lang='lat' dir='ltr'>quam</span> <span class='ocrx_word' id='word_1_352' title='bbox 289 4179 358 4236; x_wconf 87' lang='lat' dir='ltr'>erga</span> <span class='ocrx_word' id='word_1_353' title='bbox 381 4172 407 4217; x_wconf 88' lang='lat' dir='ltr'>te</span> <span class='ocrx_word' id='word_1_354' title='bbox 435 4163 530 4230; x_wconf 88' lang='lat' dir='ltr'>habet,</span> <span class='ocrx_word' id='word_1_355' title='bbox 557 4163 720 4234; x_wconf 91' lang='lat' dir='ltr'>ubicumque</span> <span class='ocrx_word' id='word_1_356' title='bbox 743 4163 859 4233; x_wconf 91' lang='lat' dir='ltr'>potuerit</span> 
     </span>
     <span class='ocr_line' id='line_1_48' title="bbox 82 4249 859 4322; baseline 0.001 -19"><span class='ocrx_word' id='word_1_357' title='bbox 82 4249 161 4306; x_wconf 89' lang='lat' dir='ltr'>devote</span> <span class='ocrx_word' id='word_1_358' title='bbox 183 4252 318 4308; x_wconf 85' lang='lat' dir='ltr'>exhibeat.</span> <span class='ocrx_word' id='word_1_359' title='bbox 351 4251 421 4308; x_wconf 87' lang='lat' dir='ltr'>Data</span> <span class='ocrx_word' id='word_1_360' title='bbox 443 4267 493 4306; x_wconf 85' lang='lat' dir='ltr'>xiii</span> <span class='ocrx_word' id='word_1_361' title='bbox 514 4251 629 4307; x_wconf 84' lang='lat' dir='ltr'>Kalend.</span> <span class='ocrx_word' id='word_1_362' title='bbox 656 4251 763 4322; x_wconf 84' lang='lat' dir='ltr'>April,</span> <span class='ocrx_word' id='word_1_363' title='bbox 787 4250 859 4305; x_wconf 94' lang='lat' dir='ltr'>indi-</span> 
     </span>
     <span class='ocr_line' id='line_1_49' title="bbox 84 4337 206 4396; baseline 0.041 -5"><span class='ocrx_word' id='word_1_364' title='bbox 84 4337 154 4396; x_wconf 86' lang='lat' dir='ltr'>ctione</span> <span class='ocrx_word' id='word_1_365' title='bbox 167 4356 206 4396; x_wconf 90' lang='lat' dir='ltr'>iii.</span> 
     </span>
    </p>
   </div>
   <div class='ocr_carea' id='block_1_6' title="bbox 151 4481 775 4634">
    <p class='ocr_par' dir='ltr' id='par_1_6' title="bbox 151 4481 775 4634">
     <span class='ocr_line' id='line_1_50' title="bbox 151 4481 775 4549; baseline -0.002 -12"><span class='ocrx_word' id='word_1_366' title='bbox 151 4481 319 4549; x_wconf 83' lang='lat' dir='ltr'>EPISTOLA</span> <span class='ocrx_word' id='word_1_367' title='bbox 338 4482 509 4537; x_wconf 82' lang='lat' dir='ltr'>iiithtiditi</span> <span class='ocrx_word' id='word_1_368' title='bbox 531 4482 775 4538; x_wconf 83' lang='lat' dir='ltr'>LAUDUNENSlS</span> 
     </span>
     <span class='ocr_line' id='line_1_51' title="bbox 250 4592 673 4634; baseline 0.005 -2"><span class='ocrx_word' id='word_1_369' title='bbox 250 4592 286 4633; x_wconf 89' lang='lat' dir='ltr'>io</span> <span class='ocrx_word' id='word_1_370' title='bbox 306 4593 473 4634; x_wconf 74' lang='lat' dir='ltr'>niucuiauii</span> <span class='ocrx_word' id='word_1_371' title='bbox 494 4594 673 4634; x_wconf 80' lang='lat' dir='ltr'>aiiaunusnii.</span> 
     </span>
    </p>
   </div>
   <div class='ocr_carea' id='block_1_7' title="bbox 91 4671 860 4873">
    <p class='ocr_par' dir='ltr' id='par_1_7' title="bbox 91 4671 860 4873">
     <span class='ocr_line' id='line_1_52' title="bbox 91 4671 860 4747; baseline 0.01 -23"><span class='ocrx_word' id='word_1_372' title='bbox 91 4671 186 4745; x_wconf 73' lang='lat' dir='ltr'>dadiiiso</span> <span class='ocrx_word' id='word_1_373' title='bbox 200 4677 232 4731; x_wconf 84' lang='lat' dir='ltr'>in</span> <span class='ocrx_word' id='word_1_374' title='bbox 248 4676 396 4731; x_wconf 81' lang='lat' dir='ltr'>llincmari&#39;</span> <span class='ocrx_word' id='word_1_375' title='bbox 409 4676 531 4746; x_wconf 74' lang='lat' dir='ltr'>qratiam</span> <span class='ocrx_word' id='word_1_376' title='bbox 551 4678 683 4747; x_wconf 75' lang='lat' dir='ltr'>pristinis</span> <span class='ocrx_word' id='word_1_377' title='bbox 704 4676 860 4732; x_wconf 82' lang='lat' dir='ltr'>mansionis</span> 
     </span>
     <span class='ocr_line' id='line_1_53' title="bbox 117 4744 860 4872; baseline 0.005 -74"><span class='ocrx_word' id='word_1_378' title='bbox 117 4744 369 4872; x_wconf 46' lang='lat' dir='ltr'>lacaiifflemnitiin</span> <span class='ocrx_word' id='word_1_379' title='bbox 384 4747 610 4802; x_wconf 82' lang='lat' dir='ltr'>communionem</span> <span class='ocrx_word' id='word_1_380' title='bbox 630 4763 712 4802; x_wconf 83' lang='lat' dir='ltr'>snam</span> <span class='ocrx_word' id='word_1_381' title='bbox 734 4747 860 4802; x_wconf 82' lang='lat' dir='ltr'>nondam</span> 
     </span>
     <span class='ocr_line' id='line_1_54' title="bbox 127 4831 236 4873; baseline 0.018 -2"><span class='ocrx_word' id='word_1_382' title='bbox 127 4831 184 4872; x_wconf 83' lang='lat' dir='ltr'>once</span> <span class='ocrx_word' id='word_1_383' title='bbox 203 4835 236 4873; x_wconf 84' lang='grc' dir='ltr'>ι.</span> 
     </span>
    </p>
   </div>
   <div class='ocr_carea' id='block_1_8' title="bbox 141 4922 790 4995">
    <p class='ocr_par' dir='ltr' id='par_1_8' title="bbox 141 4922 790 4995">
     <span class='ocr_line' id='line_1_55' title="bbox 141 4922 790 4995; baseline 0.003 -20"><span class='ocrx_word' id='word_1_384' title='bbox 141 4922 213 4987; x_wconf 70' lang='lat' dir='ltr'>(Vide</span> <span class='ocrx_word' id='word_1_385' title='bbox 229 4923 393 4995; x_wconf 81' lang='lat' dir='ltr'>Patrologiae</span> <span class='ocrx_word' id='word_1_386' title='bbox 407 4930 472 4978; x_wconf 91' lang='lat' dir='ltr'>tom.</span> <span class='ocrx_word' id='word_1_387' title='bbox 489 4922 610 4992; x_wconf 82' lang='lat' dir='ltr'>CXXIV,</span> <span class='ocrx_word' id='word_1_388' title='bbox 635 4923 689 4978; x_wconf 87' lang='lat' dir='ltr'>col.</span> <span class='ocrx_word' id='word_1_389' title='bbox 714 4922 790 4993; x_wconf 78' lang='grc'><strong><em>985.)</em></strong></span> 
     </span>
    </p>
   </div>
   <div class='ocr_carea' id='block_1_9' title="bbox 285 5054 634 5209">
    <p class='ocr_par' dir='ltr' id='par_1_9' title="bbox 285 5054 634 5209">
     <span class='ocr_line' id='line_1_56' title="bbox 285 5054 634 5111; baseline 0 -1"><span class='ocrx_word' id='word_1_390' title='bbox 285 5054 455 5110; x_wconf 77' lang='lat' dir='ltr'>EPISTOLd</span> <span class='ocrx_word' id='word_1_391' title='bbox 475 5055 634 5111; x_wconf 77' lang='lat' dir='ltr'>utdsbeii</span> 
     </span>
     <span class='ocr_line' id='line_1_57' title="bbox 372 5167 554 5209; baseline 0.011 -2"><span class='ocrx_word' id='word_1_392' title='bbox 372 5167 409 5208; x_wconf 85' lang='lat' dir='ltr'>in</span> <span class='ocrx_word' id='word_1_393' title='bbox 428 5168 554 5209; x_wconf 84' lang='lat' dir='ltr'>nuiinesi.</span> 
     </span>
    </p>
   </div>
   <div class='ocr_carea' id='block_1_10' title="bbox 93 5241 862 5325">
    <p class='ocr_par' dir='ltr' id='par_1_10' title="bbox 93 5241 862 5325">
     <span class='ocr_line' id='line_1_58' title="bbox 93 5241 862 5325; baseline 0.01 -24"><span class='ocrx_word' id='word_1_394' title='bbox 93 5241 213 5308; x_wconf 73' lang='lat' dir='ltr'>arnan</span> <span class='ocrx_word' id='word_1_395' title='bbox 228 5253 328 5309; x_wconf 85' lang='lat' dir='ltr'>clerici</span> <span class='ocrx_word' id='word_1_396' title='bbox 341 5252 531 5320; x_wconf 83' lang='lat' dir='ltr'>ordinatione,</span> <span class='ocrx_word' id='word_1_397' title='bbox 547 5253 632 5325; x_wconf 81' lang='lat' dir='ltr'>deque</span> <span class='ocrx_word' id='word_1_398' title='bbox 648 5255 789 5309; x_wconf 85' lang='lat' dir='ltr'>carcerali</span> <span class='ocrx_word' id='word_1_399' title='bbox 810 5271 862 5309; x_wconf 85' lang='lat' dir='ltr'>sno</span> 
     </span>
    </p>
   </div>
   <div class='ocr_carea' id='block_1_11' title="bbox 117 5317 861 5450">
    <p class='ocr_par' dir='ltr' id='par_1_11' title="bbox 117 5317 861 5450">
     <span class='ocr_line' id='line_1_59' title="bbox 117 5317 861 5447; baseline 0.015 -74"><span class='ocrx_word' id='word_1_400' title='bbox 117 5317 272 5447; x_wconf 40' lang='lat' dir='ltr'>&amp;tentione</span> <span class='ocrx_word' id='word_1_401' title='bbox 290 5327 317 5379; x_wconf 85' lang='lat' dir='ltr'>ct</span> <span class='ocrx_word' id='word_1_402' title='bbox 336 5324 559 5394; x_wconf 83' lang='lat' dir='ltr'>proclamatione</span> <span class='ocrx_word' id='word_1_403' title='bbox 582 5325 618 5379; x_wconf 85' lang='lat' dir='ltr'>ad</span> <span class='ocrx_word' id='word_1_404' title='bbox 641 5326 734 5380; x_wconf 84' lang='lat' dir='ltr'>sedam</span> <span class='ocrx_word' id='word_1_405' title='bbox 749 5329 861 5397; x_wconf 85' lang='lat' dir='ltr'>aposto-</span> 
     </span>
     <span class='ocr_line' id='line_1_60' title="bbox 144 5408 194 5450; baseline 0.08 -4"><span class='ocrx_word' id='word_1_406' title='bbox 144 5408 194 5450; x_wconf 88' lang='lat' dir='ltr'>am.</span> 
     </span>
    </p>
   </div>
   <div class='ocr_carea' id='block_1_12' title="bbox 255 5489 671 5562">
    <p class='ocr_par' dir='ltr' id='par_1_12' title="bbox 255 5489 671 5562">
     <span class='ocr_line' id='line_1_61' title="bbox 255 5489 671 5562; baseline 0 -15"><span class='ocrx_word' id='word_1_407' title='bbox 255 5489 336 5562; x_wconf 74' lang='lat' dir='ltr'>(Vide</span> <span class='ocrx_word' id='word_1_408' title='bbox 355 5489 402 5547; x_wconf 92' lang='lat' dir='ltr'>ubi</span> <span class='ocrx_word' id='word_1_409' title='bbox 424 5505 514 5561; x_wconf 85' lang='lat' dir='ltr'>supra,</span> <span class='ocrx_word' id='word_1_410' title='bbox 530 5490 580 5547; x_wconf 93' lang='lat' dir='ltr'>col.</span> <span class='ocrx_word' id='word_1_411' title='bbox 599 5491 671 5560; x_wconf 85' lang='lat' dir='ltr'>ead.)</span> 
     </span>
    </p>
   </div>
   <div class='ocr_carea' id='block_1_13' title="bbox 1156 453 1401 538">
    <p class='ocr_par' dir='ltr' id='par_1_13' title="bbox 1156 453 1401 538">
     <span class='ocr_line' id='line_1_62' title="bbox 1156 453 1401 538; baseline 0.004 -30"><span class='ocrx_word' id='word_1_412' title='bbox 1156 453 1401 538; x_wconf 46' lang='lat' dir='ltr'>,cauriacum</span> 
     </span>
    </p>
   </div>
   <div class='ocr_carea' id='block_1_14' title="bbox 905 562 1703 650">
    <p class='ocr_par' dir='ltr' id='par_1_14' title="bbox 905 562 1703 650">
     <span class='ocr_line' id='line_1_63' title="bbox 905 562 1703 650; baseline 0.009 -35"><span class='ocrx_word' id='word_1_413' title='bbox 905 562 943 616; x_wconf 85' lang='lat' dir='ltr'>Ab</span> <span class='ocrx_word' id='word_1_414' title='bbox 955 563 1105 619; x_wconf 85' lang='lat' dir='ltr'>llincmaro</span> <span class='ocrx_word' id='word_1_415' title='bbox 1118 564 1298 619; x_wconf 80' lang='lat' dir='ltr'>londonensi</span> <span class='ocrx_word' id='word_1_416' title='bbox 1307 566 1458 621; x_wconf 85' lang='lat' dir='ltr'>ilincmaro</span> <span class='ocrx_word' id='word_1_417' title='bbox 1469 564 1619 622; x_wconf 77' lang='lat' dir='ltr'>libanensi</span> <span class='ocrx_word' id='word_1_418' title='bbox 1628 565 1703 650; x_wconf 77' lang='lat' dir='ltr'>npnd</span> 
     </span>
    </p>
   </div>
   <div class='ocr_carea' id='block_1_15' title="bbox 941 633 1703 774">
    <p class='ocr_par' dir='ltr' id='par_1_15' title="bbox 941 633 1703 774">
     <span class='ocr_line' id='line_1_64' title="bbox 941 633 1703 774; baseline 0.007 -87"><span class='ocrx_word' id='word_1_419' title='bbox 941 633 1076 774; x_wconf 49' lang='lat' dir='ltr'>Qnfflfi</span> <span class='ocrx_word' id='word_1_420' title='bbox 1090 634 1190 690; x_wconf 84' lang='lat' dir='ltr'>villani</span> <span class='ocrx_word' id='word_1_421' title='bbox 1204 636 1293 690; x_wconf 84' lang='lat' dir='ltr'>missa</span> <span class='ocrx_word' id='word_1_422' title='bbox 1305 653 1357 707; x_wconf 85' lang='lat' dir='ltr'>per</span> <span class='ocrx_word' id='word_1_423' title='bbox 1372 637 1543 693; x_wconf 82' lang='lat' dir='ltr'>cht&#39;lcncm</span> <span class='ocrx_word' id='word_1_424' title='bbox 1554 637 1703 712; x_wconf 75' lang='lat' dir='ltr'>archiepis·</span> 
     </span>
    </p>
   </div>
   <div class='ocr_carea' id='block_1_16' title="bbox 976 790 1631 864">
    <p class='ocr_par' dir='ltr' id='par_1_16' title="bbox 976 790 1631 864">
     <span class='ocr_line' id='line_1_65' title="bbox 976 790 1631 864; baseline 0.009 -20"><span class='ocrx_word' id='word_1_425' title='bbox 976 790 1056 860; x_wconf 90' lang='lat' dir='ltr'>(Vide</span> <span class='ocrx_word' id='word_1_426' title='bbox 1071 792 1234 864; x_wconf 83' lang='lat' dir='ltr'>Patrologire</span> <span class='ocrx_word' id='word_1_427' title='bbox 1250 800 1314 848; x_wconf 92' lang='lat' dir='ltr'>tom.</span> <span class='ocrx_word' id='word_1_428' title='bbox 1331 793 1453 860; x_wconf 81' lang='lat' dir='ltr'>cxxii,</span> <span class='ocrx_word' id='word_1_429' title='bbox 1470 793 1522 850; x_wconf 90' lang='lat' dir='ltr'>cal.</span> <span class='ocrx_word' id='word_1_430' title='bbox 1540 795 1631 864; x_wconf 78' lang='lat' dir='ltr'>idol.)</span> 
     </span>
    </p>
   </div>
   <div class='ocr_carea' id='block_1_17' title="bbox 922 998 1687 1077">
    <p class='ocr_par' dir='ltr' id='par_1_17' title="bbox 922 998 1687 1077">
     <span class='ocr_line' id='line_1_66' title="bbox 922 998 1687 1077; baseline 0.009 -9"><span class='ocrx_word' id='word_1_431' title='bbox 922 998 1221 1073; x_wconf 84' lang='lat' dir='ltr'><strong>OPUSCULUM·</strong></span> <span class='ocrx_word' id='word_1_432' title='bbox 1247 1003 1307 1074; x_wconf 91' lang='lat' dir='ltr'>LV</span> <span class='ocrx_word' id='word_1_433' title='bbox 1350 1002 1687 1077; x_wconf 80' lang='lat' dir='ltr'>CAPITULORUM</span> 
     </span>
    </p>
   </div>
   <div class='ocr_carea' id='block_1_18' title="bbox 1235 1138 1377 1179">
    <p class='ocr_par' dir='ltr' id='par_1_18' title="bbox 1235 1138 1377 1179">
     <span class='ocr_line' id='line_1_67' title="bbox 1235 1138 1377 1179; baseline 0.007 -1"><span class='ocrx_word' id='word_1_434' title='bbox 1235 1138 1377 1179; x_wconf 74' lang='lat' dir='ltr'>ADVERSUS</span> 
     </span>
    </p>
   </div>
   <div class='ocr_carea' id='block_1_19' title="bbox 1053 1220 1553 1373">
    <p class='ocr_par' dir='ltr' id='par_1_19' title="bbox 1053 1220 1553 1373">
     <span class='ocr_line' id='line_1_68' title="bbox 1053 1220 1553 1278; baseline 0.01 -5"><span class='ocrx_word' id='word_1_435' title='bbox 1053 1220 1263 1277; x_wconf 80' lang='lat' dir='ltr'>uinciiaadit</span> <span class='ocrx_word' id='word_1_436' title='bbox 1282 1223 1553 1278; x_wconf 83' lang='lat' dir='ltr'>LAUDUNENSEM.</span> 
     </span>
     <span class='ocr_line' id='line_1_69' title="bbox 1173 1317 1444 1373; baseline 0.004 -11"><span class='ocrx_word' id='word_1_437' title='bbox 1173 1319 1252 1373; x_wconf 85' lang='lat' dir='ltr'>(Apud</span> <span class='ocrx_word' id='word_1_438' title='bbox 1266 1317 1444 1371; x_wconf 84' lang='lat' dir='ltr'>Sirmondum.)</span> 
     </span>
    </p>
   </div>
   <div class='ocr_carea' id='block_1_20' title="bbox 1155 1395 1452 1454">
    <p class='ocr_par' dir='ltr' id='par_1_20' title="bbox 1155 1395 1452 1454">
     <span class='ocr_line' id='line_1_70' title="bbox 1155 1395 1452 1454; baseline 0.007 -6"><span class='ocrx_word' id='word_1_439' title='bbox 1155 1395 1268 1450; x_wconf 87' lang='lat' dir='ltr'>INDEX</span> <span class='ocrx_word' id='word_1_440' title='bbox 1291 1396 1452 1454; x_wconf 77' lang='lat' dir='ltr'>carticii.</span> 
     </span>
    </p>
   </div>
   <div class='ocr_carea' id='block_1_21' title="bbox 905 1489 1704 1710">
    <p class='ocr_par' dir='ltr' id='par_1_21' title="bbox 905 1489 1704 1710">
     <span class='ocr_line' id='line_1_71' title="bbox 933 1489 1702 1556; baseline 0.007 -21"><span class='ocrx_word' id='word_1_441' title='bbox 933 1493 959 1552; x_wconf 80' lang='lat' dir='ltr'>iu</span> <span class='ocrx_word' id='word_1_442' title='bbox 970 1489 1083 1546; x_wconf 85' lang='lat' dir='ltr'>epistolia</span> <span class='ocrx_word' id='word_1_443' title='bbox 1092 1490 1387 1556; x_wconf 73' lang='lat' dir='ltr'>eapitaosteiiditurqnae</span> <span class='ocrx_word' id='word_1_444' title='bbox 1398 1493 1460 1539; x_wconf 90' lang='lat' dir='ltr'>milii</span> <span class='ocrx_word' id='word_1_445' title='bbox 1469 1495 1702 1556; x_wconf 59' lang='lat' dir='ltr'>mundanamque</span> 
     </span>
     <span class='ocr_line' id='line_1_72' title="bbox 905 1542 1704 1652; baseline 0.008 -11"><span class='ocrx_word' id='word_1_446' title='bbox 905 1542 1704 1652; x_wconf 62' lang='lat' dir='ltr'>iiiiiitdtitiiiiitidd&#39;tisiiia‘ittiitiliiiti‘iz</span> 
     </span>
     <span class='ocr_line' id='line_1_73' title="bbox 906 1611 1677 1710; baseline 0.006 -16"><span class='ocrx_word' id='word_1_447' title='bbox 906 1650 1024 1704; x_wconf 82' lang='lat' dir='ltr'>recidam,</span> <span class='ocrx_word' id='word_1_448' title='bbox 1040 1654 1064 1695; x_wconf 88' lang='lat' dir='ltr'>et</span> <span class='ocrx_word' id='word_1_449' title='bbox 1075 1660 1123 1694; x_wconf 90' lang='lat' dir='ltr'>non</span> <span class='ocrx_word' id='word_1_450' title='bbox 1139 1651 1247 1696; x_wconf 88' lang='lat' dir='ltr'>attendit</span> <span class='ocrx_word' id='word_1_451' title='bbox 1257 1634 1367 1708; x_wconf 78' lang='lat' dir='ltr'>qualiter</span> <span class='ocrx_word' id='word_1_452' title='bbox 1379 1653 1492 1709; x_wconf 89' lang='lat' dir='ltr'>seipsum</span> <span class='ocrx_word' id='word_1_453' title='bbox 1504 1611 1677 1710; x_wconf 82' lang='lat' dir='ltr'>illaqueavit.p</span> 
     </span>
    </p>
   </div>
   <div class='ocr_carea' id='block_1_22' title="bbox 777 1709 1704 1789">
    <p class='ocr_par' dir='ltr' id='par_1_22' title="bbox 777 1709 1704 1789">
     <span class='ocr_line' id='line_1_74' title="bbox 777 1709 1704 1789; baseline 0.004 -14"><span class='ocrx_word' id='word_1_454' title='bbox 777 1709 895 1775; x_wconf 80' lang='lat' dir='ltr'>essusB</span> <span class='ocrx_word' id='word_1_455' title='bbox 933 1732 987 1773; x_wconf 87' lang='lat' dir='ltr'>cir.</span> <span class='ocrx_word' id='word_1_456' title='bbox 1002 1731 1021 1775; x_wconf 92' lang='lat' dir='ltr'>i.</span> <span class='ocrx_word' id='word_1_457' title='bbox 1040 1729 1161 1775; x_wconf 74' lang='lat' dir='ltr'>Redditur</span> <span class='ocrx_word' id='word_1_458' title='bbox 1179 1730 1243 1776; x_wconf 90' lang='lat' dir='ltr'>ratio</span> <span class='ocrx_word' id='word_1_459' title='bbox 1262 1732 1293 1777; x_wconf 92' lang='lat' dir='ltr'>de</span> <span class='ocrx_word' id='word_1_460' title='bbox 1312 1732 1462 1788; x_wconf 81' lang='lat' dir='ltr'>capellada</span> <span class='ocrx_word' id='word_1_461' title='bbox 1480 1742 1530 1789; x_wconf 93' lang='lat' dir='ltr'>qua</span> <span class='ocrx_word' id='word_1_462' title='bbox 1549 1732 1610 1779; x_wconf 90' lang='lat' dir='ltr'>milii</span> <span class='ocrx_word' id='word_1_463' title='bbox 1628 1743 1704 1779; x_wconf 87' lang='lat' dir='ltr'>man-</span> 
     </span>
    </p>
   </div>
   <div class='ocr_carea' id='block_1_23' title="bbox 907 1782 985 1827">
    <p class='ocr_par' dir='ltr' id='par_1_23' title="bbox 907 1782 985 1827">
     <span class='ocr_line' id='line_1_75' title="bbox 907 1782 985 1827; baseline 0 0"><span class='ocrx_word' id='word_1_464' title='bbox 907 1782 985 1827; x_wconf 91' lang='lat' dir='ltr'>davit.</span> 
     </span>
    </p>
   </div>
   <div class='ocr_carea' id='block_1_24' title="bbox 908 1862 1704 2030">
    <p class='ocr_par' dir='ltr' id='par_1_24' title="bbox 908 1862 1704 2030">
     <span class='ocr_line' id='line_1_76' title="bbox 935 1862 1703 1921; baseline 0.005 -14"><span class='ocrx_word' id='word_1_465' title='bbox 935 1864 1078 1907; x_wconf 70' lang='lat' dir='ltr'>caelibe</span> <span class='ocrx_word' id='word_1_466' title='bbox 1093 1862 1308 1909; x_wconf 84' lang='lat' dir='ltr'>administratione</span> <span class='ocrx_word' id='word_1_467' title='bbox 1326 1863 1412 1918; x_wconf 89' lang='lat' dir='ltr'>palatii</span> <span class='ocrx_word' id='word_1_468' title='bbox 1431 1867 1456 1910; x_wconf 91' lang='lat' dir='ltr'>ct</span> <span class='ocrx_word' id='word_1_469' title='bbox 1479 1864 1579 1910; x_wconf 86' lang='lat' dir='ltr'>abbatia</span> <span class='ocrx_word' id='word_1_470' title='bbox 1604 1866 1703 1921; x_wconf 85' lang='lat' dir='ltr'>adeptis</span> 
     </span>
     <span class='ocr_line' id='line_1_77' title="bbox 908 1917 1704 1973; baseline 0.004 -12"><span class='ocrx_word' id='word_1_471' title='bbox 908 1919 1109 1961; x_wconf 88' lang='lat' dir='ltr'>contracanouee</span> <span class='ocrx_word' id='word_1_472' title='bbox 1119 1931 1124 1959; x_wconf 77' lang='lat' dir='ltr'>z</span> <span class='ocrx_word' id='word_1_473' title='bbox 1133 1919 1158 1961; x_wconf 89' lang='lat' dir='ltr'>et</span> <span class='ocrx_word' id='word_1_474' title='bbox 1167 1917 1286 1972; x_wconf 90' lang='lat' dir='ltr'>quoniam</span> <span class='ocrx_word' id='word_1_475' title='bbox 1294 1920 1397 1961; x_wconf 82' lang='lat' dir='ltr'>vocatus</span> <span class='ocrx_word' id='word_1_476' title='bbox 1404 1917 1552 1973; x_wconf 87' lang='lat' dir='ltr'>adopiseopi</span> <span class='ocrx_word' id='word_1_477' title='bbox 1563 1919 1704 1964; x_wconf 89' lang='lat' dir='ltr'>ordinatia-</span> 
     </span>
     <span class='ocr_line' id='line_1_78' title="bbox 908 1970 1704 2030; baseline 0.006 -17"><span class='ocrx_word' id='word_1_478' title='bbox 908 1979 966 2013; x_wconf 86' lang='lat' dir='ltr'>nem</span> <span class='ocrx_word' id='word_1_479' title='bbox 978 1978 1028 2013; x_wconf 92' lang='lat' dir='ltr'>iion</span> <span class='ocrx_word' id='word_1_480' title='bbox 1039 1970 1116 2020; x_wconf 77' lang='lat' dir='ltr'>veuit</span> <span class='ocrx_word' id='word_1_481' title='bbox 1127 1970 1219 2030; x_wconf 81' lang='lat' dir='ltr'>etquid</span> <span class='ocrx_word' id='word_1_482' title='bbox 1232 1970 1290 2014; x_wconf 87' lang='lat' dir='ltr'>inde</span> <span class='ocrx_word' id='word_1_483' title='bbox 1300 1979 1371 2014; x_wconf 89' lang='lat' dir='ltr'>corre</span> <span class='ocrx_word' id='word_1_484' title='bbox 1391 1973 1430 2014; x_wconf 91' lang='lat' dir='ltr'>tus</span> <span class='ocrx_word' id='word_1_485' title='bbox 1444 1971 1581 2026; x_wconf 86' lang='lat' dir='ltr'>respondit,</span> <span class='ocrx_word' id='word_1_486' title='bbox 1593 1976 1618 2018; x_wconf 89' lang='lat' dir='ltr'>et</span> <span class='ocrx_word' id='word_1_487' title='bbox 1627 1972 1659 2018; x_wconf 91' lang='lat' dir='ltr'>de</span> <span class='ocrx_word' id='word_1_488' title='bbox 1671 1972 1704 2017; x_wconf 90' lang='lat' dir='ltr'>ir-</span> 
     </span>
    </p>
   </div>
   <div class='ocr_carea' id='block_1_25' title="bbox 908 1980 1447 2077">
    <p class='ocr_par' dir='ltr' id='par_1_25' title="bbox 908 1980 1447 2077">
     <span class='ocr_line' id='line_1_79' title="bbox 908 1980 1447 2077; baseline -0.002 -10"><span class='ocrx_word' id='word_1_489' title='bbox 908 2022 1018 2077; x_wconf 81' lang='lat' dir='ltr'>regulari</span> <span class='ocrx_word' id='word_1_490' title='bbox 1032 2022 1290 2067; x_wconf 82' lang='lat' dir='ltr'>excommunicatione</span> <span class='ocrx_word' id='word_1_491' title='bbox 1304 1980 1447 2069; x_wconf 54' lang='lat' dir='ltr'>amalgerii.</span> 
     </span>
    </p>
   </div>
   <div class='ocr_carea' id='block_1_26' title="bbox 909 2104 1702 2213">
    <p class='ocr_par' dir='ltr' id='par_1_26' title="bbox 909 2104 1702 2213">
     <span class='ocr_line' id='line_1_80' title="bbox 936 2104 1702 2165; baseline 0.007 -16"><span class='ocrx_word' id='word_1_492' title='bbox 936 2107 990 2149; x_wconf 82' lang='lat' dir='ltr'>cir.</span> <span class='ocrx_word' id='word_1_493' title='bbox 1003 2106 1043 2149; x_wconf 90' lang='lat' dir='ltr'>iii.</span> <span class='ocrx_word' id='word_1_494' title='bbox 1054 2106 1087 2149; x_wconf 83' lang='lat' dir='ltr'>be</span> <span class='ocrx_word' id='word_1_495' title='bbox 1099 2104 1231 2159; x_wconf 79' lang='lat' dir='ltr'>irregulari</span> <span class='ocrx_word' id='word_1_496' title='bbox 1238 2105 1495 2165; x_wconf 82' lang='lat' dir='ltr'>excommunicatione</span> <span class='ocrx_word' id='word_1_497' title='bbox 1507 2105 1532 2152; x_wconf 93' lang='lat' dir='ltr'>in</span> <span class='ocrx_word' id='word_1_498' title='bbox 1545 2106 1702 2154; x_wconf 87' lang='lat' dir='ltr'>diversorum</span> 
     </span>
     <span class='ocr_line' id='line_1_81' title="bbox 909 2158 1404 2213; baseline 0.002 -11"><span class='ocrx_word' id='word_1_499' title='bbox 909 2158 1086 2213; x_wconf 86' lang='lat' dir='ltr'>episcoporum</span> <span class='ocrx_word' id='word_1_500' title='bbox 1097 2158 1262 2213; x_wconf 83' lang='lat' dir='ltr'>parochianos</span> <span class='ocrx_word' id='word_1_501' title='bbox 1275 2160 1404 2203; x_wconf 90' lang='lat' dir='ltr'>intentata.</span> 
     </span>
    </p>
   </div>
   <div class='ocr_carea' id='block_1_27' title="bbox 909 2236 1704 2394">
    <p class='ocr_par' dir='ltr' id='par_1_27' title="bbox 909 2236 1704 2394">
     <span class='ocr_line' id='line_1_82' title="bbox 936 2236 1704 2335; baseline 0.004 -54"><span class='ocrx_word' id='word_1_502' title='bbox 936 2239 991 2281; x_wconf 86' lang='lat' dir='ltr'>cir.</span> <span class='ocrx_word' id='word_1_503' title='bbox 1003 2238 1040 2297; x_wconf 70' lang='lat' dir='ltr'>iv.</span> <span class='ocrx_word' id='word_1_504' title='bbox 1051 2238 1085 2297; x_wconf 79' lang='lat' dir='ltr'>be</span> <span class='ocrx_word' id='word_1_505' title='bbox 1098 2236 1146 2281; x_wconf 88' lang='lat' dir='ltr'>iioc</span> <span class='ocrx_word' id='word_1_506' title='bbox 1158 2236 1225 2292; x_wconf 89' lang='lat' dir='ltr'>quod</span> <span class='ocrx_word' id='word_1_507' title='bbox 1237 2237 1373 2298; x_wconf 72' lang='lat' dir='ltr'>mandavitl</span> <span class='ocrx_word' id='word_1_508' title='bbox 1392 2239 1420 2298; x_wconf 88' lang='lat' dir='ltr'>ut</span> <span class='ocrx_word' id='word_1_509' title='bbox 1431 2236 1524 2335; x_wconf 53' lang='lat' dir='ltr'>⁸⁰¹ng</span> <span class='ocrx_word' id='word_1_510' title='bbox 1544 2245 1589 2291; x_wconf 87' lang='lat' dir='ltr'>pro</span> <span class='ocrx_word' id='word_1_511' title='bbox 1607 2236 1704 2284; x_wconf 89' lang='lat' dir='ltr'>dissot-</span> 
     </span>
     <span class='ocr_line' id='line_1_83' title="bbox 909 2288 1703 2346; baseline 0.004 -12"><span class='ocrx_word' id='word_1_512' title='bbox 909 2290 989 2334; x_wconf 89' lang='lat' dir='ltr'>vendn</span> <span class='ocrx_word' id='word_1_513' title='bbox 1002 2288 1088 2333; x_wconf 85' lang='lat' dir='ltr'>illicita</span> <span class='ocrx_word' id='word_1_514' title='bbox 1098 2290 1357 2335; x_wconf 82' lang='lat' dir='ltr'>excommunicatione</span> <span class='ocrx_word' id='word_1_515' title='bbox 1367 2289 1444 2346; x_wconf 84' lang='lat' dir='ltr'>illius,</span> <span class='ocrx_word' id='word_1_516' title='bbox 1463 2299 1483 2335; x_wconf 86' lang='lat' dir='ltr'>si</span> <span class='ocrx_word' id='word_1_517' title='bbox 1504 2301 1511 2335; x_wconf 94' lang='lat' dir='ltr'>i</span> <span class='ocrx_word' id='word_1_518' title='bbox 1531 2293 1557 2336; x_wconf 92' lang='lat' dir='ltr'>et</span> <span class='ocrx_word' id='word_1_519' title='bbox 1575 2290 1703 2344; x_wconf 73' lang='lat' dir='ltr'>parocbia</span> 
     </span>
     <span class='ocr_line' id='line_1_84' title="bbox 909 2340 1256 2394; baseline -0.003 -7"><span class='ocrx_word' id='word_1_520' title='bbox 909 2352 962 2388; x_wconf 81' lang='lat' dir='ltr'>auae</span> <span class='ocrx_word' id='word_1_521' title='bbox 972 2341 1076 2394; x_wconf 83' lang='lat' dir='ltr'>directa,</span> <span class='ocrx_word' id='word_1_522' title='bbox 1088 2340 1256 2387; x_wconf 91' lang='lat' dir='ltr'>incenderem.</span> 
     </span>
    </p>
   </div>
   <div class='ocr_carea' id='block_1_28' title="bbox 909 2420 1704 2636">
    <p class='ocr_par' dir='ltr' id='par_1_28' title="bbox 909 2420 1704 2636">
     <span class='ocr_line' id='line_1_85' title="bbox 936 2420 1704 2478; baseline 0.003 -10"><span class='ocrx_word' id='word_1_523' title='bbox 936 2426 991 2468; x_wconf 86' lang='lat' dir='ltr'>cir.</span> <span class='ocrx_word' id='word_1_524' title='bbox 1007 2424 1031 2465; x_wconf 80' lang='lat' dir='ltr'>v.</span> <span class='ocrx_word' id='word_1_525' title='bbox 1043 2423 1077 2466; x_wconf 79' lang='lat' dir='ltr'>lie</span> <span class='ocrx_word' id='word_1_526' title='bbox 1087 2429 1118 2465; x_wconf 89' lang='lat' dir='ltr'>eo</span> <span class='ocrx_word' id='word_1_527' title='bbox 1128 2422 1195 2477; x_wconf 91' lang='lat' dir='ltr'>quod</span> <span class='ocrx_word' id='word_1_528' title='bbox 1206 2421 1307 2477; x_wconf 90' lang='lat' dir='ltr'>gloriari</span> <span class='ocrx_word' id='word_1_529' title='bbox 1319 2420 1414 2467; x_wconf 85' lang='lat' dir='ltr'>dieitur</span> <span class='ocrx_word' id='word_1_530' title='bbox 1422 2422 1481 2478; x_wconf 89' lang='lat' dir='ltr'>quia</span> <span class='ocrx_word' id='word_1_531' title='bbox 1496 2422 1558 2467; x_wconf 91' lang='lat' dir='ltr'>milii</span> <span class='ocrx_word' id='word_1_532' title='bbox 1568 2424 1651 2478; x_wconf 90' lang='lat' dir='ltr'>potest</span> <span class='ocrx_word' id='word_1_533' title='bbox 1660 2434 1704 2470; x_wconf 89' lang='lat' dir='ltr'>re-</span> 
     </span>
     <span class='ocr_line' id='line_1_86' title="bbox 909 2474 1704 2537; baseline 0.003 -17"><span class='ocrx_word' id='word_1_534' title='bbox 909 2475 1009 2524; x_wconf 87' lang='lat' dir='ltr'>sistere,</span> <span class='ocrx_word' id='word_1_535' title='bbox 1024 2475 1048 2519; x_wconf 93' lang='lat' dir='ltr'>et</span> <span class='ocrx_word' id='word_1_536' title='bbox 1061 2483 1100 2519; x_wconf 90' lang='lat' dir='ltr'>me</span> <span class='ocrx_word' id='word_1_537' title='bbox 1110 2474 1185 2535; x_wconf 83' lang='lat' dir='ltr'>audet</span> <span class='ocrx_word' id='word_1_538' title='bbox 1196 2476 1356 2520; x_wconf 90' lang='lat' dir='ltr'>contemnere</span> <span class='ocrx_word' id='word_1_539' title='bbox 1368 2490 1373 2519; x_wconf 94' lang='lat'><strong>:</strong></span> <span class='ocrx_word' id='word_1_540' title='bbox 1384 2479 1408 2520; x_wconf 89' lang='lat' dir='ltr'>et</span> <span class='ocrx_word' id='word_1_541' title='bbox 1418 2475 1476 2537; x_wconf 88' lang='lat' dir='ltr'>quie</span> <span class='ocrx_word' id='word_1_542' title='bbox 1484 2475 1535 2521; x_wconf 92' lang='lat' dir='ltr'>duo</span> <span class='ocrx_word' id='word_1_543' title='bbox 1543 2485 1599 2521; x_wconf 91' lang='lat' dir='ltr'>mea</span> <span class='ocrx_word' id='word_1_544' title='bbox 1607 2476 1704 2532; x_wconf 79' lang='lat' dir='ltr'>iudicia</span> 
     </span>
     <span class='ocr_line' id='line_1_87' title="bbox 909 2526 1704 2636; baseline 0.006 -65"><span class='ocrx_word' id='word_1_545' title='bbox 909 2526 1162 2636; x_wconf 53' lang='lat' dir='ltr'>{pgfflgrgfmwhffl</span> <span class='ocrx_word' id='word_1_546' title='bbox 1181 2529 1241 2573; x_wconf 89' lang='lat' dir='ltr'>suut</span> <span class='ocrx_word' id='word_1_547' title='bbox 1263 2529 1377 2584; x_wconf 86' lang='lat' dir='ltr'>cassata,</span> <span class='ocrx_word' id='word_1_548' title='bbox 1401 2528 1461 2574; x_wconf 90' lang='lat' dir='ltr'>niibi</span> <span class='ocrx_word' id='word_1_549' title='bbox 1481 2538 1532 2573; x_wconf 90' lang='lat' dir='ltr'>nan</span> <span class='ocrx_word' id='word_1_550' title='bbox 1551 2529 1643 2576; x_wconf 83' lang='lat' dir='ltr'>debeat</span> <span class='ocrx_word' id='word_1_551' title='bbox 1662 2540 1704 2577; x_wconf 89' lang='lat' dir='ltr'>re·</span> 
     </span>
    </p>
   </div>
   <div class='ocr_carea' id='block_1_29' title="bbox 909 2658 1705 2821">
    <p class='ocr_par' dir='ltr' id='par_1_29' title="bbox 909 2658 1705 2821">
     <span class='ocr_line' id='line_1_88' title="bbox 936 2658 1705 2722; baseline 0.001 -17"><span class='ocrx_word' id='word_1_552' title='bbox 936 2663 991 2706; x_wconf 84' lang='lat' dir='ltr'>cir.</span> <span class='ocrx_word' id='word_1_553' title='bbox 1002 2662 1039 2722; x_wconf 68' lang='lat' dir='ltr'>iil.</span> <span class='ocrx_word' id='word_1_554' title='bbox 1053 2662 1087 2705; x_wconf 85' lang='lat' dir='ltr'>be</span> <span class='ocrx_word' id='word_1_555' title='bbox 1097 2669 1127 2705; x_wconf 91' lang='lat' dir='ltr'>eo</span> <span class='ocrx_word' id='word_1_556' title='bbox 1137 2659 1205 2720; x_wconf 84' lang='lat' dir='ltr'>quod</span> <span class='ocrx_word' id='word_1_557' title='bbox 1214 2658 1307 2704; x_wconf 91' lang='lat' dir='ltr'>dicitur</span> <span class='ocrx_word' id='word_1_558' title='bbox 1315 2659 1396 2703; x_wconf 88' lang='lat' dir='ltr'>solere</span> <span class='ocrx_word' id='word_1_559' title='bbox 1411 2659 1501 2720; x_wconf 83' lang='lat' dir='ltr'>dicere,</span> <span class='ocrx_word' id='word_1_560' title='bbox 1520 2661 1640 2722; x_wconf 83' lang='lat' dir='ltr'>quoniam</span> <span class='ocrx_word' id='word_1_561' title='bbox 1659 2661 1705 2706; x_wconf 89' lang='lat' dir='ltr'>de-</span> 
     </span>
     <span class='ocr_line' id='line_1_89' title="bbox 909 2711 1704 2821; baseline 0.003 -63"><span class='ocrx_word' id='word_1_562' title='bbox 909 2714 1009 2821; x_wconf 52' lang='grc' dir='ltr'>ῇὲιιᾶᾱνιιίιὶι</span> <span class='ocrx_word' id='word_1_563' title='bbox 1027 2712 1141 2766; x_wconf 87' lang='lat' dir='ltr'>debeam,</span> <span class='ocrx_word' id='word_1_564' title='bbox 1162 2721 1223 2768; x_wconf 90' lang='lat' dir='ltr'>quia</span> <span class='ocrx_word' id='word_1_565' title='bbox 1246 2712 1272 2756; x_wconf 94' lang='lat' dir='ltr'>in</span> <span class='ocrx_word' id='word_1_566' title='bbox 1292 2721 1336 2756; x_wconf 91' lang='lat' dir='ltr'>sua</span> <span class='ocrx_word' id='word_1_567' title='bbox 1358 2711 1551 2767; x_wconf 89' lang='lat' dir='ltr'>parocbiaaolvi</span> <span class='ocrx_word' id='word_1_568' title='bbox 1573 2724 1630 2770; x_wconf 77' lang='lat' dir='ltr'>qua</span> <span class='ocrx_word' id='word_1_569' title='bbox 1648 2715 1704 2770; x_wconf 90' lang='lat' dir='ltr'>ipse</span> 
     </span>
    </p>
   </div>
   <div class='ocr_carea' id='block_1_30' title="bbox 910 2845 1702 2956">
    <p class='ocr_par' dir='ltr' id='par_1_30' title="bbox 910 2845 1702 2956">
     <span class='ocr_line' id='line_1_90' title="bbox 937 2845 1702 2946; baseline 0 -54"><span class='ocrx_word' id='word_1_570' title='bbox 937 2849 990 2892; x_wconf 83' lang='lat' dir='ltr'>cir.</span> <span class='ocrx_word' id='word_1_571' title='bbox 1013 2849 1061 2892; x_wconf 86' lang='lat' dir='ltr'>vti.</span> <span class='ocrx_word' id='word_1_572' title='bbox 1076 2849 1164 2910; x_wconf 39' lang='lat' dir='ltr'>,been</span> <span class='ocrx_word' id='word_1_573' title='bbox 1183 2847 1251 2946; x_wconf 65' lang='lat' dir='ltr'>quod</span> <span class='ocrx_word' id='word_1_574' title='bbox 1270 2856 1320 2893; x_wconf 95' lang='lat' dir='ltr'>non</span> <span class='ocrx_word' id='word_1_575' title='bbox 1339 2845 1508 2908; x_wconf 76' lang='lat' dir='ltr'>ecclesiastico</span> <span class='ocrx_word' id='word_1_576' title='bbox 1525 2846 1571 2892; x_wconf 86' lang='lat' dir='ltr'>sed</span> <span class='ocrx_word' id='word_1_577' title='bbox 1588 2845 1702 2894; x_wconf 83' lang='lat' dir='ltr'>saeculari</span> 
     </span>
     <span class='ocr_line' id='line_1_91' title="bbox 910 2900 1501 2956; baseline -0.003 -10"><span class='ocrx_word' id='word_1_578' title='bbox 910 2900 1025 2946; x_wconf 87' lang='lat' dir='ltr'>consultu</span> <span class='ocrx_word' id='word_1_579' title='bbox 1036 2911 1050 2944; x_wconf 91' lang='lat' dir='ltr'>a</span> <span class='ocrx_word' id='word_1_580' title='bbox 1061 2900 1109 2945; x_wconf 85' lang='lat' dir='ltr'>sibi</span> <span class='ocrx_word' id='word_1_581' title='bbox 1121 2910 1188 2955; x_wconf 85' lang='lat' dir='ltr'>impe</span> <span class='ocrx_word' id='word_1_582' title='bbox 1202 2903 1243 2945; x_wconf 92' lang='lat' dir='ltr'>itis</span> <span class='ocrx_word' id='word_1_583' title='bbox 1255 2910 1355 2956; x_wconf 88' lang='lat' dir='ltr'>purgari</span> <span class='ocrx_word' id='word_1_584' title='bbox 1375 2900 1501 2956; x_wconf 80' lang='lat' dir='ltr'>quaestvli.</span> 
     </span>
    </p>
   </div>
   <div class='ocr_carea' id='block_1_31' title="bbox 909 2966 1704 3076">
    <p class='ocr_par' dir='ltr' id='par_1_31' title="bbox 909 2966 1704 3076">
     <span class='ocr_line' id='line_1_92' title="bbox 937 2966 1704 3023; baseline 0.004 -12"><span class='ocrx_word' id='word_1_585' title='bbox 937 2970 991 3012; x_wconf 79' lang='lat' dir='ltr'>ciii.</span> <span class='ocrx_word' id='word_1_586' title='bbox 1002 2969 1063 3012; x_wconf 81' lang='lat' dir='ltr'>iiii.</span> <span class='ocrx_word' id='word_1_587' title='bbox 1079 2970 1113 3012; x_wconf 79' lang='lat' dir='ltr'>ite</span> <span class='ocrx_word' id='word_1_588' title='bbox 1125 2967 1237 3022; x_wconf 87' lang='lat' dir='ltr'>epistolis</span> <span class='ocrx_word' id='word_1_589' title='bbox 1247 2967 1341 3013; x_wconf 91' lang='lat' dir='ltr'>domno</span> <span class='ocrx_word' id='word_1_590' title='bbox 1359 2966 1412 3022; x_wconf 92' lang='lat' dir='ltr'>regi</span> <span class='ocrx_word' id='word_1_591' title='bbox 1430 2966 1456 3012; x_wconf 92' lang='lat' dir='ltr'>et</span> <span class='ocrx_word' id='word_1_592' title='bbox 1474 2966 1535 3012; x_wconf 86' lang='lat' dir='ltr'>mibi</span> <span class='ocrx_word' id='word_1_593' title='bbox 1556 2975 1601 3023; x_wconf 89' lang='lat' dir='ltr'>pro</span> <span class='ocrx_word' id='word_1_594' title='bbox 1621 2967 1704 3015; x_wconf 88' lang='lat' dir='ltr'>recla-</span> 
     </span>
     <span class='ocr_line' id='line_1_93' title="bbox 909 3020 1468 3076; baseline -0.002 -11"><span class='ocrx_word' id='word_1_595' title='bbox 909 3021 1020 3066; x_wconf 89' lang='lat' dir='ltr'>matione</span> <span class='ocrx_word' id='word_1_596' title='bbox 1032 3030 1102 3065; x_wconf 89' lang='lat' dir='ltr'>suaa</span> <span class='ocrx_word' id='word_1_597' title='bbox 1117 3020 1210 3066; x_wconf 91' lang='lat' dir='ltr'>domno</span> <span class='ocrx_word' id='word_1_598' title='bbox 1225 3020 1365 3076; x_wconf 90' lang='lat' dir='ltr'>apostolico</span> <span class='ocrx_word' id='word_1_599' title='bbox 1375 3020 1468 3065; x_wconf 87' lang='lat' dir='ltr'>missis.</span> 
     </span>
    </p>
   </div>
   <div class='ocr_carea' id='block_1_32' title="bbox 936 3098 1518 3145">
    <p class='ocr_par' dir='ltr' id='par_1_32' title="bbox 936 3098 1518 3145">
     <span class='ocr_line' id='line_1_94' title="bbox 936 3098 1518 3145; baseline -0.002 0"><span class='ocrx_word' id='word_1_600' title='bbox 936 3102 991 3145; x_wconf 82' lang='lat' dir='ltr'>car.</span> <span class='ocrx_word' id='word_1_601' title='bbox 1005 3101 1042 3144; x_wconf 88' lang='lat' dir='ltr'>iii.</span> <span class='ocrx_word' id='word_1_602' title='bbox 1055 3101 1088 3145; x_wconf 86' lang='lat' dir='ltr'>be</span> <span class='ocrx_word' id='word_1_603' title='bbox 1098 3099 1222 3145; x_wconf 81' lang='lat' dir='ltr'>monacho</span> <span class='ocrx_word' id='word_1_604' title='bbox 1233 3108 1246 3144; x_wconf 94' lang='lat' dir='ltr'>a</span> <span class='ocrx_word' id='word_1_605' title='bbox 1259 3108 1287 3145; x_wconf 91' lang='lat' dir='ltr'>se</span> <span class='ocrx_word' id='word_1_606' title='bbox 1296 3098 1518 3145; x_wconf 85' lang='lat' dir='ltr'>excommunicato.</span> 
     </span>
    </p>
   </div>
   <div class='ocr_carea' id='block_1_33' title="bbox 908 3176 1708 3340">
    <p class='ocr_par' dir='ltr' id='par_1_33' title="bbox 908 3176 1708 3340">
     <span class='ocr_line' id='line_1_95' title="bbox 937 3176 1705 3234; baseline 0 -11"><span class='ocrx_word' id='word_1_607' title='bbox 937 3180 991 3223; x_wconf 85' lang='lat' dir='ltr'>cir.</span> <span class='ocrx_word' id='word_1_608' title='bbox 1003 3181 1030 3224; x_wconf 84' lang='lat' dir='ltr'>ii.</span> <span class='ocrx_word' id='word_1_609' title='bbox 1041 3181 1075 3224; x_wconf 88' lang='lat' dir='ltr'>lte</span> <span class='ocrx_word' id='word_1_610' title='bbox 1087 3178 1266 3234; x_wconf 89' lang='lat' dir='ltr'>compilatione</span> <span class='ocrx_word' id='word_1_611' title='bbox 1286 3188 1315 3223; x_wconf 84' lang='lat' dir='ltr'>en</span> <span class='ocrx_word' id='word_1_612' title='bbox 1333 3177 1449 3233; x_wconf 88' lang='lat' dir='ltr'>epistolis</span> <span class='ocrx_word' id='word_1_613' title='bbox 1472 3176 1618 3232; x_wconf 80' lang='lat' dir='ltr'>apoeniice</span> <span class='ocrx_word' id='word_1_614' title='bbox 1637 3177 1705 3224; x_wconf 91' lang='lat' dir='ltr'>sedis</span> 
     </span>
     <span class='ocr_line' id='line_1_96' title="bbox 908 3230 1708 3292; baseline 0.001 -16"><span class='ocrx_word' id='word_1_615' title='bbox 908 3231 972 3292; x_wconf 83' lang='lat' dir='ltr'>initii</span> <span class='ocrx_word' id='word_1_616' title='bbox 983 3231 1008 3276; x_wconf 88' lang='lat' dir='ltr'>in</span> <span class='ocrx_word' id='word_1_617' title='bbox 1023 3232 1240 3286; x_wconf 88' lang='lat' dir='ltr'>quaterniunculis</span> <span class='ocrx_word' id='word_1_618' title='bbox 1252 3230 1376 3285; x_wconf 72' lang='lat' dir='ltr'>missiset</span> <span class='ocrx_word' id='word_1_619' title='bbox 1386 3230 1463 3277; x_wconf 86' lang='lat' dir='ltr'>verbo</span> <span class='ocrx_word' id='word_1_620' title='bbox 1474 3230 1619 3289; x_wconf 78' lang='lat' dir='ltr'>promulgo,</span> <span class='ocrx_word' id='word_1_621' title='bbox 1630 3233 1655 3276; x_wconf 93' lang='lat' dir='ltr'>et</span> <span class='ocrx_word' id='word_1_622' title='bbox 1665 3242 1708 3278; x_wconf 89' lang='lat' dir='ltr'>ca-</span> 
     </span>
     <span class='ocr_line' id='line_1_97' title="bbox 908 3285 1179 3340; baseline 0 -12"><span class='ocrx_word' id='word_1_623' title='bbox 908 3285 989 3340; x_wconf 92' lang='lat' dir='ltr'>pitulo</span> <span class='ocrx_word' id='word_1_624' title='bbox 1000 3285 1090 3330; x_wconf 82' lang='lat' dir='ltr'>ieonis</span> <span class='ocrx_word' id='word_1_625' title='bbox 1100 3295 1179 3340; x_wconf 77' lang='lat' dir='ltr'>pape.</span> 
     </span>
    </p>
   </div>
   <div class='ocr_carea' id='block_1_34' title="bbox 908 3361 1705 3514">
    <p class='ocr_par' dir='ltr' id='par_1_34' title="bbox 908 3361 1705 3514">
     <span class='ocr_line' id='line_1_98' title="bbox 936 3361 1704 3422; baseline 0 -14"><span class='ocrx_word' id='word_1_626' title='bbox 936 3365 991 3408; x_wconf 83' lang='lat' dir='ltr'>Cir.</span> <span class='ocrx_word' id='word_1_627' title='bbox 1004 3366 1041 3408; x_wconf 85' lang='lat' dir='ltr'>iii.</span> <span class='ocrx_word' id='word_1_628' title='bbox 1053 3364 1123 3419; x_wconf 89' lang='lat' dir='ltr'>Quod</span> <span class='ocrx_word' id='word_1_629' title='bbox 1133 3362 1208 3408; x_wconf 90' lang='lat' dir='ltr'>latius</span> <span class='ocrx_word' id='word_1_630' title='bbox 1226 3363 1257 3409; x_wconf 92' lang='lat' dir='ltr'>de</span> <span class='ocrx_word' id='word_1_631' title='bbox 1276 3362 1355 3408; x_wconf 89' lang='lat' dir='ltr'>sacris</span> <span class='ocrx_word' id='word_1_632' title='bbox 1373 3361 1514 3412; x_wconf 86' lang='lat' dir='ltr'>ordinibus.</span> <span class='ocrx_word' id='word_1_633' title='bbox 1536 3363 1562 3407; x_wconf 91' lang='lat' dir='ltr'>et</span> <span class='ocrx_word' id='word_1_634' title='bbox 1579 3371 1704 3422; x_wconf 85' lang='lat' dir='ltr'>canonum</span> 
     </span>
     <span class='ocr_line' id='line_1_99' title="bbox 908 3414 1705 3514; baseline -0.001 -53"><span class='ocrx_word' id='word_1_635' title='bbox 908 3415 1059 3514; x_wconf 51' lang='lat' dir='ltr'>‹eigslegffllilnis</span> <span class='ocrx_word' id='word_1_636' title='bbox 1080 3427 1110 3463; x_wconf 83' lang='lat' dir='ltr'>ex</span> <span class='ocrx_word' id='word_1_637' title='bbox 1127 3416 1324 3462; x_wconf 83' lang='lat' dir='ltr'>orthodoxorum</span> <span class='ocrx_word' id='word_1_638' title='bbox 1345 3415 1430 3462; x_wconf 91' lang='lat' dir='ltr'>verbis</span> <span class='ocrx_word' id='word_1_639' title='bbox 1448 3418 1473 3460; x_wconf 91' lang='lat' dir='ltr'>et</span> <span class='ocrx_word' id='word_1_640' title='bbox 1488 3414 1608 3461; x_wconf 89' lang='lat' dir='ltr'>sensibus</span> <span class='ocrx_word' id='word_1_641' title='bbox 1619 3416 1653 3461; x_wconf 91' lang='lat' dir='ltr'>eit</span> <span class='ocrx_word' id='word_1_642' title='bbox 1666 3414 1705 3460; x_wconf 88' lang='lat' dir='ltr'>di-</span> 
     </span>
    </p>
   </div>
   <div class='ocr_carea' id='block_1_35' title="bbox 911 3537 1704 3649">
    <p class='ocr_par' dir='ltr' id='par_1_35' title="bbox 911 3537 1704 3649">
     <span class='ocr_line' id='line_1_100' title="bbox 936 3537 1704 3595; baseline 0 -10"><span class='ocrx_word' id='word_1_643' title='bbox 936 3543 990 3585; x_wconf 85' lang='lat' dir='ltr'>cir.</span> <span class='ocrx_word' id='word_1_644' title='bbox 1002 3542 1051 3586; x_wconf 82' lang='lat' dir='ltr'>itii.</span> <span class='ocrx_word' id='word_1_645' title='bbox 1063 3540 1108 3595; x_wconf 83' lang='lat' dir='ltr'>Qui</span> <span class='ocrx_word' id='word_1_646' title='bbox 1119 3539 1170 3585; x_wconf 90' lang='lat' dir='ltr'>sint</span> <span class='ocrx_word' id='word_1_647' title='bbox 1179 3538 1283 3585; x_wconf 86' lang='lat' dir='ltr'>ordines</span> <span class='ocrx_word' id='word_1_648' title='bbox 1298 3539 1323 3584; x_wconf 89' lang='lat' dir='ltr'>iii</span> <span class='ocrx_word' id='word_1_649' title='bbox 1334 3538 1405 3593; x_wconf 83' lang='lat' dir='ltr'>coelo,</span> <span class='ocrx_word' id='word_1_650' title='bbox 1424 3541 1450 3585; x_wconf 92' lang='lat' dir='ltr'>et</span> <span class='ocrx_word' id='word_1_651' title='bbox 1469 3537 1495 3583; x_wconf 88' lang='lat' dir='ltr'>in</span> <span class='ocrx_word' id='word_1_652' title='bbox 1505 3537 1623 3593; x_wconf 78' lang='lat' dir='ltr'>Ecclesia,</span> <span class='ocrx_word' id='word_1_653' title='bbox 1640 3541 1665 3585; x_wconf 89' lang='lat' dir='ltr'>et</span> <span class='ocrx_word' id='word_1_654' title='bbox 1679 3539 1704 3585; x_wconf 90' lang='lat' dir='ltr'>in</span> 
     </span>
     <span class='ocr_line' id='line_1_101' title="bbox 911 3592 1161 3649; baseline -0.004 -11"><span class='ocrx_word' id='word_1_655' title='bbox 911 3594 1012 3639; x_wconf 89' lang='lat' dir='ltr'>terrene</span> <span class='ocrx_word' id='word_1_656' title='bbox 1024 3592 1161 3649; x_wconf 84' lang='lat' dir='ltr'>republica.</span> 
     </span>
    </p>
   </div>
   <div class='ocr_carea' id='block_1_36' title="bbox 909 3669 1704 3779">
    <p class='ocr_par' dir='ltr' id='par_1_36' title="bbox 909 3669 1704 3779">
     <span class='ocr_line' id='line_1_102' title="bbox 937 3669 1704 3732; baseline 0 -14"><span class='ocrx_word' id='word_1_657' title='bbox 937 3675 992 3718; x_wconf 81' lang='lat' dir='ltr'>cir.</span> <span class='ocrx_word' id='word_1_658' title='bbox 1003 3674 1063 3718; x_wconf 80' lang='lat' dir='ltr'>xiii.</span> <span class='ocrx_word' id='word_1_659' title='bbox 1076 3672 1147 3728; x_wconf 88' lang='lat' dir='ltr'>Quod</span> <span class='ocrx_word' id='word_1_660' title='bbox 1162 3671 1183 3717; x_wconf 92' lang='lat' dir='ltr'>si</span> <span class='ocrx_word' id='word_1_661' title='bbox 1196 3671 1395 3732; x_wconf 82' lang='lat' dir='ltr'>ordogeueralls</span> <span class='ocrx_word' id='word_1_662' title='bbox 1406 3669 1558 3717; x_wconf 90' lang='lat' dir='ltr'>etomnibus</span> <span class='ocrx_word' id='word_1_663' title='bbox 1568 3669 1704 3728; x_wconf 83' lang='lat' dir='ltr'>episeopis.</span> 
     </span>
     <span class='ocr_line' id='line_1_103' title="bbox 909 3724 1523 3779; baseline -0.003 -7"><span class='ocrx_word' id='word_1_664' title='bbox 909 3736 960 3772; x_wconf 89' lang='lat' dir='ltr'>non</span> <span class='ocrx_word' id='word_1_665' title='bbox 976 3729 1058 3772; x_wconf 90' lang='lat' dir='ltr'>tamen</span> <span class='ocrx_word' id='word_1_666' title='bbox 1070 3725 1212 3772; x_wconf 87' lang='lat' dir='ltr'>communis</span> <span class='ocrx_word' id='word_1_667' title='bbox 1221 3726 1261 3770; x_wconf 92' lang='lat' dir='ltr'>est</span> <span class='ocrx_word' id='word_1_668' title='bbox 1274 3724 1385 3779; x_wconf 81' lang='lat' dir='ltr'>dignitas</span> <span class='ocrx_word' id='word_1_669' title='bbox 1397 3724 1523 3770; x_wconf 88' lang='lat' dir='ltr'>omnibns.</span> 
     </span>
    </p>
   </div>
   <div class='ocr_carea' id='block_1_37' title="bbox 910 3804 1706 3906">
    <p class='ocr_par' dir='ltr' id='par_1_37' title="bbox 910 3804 1706 3906">
     <span class='ocr_line' id='line_1_104' title="bbox 910 3804 1706 3906; baseline 0 -56"><span class='ocrx_word' id='word_1_670' title='bbox 910 3805 1363 3906; x_wconf 39' lang='grc' dir='ltr'>Ηιιίῑέισῖἐὲηῼιειὶιῐιὶιῑῗῐῇιιᾶἓειιιῠιιιι,</span> <span class='ocrx_word' id='word_1_671' title='bbox 1382 3805 1414 3851; x_wconf 91' lang='lat' dir='ltr'>ad</span> <span class='ocrx_word' id='word_1_672' title='bbox 1434 3804 1514 3851; x_wconf 89' lang='lat' dir='ltr'>instar</span> <span class='ocrx_word' id='word_1_673' title='bbox 1532 3805 1643 3853; x_wconf 73' lang='lat' dir='ltr'>caelestis</span> <span class='ocrx_word' id='word_1_674' title='bbox 1657 3805 1706 3852; x_wconf 91' lang='lat' dir='ltr'>mi·</span> 
     </span>
    </p>
   </div>
   <div class='ocr_carea' id='block_1_38' title="bbox 909 3937 1703 4103">
    <p class='ocr_par' dir='ltr' id='par_1_38' title="bbox 909 3937 1703 4103">
     <span class='ocr_line' id='line_1_105' title="bbox 936 3937 1702 3994; baseline -0.001 -9"><span class='ocrx_word' id='word_1_675' title='bbox 936 3943 990 3985; x_wconf 82' lang='lat' dir='ltr'>cir.</span> <span class='ocrx_word' id='word_1_676' title='bbox 1001 3941 1047 3985; x_wconf 82' lang='lat' dir='ltr'>xv.</span> <span class='ocrx_word' id='word_1_677' title='bbox 1059 3941 1093 3985; x_wconf 83' lang='lat' dir='ltr'>be</span> <span class='ocrx_word' id='word_1_678' title='bbox 1104 3937 1296 3994; x_wconf 89' lang='lat' dir='ltr'>paternitatibus</span> <span class='ocrx_word' id='word_1_679' title='bbox 1314 3939 1339 3984; x_wconf 91' lang='lat' dir='ltr'>et</span> <span class='ocrx_word' id='word_1_680' title='bbox 1356 3937 1507 3984; x_wconf 86' lang='lat' dir='ltr'>incolatibus</span> <span class='ocrx_word' id='word_1_681' title='bbox 1517 3949 1531 3985; x_wconf 87' lang='lat' dir='ltr'>a</span> <span class='ocrx_word' id='word_1_682' title='bbox 1541 3941 1591 3986; x_wconf 86' lang='lat' dir='ltr'>beo</span> <span class='ocrx_word' id='word_1_683' title='bbox 1606 3938 1702 3986; x_wconf 89' lang='lat' dir='ltr'>consti·</span> 
     </span>
     <span class='ocr_line' id='line_1_106' title="bbox 909 3991 1703 4090; baseline 0.001 -53"><span class='ocrx_word' id='word_1_684' title='bbox 909 3995 970 4039; x_wconf 91' lang='lat' dir='ltr'>tutis</span> <span class='ocrx_word' id='word_1_685' title='bbox 981 3994 1006 4037; x_wconf 92' lang='lat' dir='ltr'>in</span> <span class='ocrx_word' id='word_1_686' title='bbox 1018 3993 1090 4057; x_wconf 61' lang='lat' dir='ltr'>egeto,</span> <span class='ocrx_word' id='word_1_687' title='bbox 1103 3992 1255 4090; x_wconf 54' lang='grc' dir='ltr'>ιιιΙἪιιιιιιιι</span> <span class='ocrx_word' id='word_1_688' title='bbox 1267 3991 1347 4053; x_wconf 80' lang='lat' dir='ltr'>instar</span> <span class='ocrx_word' id='word_1_689' title='bbox 1356 3994 1415 4054; x_wconf 81' lang='lat' dir='ltr'>sunt</span> <span class='ocrx_word' id='word_1_690' title='bbox 1424 3992 1623 4054; x_wconf 76' lang='lat' dir='ltr'>paternitateset</span> <span class='ocrx_word' id='word_1_691' title='bbox 1632 3995 1703 4038; x_wconf 92' lang='lat' dir='ltr'>inco·</span> 
     </span>
     <span class='ocr_line' id='line_1_107' title="bbox 910 4044 1633 4103; baseline 0.001 -12"><span class='ocrx_word' id='word_1_692' title='bbox 910 4046 975 4093; x_wconf 88' lang='lat' dir='ltr'>latus</span> <span class='ocrx_word' id='word_1_693' title='bbox 987 4047 1108 4092; x_wconf 88' lang='lat' dir='ltr'>divinitus</span> <span class='ocrx_word' id='word_1_694' title='bbox 1117 4046 1156 4091; x_wconf 88' lang='lat' dir='ltr'>dis</span> <span class='ocrx_word' id='word_1_695' title='bbox 1182 4044 1251 4091; x_wconf 91' lang='lat' dir='ltr'>ibuta</span> <span class='ocrx_word' id='word_1_696' title='bbox 1266 4055 1293 4090; x_wconf 92' lang='lat' dir='ltr'>in</span> <span class='ocrx_word' id='word_1_697' title='bbox 1304 4045 1413 4091; x_wconf 81' lang='lat' dir='ltr'>Ecclesia</span> <span class='ocrx_word' id='word_1_698' title='bbox 1423 4049 1447 4091; x_wconf 92' lang='lat' dir='ltr'>et</span> <span class='ocrx_word' id='word_1_699' title='bbox 1459 4045 1486 4091; x_wconf 92' lang='lat' dir='ltr'>in</span> <span class='ocrx_word' id='word_1_700' title='bbox 1497 4045 1633 4103; x_wconf 88' lang='lat' dir='ltr'>republica.</span> 
     </span>
    </p>
   </div>
   <div class='ocr_carea' id='block_1_39' title="bbox 909 4124 1707 4444">
    <p class='ocr_par' dir='ltr' id='par_1_39' title="bbox 909 4124 1707 4444">
     <span class='ocr_line' id='line_1_108' title="bbox 936 4124 1707 4222; baseline 0 -51"><span class='ocrx_word' id='word_1_701' title='bbox 936 4128 1059 4171; x_wconf 84' lang='lat' dir='ltr'>cir.itv1.</span> <span class='ocrx_word' id='word_1_702' title='bbox 1072 4127 1183 4170; x_wconf 80' lang='lat' dir='ltr'>decerta</span> <span class='ocrx_word' id='word_1_703' title='bbox 1202 4124 1344 4186; x_wconf 78' lang='lat' dir='ltr'>metropoli¹</span> <span class='ocrx_word' id='word_1_704' title='bbox 1357 4125 1507 4187; x_wconf 73' lang='lat' dir='ltr'>ithamarum</span> <span class='ocrx_word' id='word_1_705' title='bbox 1524 4125 1656 4222; x_wconf 62' lang='lat' dir='ltr'>provincie</span> <span class='ocrx_word' id='word_1_706' title='bbox 1681 4128 1707 4171; x_wconf 89' lang='lat' dir='ltr'>et</span> 
     </span>
     <span class='ocr_line' id='line_1_109' title="bbox 909 4159 1706 4275; baseline 0 -51"><span class='ocrx_word' id='word_1_707' title='bbox 909 4181 992 4240; x_wconf 76' lang='lat' dir='ltr'>cestro</span> <span class='ocrx_word' id='word_1_708' title='bbox 1003 4179 1129 4240; x_wconf 70' lang='lat' dir='ltr'>lauduno.</span> <span class='ocrx_word' id='word_1_709' title='bbox 1137 4181 1232 4275; x_wconf 26' lang='lat' dir='ltr'>iit—quia</span> <span class='ocrx_word' id='word_1_710' title='bbox 1245 4177 1303 4223; x_wconf 89' lang='lat' dir='ltr'>licet</span> <span class='ocrx_word' id='word_1_711' title='bbox 1313 4177 1396 4223; x_wconf 86' lang='lat' dir='ltr'>tribus</span> <span class='ocrx_word' id='word_1_712' title='bbox 1407 4187 1521 4233; x_wconf 89' lang='lat' dir='ltr'>principa</span> <span class='ocrx_word' id='word_1_713' title='bbox 1533 4179 1590 4223; x_wconf 89' lang='lat' dir='ltr'>ibus</span> <span class='ocrx_word' id='word_1_714' title='bbox 1600 4159 1706 4240; x_wconf 79' lang='lat' dir='ltr'>sedibus</span> 
     </span>
     <span class='ocr_line' id='line_1_110' title="bbox 909 4231 1707 4340; baseline -0.001 -10"><span class='ocrx_word' id='word_1_715' title='bbox 909 4232 1323 4340; x_wconf 67' lang='lat' dir='ltr'>restauraresiiiia</span> <span class='ocrx_word' id='word_1_716' title='bbox 1337 4231 1707 4340; x_wconf 65' lang='lat' dir='ltr'>assisinatensis</span> 
     </span>
     <span class='ocr_line' id='line_1_111' title="bbox 909 4335 1707 4433; baseline -0.001 -50"><span class='ocrx_word' id='word_1_717' title='bbox 909 4341 1010 4383; x_wconf 89' lang='lat' dir='ltr'>sanctus</span> <span class='ocrx_word' id='word_1_718' title='bbox 1023 4337 1151 4399; x_wconf 71' lang='lat' dir='ltr'>Remigius</span> <span class='ocrx_word' id='word_1_719' title='bbox 1160 4337 1281 4397; x_wconf 76' lang='lat' dir='ltr'>ordinaris</span> <span class='ocrx_word' id='word_1_720' title='bbox 1292 4336 1439 4433; x_wconf 51' lang='lat' dir='ltr'>episcopum</span> <span class='ocrx_word' id='word_1_721' title='bbox 1449 4335 1475 4380; x_wconf 94' lang='lat' dir='ltr'>in</span> <span class='ocrx_word' id='word_1_722' title='bbox 1486 4338 1567 4397; x_wconf 86' lang='lat' dir='ltr'>¹castro</span> <span class='ocrx_word' id='word_1_723' title='bbox 1578 4336 1707 4390; x_wconf 80' lang='lat' dir='ltr'>lauduno,</span> 
     </span>
     <span class='ocr_line' id='line_1_112' title="bbox 912 4387 1706 4444; baseline -0.003 -8"><span class='ocrx_word' id='word_1_724' title='bbox 912 4392 937 4436; x_wconf 90' lang='lat' dir='ltr'>iii</span> <span class='ocrx_word' id='word_1_725' title='bbox 949 4391 1071 4436; x_wconf 89' lang='lat' dir='ltr'>subsellia</span> <span class='ocrx_word' id='word_1_726' title='bbox 1080 4401 1133 4436; x_wconf 79' lang='lat' dir='ltr'>sua</span> <span class='ocrx_word' id='word_1_727' title='bbox 1142 4389 1288 4444; x_wconf 88' lang='lat' dir='ltr'>metropolis</span> <span class='ocrx_word' id='word_1_728' title='bbox 1297 4398 1373 4434; x_wconf 90' lang='lat' dir='ltr'>conse</span> <span class='ocrx_word' id='word_1_729' title='bbox 1392 4397 1442 4443; x_wconf 88' lang='lat' dir='ltr'>ere,</span> <span class='ocrx_word' id='word_1_730' title='bbox 1450 4391 1475 4433; x_wconf 89' lang='lat' dir='ltr'>et</span> <span class='ocrx_word' id='word_1_731' title='bbox 1485 4387 1633 4434; x_wconf 78' lang='lat' dir='ltr'>intercedas</span> <span class='ocrx_word' id='word_1_732' title='bbox 1641 4398 1706 4434; x_wconf 89' lang='lat' dir='ltr'>coni-</span> 
     </span>
    </p>
   </div>
   <div class='ocr_carea' id='block_1_40' title="bbox 875 4419 1075 4500">
    <p class='ocr_par' dir='ltr' id='par_1_40' title="bbox 875 4419 1075 4500">
     <span class='ocr_line' id='line_1_113' title="bbox 875 4419 1075 4500; baseline -0.015 -10"><span class='ocrx_word' id='word_1_733' title='bbox 875 4419 993 4500; x_wconf 82' lang='lat' dir='ltr'>Dpuiiiri</span> <span class='ocrx_word' id='word_1_734' title='bbox 1009 4444 1075 4490; x_wconf 87' lang='lat' dir='ltr'>iecit.</span> 
     </span>
    </p>
   </div>
   <div class='ocr_carea' id='block_1_41' title="bbox 911 4520 1706 4899">
    <p class='ocr_par' dir='ltr' id='par_1_41' title="bbox 911 4520 1706 4899">
     <span class='ocr_line' id='line_1_114' title="bbox 937 4520 1705 4585; baseline -0.007 -15"><span class='ocrx_word' id='word_1_735' title='bbox 937 4525 1082 4585; x_wconf 77' lang='lat' dir='ltr'>cir.xv11.</span> <span class='ocrx_word' id='word_1_736' title='bbox 1105 4525 1139 4568; x_wconf 85' lang='lat' dir='ltr'>be</span> <span class='ocrx_word' id='word_1_737' title='bbox 1158 4520 1298 4583; x_wconf 80' lang='lat' dir='ltr'>rebellione</span> <span class='ocrx_word' id='word_1_738' title='bbox 1322 4520 1449 4566; x_wconf 89' lang='lat' dir='ltr'>minorum</span> <span class='ocrx_word' id='word_1_739' title='bbox 1466 4520 1624 4566; x_wconf 88' lang='lat' dir='ltr'>sacerdotum</span> <span class='ocrx_word' id='word_1_740' title='bbox 1644 4530 1705 4575; x_wconf 84' lang='lat' dir='ltr'>erga</span> 
     </span>
     <span class='ocr_line' id='line_1_115' title="bbox 911 4574 1706 4639; baseline -0.006 -17"><span class='ocrx_word' id='word_1_741' title='bbox 911 4579 1022 4639; x_wconf 75' lang='lat' dir='ltr'>potiores</span> <span class='ocrx_word' id='word_1_742' title='bbox 1032 4583 1055 4621; x_wconf 85' lang='lat' dir='ltr'>ei</span> <span class='ocrx_word' id='word_1_743' title='bbox 1067 4576 1093 4620; x_wconf 92' lang='lat' dir='ltr'>in</span> <span class='ocrx_word' id='word_1_744' title='bbox 1104 4575 1222 4637; x_wconf 81' lang='lat' dir='ltr'>veterini</span> <span class='ocrx_word' id='word_1_745' title='bbox 1233 4577 1340 4635; x_wconf 68' lang='lat' dir='ltr'>innovo</span> <span class='ocrx_word' id='word_1_746' title='bbox 1350 4575 1506 4636; x_wconf 79' lang='lat' dir='ltr'>Testamenta</span> <span class='ocrx_word' id='word_1_747' title='bbox 1520 4588 1525 4617; x_wconf 96' lang='lat'><strong>:</strong></span> <span class='ocrx_word' id='word_1_748' title='bbox 1538 4575 1563 4619; x_wconf 90' lang='lat' dir='ltr'>et</span> <span class='ocrx_word' id='word_1_749' title='bbox 1575 4574 1609 4634; x_wconf 36' lang='lat' dir='ltr'>de·</span> <span class='ocrx_word' id='word_1_750' title='bbox 1617 4576 1706 4635; x_wconf 81' lang='lat' dir='ltr'>metro·</span> 
     </span>
     <span class='ocr_line' id='line_1_116' title="bbox 911 4626 1705 4734; baseline -0.003 -7"><span class='ocrx_word' id='word_1_751' title='bbox 911 4626 1705 4734; x_wconf 62' lang='lat' dir='ltr'>”illicientitarsitiialiisallisiiiiiiittiliii</span> 
     </span>
     <span class='ocr_line' id='line_1_117' title="bbox 911 4694 1704 4798; baseline -0.004 -17"><span class='ocrx_word' id='word_1_752' title='bbox 911 4694 1183 4798; x_wconf 46' lang='lat' dir='ltr'>Achollanteadversus</span> <span class='ocrx_word' id='word_1_753' title='bbox 1192 4717 1355 4796; x_wconf 68' lang='lat' dir='ltr'>apostolicam</span> <span class='ocrx_word' id='word_1_754' title='bbox 1365 4733 1458 4787; x_wconf 88' lang='lat' dir='ltr'>sedem,</span> <span class='ocrx_word' id='word_1_755' title='bbox 1472 4734 1497 4777; x_wconf 91' lang='lat' dir='ltr'>et</span> <span class='ocrx_word' id='word_1_756' title='bbox 1506 4733 1644 4793; x_wconf 87' lang='lat' dir='ltr'>usurpante</span> <span class='ocrx_word' id='word_1_757' title='bbox 1654 4731 1704 4778; x_wconf 84' lang='lat' dir='ltr'>sibi</span> 
     </span>
     <span class='ocr_line' id='line_1_118' title="bbox 911 4785 1706 4899; baseline -0.009 -10"><span class='ocrx_word' id='word_1_758' title='bbox 911 4785 1590 4899; x_wconf 62' lang='lat' dir='ltr'>itastis&#39;institittirtittiiaiiiadisid</span> <span class='ocrx_word' id='word_1_759' title='bbox 1603 4786 1706 4831; x_wconf 49' lang='grc' dir='ltr'>’Μ</span> 
     </span>
    </p>
   </div>
   <div class='ocr_carea' id='block_1_42' title="bbox 912 4924 1706 5129">
    <p class='ocr_par' dir='ltr' id='par_1_42' title="bbox 912 4924 1706 5129">
     <span class='ocr_line' id='line_1_119' title="bbox 912 4924 1706 5038; baseline -0.003 -18"><span class='ocrx_word' id='word_1_760' title='bbox 912 4924 1136 5038; x_wconf 49' lang='lat' dir='ltr'>baebeliisxiAlgr&#39;uAa</span> <span class='ocrx_word' id='word_1_761' title='bbox 1150 4974 1222 5036; x_wconf 83' lang='lat' dir='ltr'>idest</span> <span class='ocrx_word' id='word_1_762' title='bbox 1234 4972 1405 5034; x_wconf 75' lang='lat' dir='ltr'>arrogantiam</span> <span class='ocrx_word' id='word_1_763' title='bbox 1417 4971 1442 5033; x_wconf 80' lang='lat' dir='ltr'>in</span> <span class='ocrx_word' id='word_1_764' title='bbox 1454 4974 1546 5034; x_wconf 83' lang='lat' dir='ltr'>mente,</span> <span class='ocrx_word' id='word_1_765' title='bbox 1562 4972 1706 5036; x_wconf 78' lang='lat' dir='ltr'>acqualiter</span> 
     </span>
     <span class='ocr_line' id='line_1_120' title="bbox 912 5024 1706 5129; baseline 0 -57"><span class='ocrx_word' id='word_1_766' title='bbox 912 5039 1008 5129; x_wconf 45' lang='lat' dir='ltr'>&#39;emine</span> <span class='ocrx_word' id='word_1_767' title='bbox 1016 5029 1235 5126; x_wconf 48' lang='lat' dir='ltr'>ffrmesrilrioifnmes</span> <span class='ocrx_word' id='word_1_768' title='bbox 1247 5035 1290 5080; x_wconf 92' lang='lat' dir='ltr'>per</span> <span class='ocrx_word' id='word_1_769' title='bbox 1300 5024 1507 5072; x_wconf 89' lang='lat' dir='ltr'>indiscretionem</span> <span class='ocrx_word' id='word_1_770' title='bbox 1526 5036 1553 5071; x_wconf 94' lang='lat' dir='ltr'>in</span> <span class='ocrx_word' id='word_1_771' title='bbox 1570 5029 1706 5082; x_wconf 86' lang='lat' dir='ltr'>scripturis</span> 
     </span>
    </p>
   </div>
   <div class='ocr_carea' id='block_1_43' title="bbox 912 5157 1706 5375">
    <p class='ocr_par' dir='ltr' id='par_1_43' title="bbox 912 5157 1706 5375">
     <span class='ocr_line' id='line_1_121' title="bbox 940 5157 1706 5219; baseline -0.005 -11"><span class='ocrx_word' id='word_1_772' title='bbox 940 5165 994 5208; x_wconf 78' lang='lat' dir='ltr'>cin.</span> <span class='ocrx_word' id='word_1_773' title='bbox 1018 5164 1076 5207; x_wconf 70' lang='lat' dir='ltr'>iix.</span> <span class='ocrx_word' id='word_1_774' title='bbox 1101 5159 1170 5215; x_wconf 84' lang='lat' dir='ltr'>Quod</span> <span class='ocrx_word' id='word_1_775' title='bbox 1195 5157 1307 5203; x_wconf 85' lang='lat' dir='ltr'>similiter</span> <span class='ocrx_word' id='word_1_776' title='bbox 1333 5157 1358 5202; x_wconf 90' lang='lat' dir='ltr'>in</span> <span class='ocrx_word' id='word_1_777' title='bbox 1381 5161 1523 5206; x_wconf 88' lang='lat' dir='ltr'>sanctarum</span> <span class='ocrx_word' id='word_1_778' title='bbox 1542 5158 1706 5219; x_wconf 84' lang='lat' dir='ltr'>traditionum</span> 
     </span>
     <span class='ocr_line' id='line_1_122' title="bbox 912 5211 1703 5273; baseline -0.008 -12"><span class='ocrx_word' id='word_1_779' title='bbox 912 5215 1057 5261; x_wconf 87' lang='lat' dir='ltr'>sanctiones</span> <span class='ocrx_word' id='word_1_780' title='bbox 1067 5213 1181 5259; x_wconf 85' lang='lat' dir='ltr'>nomines</span> <span class='ocrx_word' id='word_1_781' title='bbox 1192 5211 1278 5273; x_wconf 82' lang='lat' dir='ltr'>vesani</span> <span class='ocrx_word' id='word_1_782' title='bbox 1290 5211 1355 5256; x_wconf 89' lang='lat' dir='ltr'>maie</span> <span class='ocrx_word' id='word_1_783' title='bbox 1366 5211 1537 5267; x_wconf 82' lang='lat' dir='ltr'>intelligentes</span> <span class='ocrx_word' id='word_1_784' title='bbox 1555 5212 1703 5272; x_wconf 80' lang='lat' dir='ltr'>erraverint,</span> 
     </span>
     <span class='ocr_line' id='line_1_123' title="bbox 912 5265 1706 5326; baseline -0.005 -12"><span class='ocrx_word' id='word_1_785' title='bbox 912 5272 938 5315; x_wconf 91' lang='lat' dir='ltr'>et</span> <span class='ocrx_word' id='word_1_786' title='bbox 946 5268 1098 5314; x_wconf 84' lang='lat' dir='ltr'>delectantes</span> <span class='ocrx_word' id='word_1_787' title='bbox 1108 5275 1197 5310; x_wconf 82' lang='lat' dir='ltr'>vocum</span> <span class='ocrx_word' id='word_1_788' title='bbox 1208 5266 1331 5326; x_wconf 82' lang='lat' dir='ltr'>novitates</span> <span class='ocrx_word' id='word_1_789' title='bbox 1342 5274 1387 5320; x_wconf 89' lang='lat' dir='ltr'>per</span> <span class='ocrx_word' id='word_1_790' title='bbox 1395 5265 1510 5312; x_wconf 90' lang='lat' dir='ltr'>diversas</span> <span class='ocrx_word' id='word_1_791' title='bbox 1522 5273 1669 5311; x_wconf 88' lang='lat' dir='ltr'>occasiones</span> <span class='ocrx_word' id='word_1_792' title='bbox 1678 5273 1706 5310; x_wconf 90' lang='lat' dir='ltr'>se</span> 
     </span>
     <span class='ocr_line' id='line_1_124' title="bbox 912 5320 1259 5375; baseline -0.017 -7"><span class='ocrx_word' id='word_1_793' title='bbox 912 5321 944 5368; x_wconf 92' lang='lat' dir='ltr'>ab</span> <span class='ocrx_word' id='word_1_794' title='bbox 958 5320 1065 5367; x_wconf 76' lang='lat' dir='ltr'>aeclesia</span> <span class='ocrx_word' id='word_1_795' title='bbox 1078 5321 1259 5375; x_wconf 85' lang='lat' dir='ltr'>separaverint.</span> 
     </span>
    </p>
   </div>
   <div class='ocr_carea' id='block_1_44' title="bbox 912 5382 1707 5565">
    <p class='ocr_par' dir='ltr' id='par_1_44' title="bbox 912 5382 1707 5565">
     <span class='ocr_line' id='line_1_125' title="bbox 939 5382 1705 5455; baseline -0.003 -8"><span class='ocrx_word' id='word_1_796' title='bbox 939 5404 994 5447; x_wconf 86' lang='lat' dir='ltr'>cir.</span> <span class='ocrx_word' id='word_1_797' title='bbox 1010 5403 1057 5446; x_wconf 66' lang='lat' dir='ltr'>iii</span> <span class='ocrx_word' id='word_1_798' title='bbox 1069 5400 1182 5455; x_wconf 85' lang='lat' dir='ltr'>Qualiter</span> <span class='ocrx_word' id='word_1_799' title='bbox 1193 5382 1327 5445; x_wconf 45' lang='lat' dir='ltr'>caveat‘ue</span> <span class='ocrx_word' id='word_1_800' title='bbox 1345 5401 1488 5447; x_wconf 90' lang='lat' dir='ltr'>scandalum</span> <span class='ocrx_word' id='word_1_801' title='bbox 1510 5399 1560 5445; x_wconf 89' lang='lat' dir='ltr'>sibi</span> <span class='ocrx_word' id='word_1_802' title='bbox 1578 5400 1661 5445; x_wconf 87' lang='lat' dir='ltr'>sumat</span> <span class='ocrx_word' id='word_1_803' title='bbox 1679 5400 1705 5445; x_wconf 92' lang='lat' dir='ltr'>in</span> 
     </span>
     <span class='ocr_line' id='line_1_126' title="bbox 913 5454 1707 5510; baseline 0 -10"><span class='ocrx_word' id='word_1_804' title='bbox 913 5454 1079 5509; x_wconf 89' lang='lat' dir='ltr'>intelligentia</span> <span class='ocrx_word' id='word_1_805' title='bbox 1091 5454 1275 5509; x_wconf 88' lang='lat' dir='ltr'>scripturarum</span> <span class='ocrx_word' id='word_1_806' title='bbox 1291 5457 1366 5510; x_wconf 91' lang='lat' dir='ltr'>atque</span> <span class='ocrx_word' id='word_1_807' title='bbox 1384 5462 1513 5499; x_wconf 89' lang='lat' dir='ltr'>sacrorum</span> <span class='ocrx_word' id='word_1_808' title='bbox 1530 5462 1664 5507; x_wconf 80' lang='lat' dir='ltr'>canonum,</span> <span class='ocrx_word' id='word_1_809' title='bbox 1682 5455 1707 5500; x_wconf 90' lang='lat' dir='ltr'>at</span> 
     </span>
     <span class='ocr_line' id='line_1_127' title="bbox 912 5505 1706 5565; baseline 0 -11"><span class='ocrx_word' id='word_1_810' title='bbox 912 5505 1706 5565; x_wconf 74' lang='lat' dir='ltr'>quomodopropagatasitpinessunmpomudoetrinaeeete·</span> 
     </span>
    </p>
   </div>
   <div class='ocr_carea' id='block_1_45' title="bbox 1119 4917 1706 4974">
    <p class='ocr_par' dir='ltr' id='par_1_45' title="bbox 1119 4917 1706 4974">
     <span class='ocr_line' id='line_1_128' title="bbox 1119 4917 1706 4974; baseline -0.003 -8"><span class='ocrx_word' id='word_1_811' title='bbox 1119 4922 1168 4966; x_wconf 90' lang='lat' dir='ltr'>uod</span> <span class='ocrx_word' id='word_1_812' title='bbox 1181 4920 1285 4966; x_wconf 88' lang='lat' dir='ltr'>iiumilia</span> <span class='ocrx_word' id='word_1_813' title='bbox 1295 4918 1382 4962; x_wconf 87' lang='lat' dir='ltr'>videre</span> <span class='ocrx_word' id='word_1_814' title='bbox 1397 4928 1448 4962; x_wconf 92' lang='lat' dir='ltr'>non</span> <span class='ocrx_word' id='word_1_815' title='bbox 1459 4917 1540 4973; x_wconf 89' lang='lat' dir='ltr'>possit</span> <span class='ocrx_word' id='word_1_816' title='bbox 1558 4917 1706 4974; x_wconf 90' lang='lat' dir='ltr'>albuginem</span> 
     </span>
    </p>
   </div>
   <div class='ocr_carea' id='block_1_46' title="bbox 0 0 1916 6100">
    <p class='ocr_par' dir='ltr' id='par_1_46' title="bbox 0 0 1916 6100">
     <span class='ocr_line' id='line_1_129' title="bbox 0 0 1916 6100; baseline 0 0"><span class='ocrx_word' id='word_1_817' title='bbox 0 0 1916 6100; x_wconf 95' lang='lat' dir='ltr'> </span> 
     </span>
    </p>
   </div>
  </div>
 </body>
</html>
