3826 6098
128 226 179 280 829
712 218 889 274 EPlS'fOLAE
917 220 963 276 ΕΤ
989 220 1162 304 DECRETA.
1728 177 1783 279 aab·

131 346 283 402 studemus.
299 343 335 398 Et
349 342 410 414 quia
423 357 524 414 magno
538 341 693 412 imperatori
708 349 755 398 tuo
778 341 931 399 Ecclesiam
944 343 1098 414 Aapcstoli
1120 343 1338 407 benedictionem
1362 344 1523 401 fraternitati
1542 354 1639 401 restrae
1661 348 1777 403 mauda-

133 433 182 489 Dei
196 429 338 503 pacificari
353 429 463 496 volenti,
479 445 529 485 nos
542 436 570 483 ut
584 428 675 484 favere
690 429 840 485 debeamus
864 430 931 486 hor·
982 431 1080 486 vimus.
1095 430 1182 501 Quam
1197 432 1313 503 petimus
1324 440 1352 486 ut
1367 447 1417 504 pro
1437 433 1487 488 Dei
1511 442 1537 489 et
1559 433 1644 504 ipsius
1666 443 1778 506 aposto·

133 521 209 588 iaris,
234 520 263 574 id
284 519 359 586 juxta
383 517 470 574 nostri
491 516 572 573 ofiicii
596 517 782 589 magisterium
805 526 933 588 prompta
982 517 1070 574 lorum
1086 520 1214 590 principis
1229 536 1324 576 amore
1339 529 1484 593 nostraque
1500 521 1644 577 dilectione
1659 522 1778 596 benigne

134 609 266 663 duntaxat
280 621 365 679 agere
381 605 517 661 voluntate
532 605 662 660 divinitus
675 605 759 673 adjuti
782 621 931 672 curamus;
982 606 1128 678 recipiatis,
1154 607 1282 679 quoniam
1305 608 1389 664 nimia
1407 625 1574 682 paganorum
1600 610 1777 682 oppressione

134 695 274 768 quonium,
296 695 403 750 dicante
426 692 565 764 apostolo,
589 693 773 749 Ecclesiamm
798 694 847 749 liei
874 708 933 748 om-
982 695 1097 767 gravati,
1113 695 1200 766 plura,
1216 704 1243 750 ut
1259 696 1425 766 volebamus,
1441 696 1560 769 dirigere
1568 713 1622 753 non
1629 698 1776 768 potuimus.

82 841 87 847 ,
132 784 207 838 nium
221 781 302 837 nobis
320 781 475 838 sollicitudo
496 781 636 837 incumbit.
663 779 834 853 Quapropter
856 797 933 838 more
982 781 1120 855 Rogamus
1134 792 1265 853 praterea
1276 792 1400 840 sanctam
1415 792 1533 840 vestram
1548 784 1575 838 in
1588 786 1704 840 Doruino
1718 786 1780 840 cba-

131 871 365 942 praedeceasorum
380 877 538 924 nostrorum
552 868 721 939 pontificum,
737 870 933 925 Constantino·
983 869 1089 926 ritatem
1103 879 1131 925 ut
1145 871 1174 925 in
1188 871 1289 928 sanctis
1303 873 1471 929 orationibus
1485 873 1584 928 vestris
1603 872 1687 928 nostri
1706 889 1778 928 sern-

129 959 280 1032 politanam
304 956 456 1012 Ecclesiam
479 956 674 1028 multiplicibus
700 958 837 1013 scandalis
860 973 932 1014 nunc
982 973 1033 1028 per
1060 973 1197 1013 memores
1224 959 1381 1026 existentes,
1410 976 1461 1032 pro
1479 960 1559 1015 nobis
1587 975 1685 1031 preces
1710 961 1777 1015 Jesu

128 1047 325 1119 perturbatam,
345 1053 425 1116 prout
450 1046 554 1114 justum
587 1054 630 1100 est
659 1035 749 1117 'atque
788 1046 933 1117 possibile,
983 1045 1091 1101 Christo
1105 1046 1221 1103 Domino
1235 1047 1777 1119 nostroquotidiefundcrealacrianimo

127 1135 227 1191 sedare
254 1133 387 1197 uolumus,
407 1140 435 1186 et
461 1148 559 1203 paoem
600 1142 761 1204 perpetuam
801 1134 930 1189 stabilire·
983 1133 1141 1206 dignemini,
1158 1134 1299 1191 carissime
1314 1135 1404 1192 frater.
1420 1137 1490 1192 Data
1506 1151 1534 1190 ιί
1547 1135 1721 1192 Nonasllaii.

127 1224 264 1278 Praeterea
279 1219 361 1293 legati
375 1219 545 1290 imperiales,
561 1236 629 1292 quos
644 1221 679 1275 ad
703 1229 799 1276 nostra
823 1230 935 1292 aposto·

126 1311 178 1367 lica
194 1309 302 1382 fastigia
316 1308 386 1365 dicis
397 1324 459 1364 esse
472 1308 602 1375 directos,
619 1309 642 1364 si
656 1309 792 1376 venerint,
819 1325 935 1382 compe·

126 1398 195 1454 tenti
208 1412 225 1452 a
239 1397 318 1452 nobis
334 1397 501 1468 recipientur
514 1397 629 1465 honore,
646 1406 673 1452 et
686 1398 865 1470 augustalem
883 1413 934 1469 per

124 1501 174 1542 eos
187 1483 563 1557 nobisdelatamlegationem
579 1485 729 1542 clementer
748 1486 931 1557 recipiemus;

124 1582 208 1646 atque
216 1572 304 1646 ipsius
315 1573 462 1645 legationis
472 1581 574 1629 textum
590 1583 617 1629 et
628 1574 750 1630 ordinem
760 1589 933 1646 coguoscen-

124 1669 178 1729 tes,
194 1677 249 1717 una
272 1676 336 1717 cum
356 1661 429 1717 sedis
451 1661 610 1732 apostolica
624 1662 705 1718 nobis
717 1662 871 1718 commisse
885 1678 932 1717 as-

124 1765 219 1814 sensn,
236 1757 365 1822 quantum
377 1749 421 1805 fas
436 1757 488 1816 est,
504 1766 556 1821 pro
570 1750 704 1807 Ecclesia
720 1750 771 1806 liei
785 1765 854 1821 pace
880 1751 933 1805 im-

1322 1238 1438 1293 CCXIV.

1177 1339 1214 1378 ιιι
1228 1340 1454 1380 canoaontrmnu
1478 1343 1580 1384 uacum

1284 1415 1373 1481 (Anno
1402 1416 1477 1485 879.)

985 1501 1018 1556 tlt
1031 1501 1064 1554 in
1082 1500 1249 1556 fercellensi
1264 1503 1389 1557 Ecclesia
1400 1503 1550 1572 Gcspertus
1558 1504 1697 1560 diaconus
1708 1519 1773 1558 cou-

1223 1571 1364 1627 stituetur
1378 1574 1532 1644 episcopus.

1019 1656 1123 1713 Dilecto
1133 1669 1159 1712 et
1170 1658 1283 1728 spiritali
1294 1657 1349 1715 filio
1357 1660 1568 1717 Canououarruo
1577 1661 1700 1734 glorioso
1711 1660 1779 1732 regi.

1020 1745 1164 1802 Multorum
1179 1746 1309 1803 relatione
1324 1747 1468 1804 didicimus
1482 1749 1555 1821 quod
1569 1749 1693 1805 Ecclesia
1707 1748 1778 1804 Ver·

123 1838 220 1909 periali
234 1836 486 1894 voluntati-favere
520 1837 632 1893 omnino
667 1838 851 1894 studebimus.
882 1839 935 1894 Pro
984 1833 1110 1889 cellensis
1124 1850 1194 1889 nunc
1208 1833 1289 1890 valde
1303 1835 1410 1891 turbata
1425 1845 1451 1891 et
1466 1836 1628 1907 quotidianis
1643 1845 1779 1892 commota

125 1926 225 1998 quibus
253 1925 334 1980 etiarn
362 1925 455 1981 missis
483 1925 651 1982 Pandenulfo
682 1926 815 1998 Capuano
842 1925 934 1982 comiti
984 1921 1118 1976 mandalis
1133 1921 1272 1987 consistat,
1289 1923 1354 1977 dum
1367 1923 1394 1978 in
1408 1923 1476 1978 duas
1491 1933 1584 1995 partes
1597 1923 1713 1995 populus
1726 1938 1778 1994 pro

125 2013 287 2084 scripsimus
300 2020 328 2068 ut
344 2028 392 2069 eos
407 2013 548 2069 vanientes
564 2014 688 2086 recipiat,
714 2022 740 2070 et
764 2029 814 2086 pro
835 2024 932 2070 nostro
982 2009 1103 2080 episcopi
1117 2009 1250 2067 electione
1264 2009 1378 2077 divisus,
1396 2011 1441 2067 alii
1455 2029 1549 2078 unum,
1566 2012 1611 2067 alii
1626 2027 1692 2066 vero
1707 2011 1777 2066 alte-

124 2117 219 2157 amore
235 2117 369 2172 prospero
396 2102 476 2157 uobis
498 2101 606 2168 itinere,
637 2102 755 2158 Domino
783 2111 929 2158 aunuente,
982 2113 1042 2152 rum
1056 2097 1160 2170 eligere
1175 2098 1330 2170 habereque
1345 2100 1510 2155 contendant
1531 2109 1558 2155 et
1579 2099 1696 2169 cupiant,
1719 2098 1777 2153 ele-

129 2190 251 2260 dirigere
265 2190 381 2244 studeat.
397 2191 476 2246 Nunc
490 2206 557 2262 ergo
570 2190 654 2245 iidem
668 2190 743 2245 missi
772 2191 930 2261 prasentia.
980 2193 1108 2257 ctumque
1122 2186 1269 2241 enormiter
1283 2186 1432 2243 defendere
1447 2196 1562 2260 uterque
1575 2194 1714 2259 procuret.
1723 2186 1777 2242 Sed

126 2277 188 2332 liter
203 2278 318 2332 liornam
332 2277 426 2332 venire
440 2287 598 2348 procurent,
616 2279 679 2349 quia
693 2294 744 2333 nos
759 2277 820 2333 aliis
839 2278 929 2334 causis
979 2273 1041 2343 quia
1053 2273 1127 2342 juxta
1142 2275 1229 2330 nostri
1243 2274 1395 2330 minesterii
1410 2275 1590 2346 apostolicum
1606 2274 1723 2331 officium
1751 2281 1777 2328 et

124 2365 257 2436 impediti,
285 2365 352 2419 istas
378 2366 406 2419 in
433 2373 526 2435 partes
550 2366 642 2431 modo,
673 2365 743 2420 sicut
765 2365 927 2435 dispositum
979 2360 1188 2417 sollicitudinem
1203 2361 1325 2417 omnium
1338 2362 1523 2419 Ecclesiamm
1549 2364 1611 2426 Dei,
1641 2363 1721 2419 uobis
1749 2362 1777 2416 in

124 2453 279 2518 babuimus,
295 2467 442 2523 properare
456 2467 511 2507 non
527 2468 683 2523 possumus.
701 2453 770 2507 Data
785 2457 924 2524 utsupra.
977 2452 1038 2519 ipso
1064 2448 1248 2520 apostolorum
1272 2451 1395 2522 principe
1410 2453 1593 2518 commissam,
1606 2452 1682 2520 juxta
1696 2465 1777 2507 cano-

477 2575 582 2630 ccxii.

431 2666 521 2732 (anno
549 2666 624 2731 erut

129 2752 393 2808 dacommanicctio
400 2752 535 2823 Ausperti
544 2752 610 2823 quic
620 2752 656 2807 ud
665 2753 802 2824 synodum
812 2755 924 2807 occutus

363 2824 460 2877 venire
474 2827 691 2891 conumpserci.

160 2913 325 2980 Anspertum
339 2910 570 2964 Mediolanensem
584 2910 829 2980 archiepiscopum,
842 2924 923 2979 quem

126 2997 215 3068 Papira
232 2997 378 3052 existentes
392 3005 419 3052 et
432 2997 605 3068 postmodnm
621 2998 655 3052 ad
674 2998 808 3069 synodum
831 2998 924 3054 liomae

125 3100 174 3155 pro
189 3084 280 3139 multis
295 3084 480 3140 Ecclesiamm
495 3085 545 3139 Dei
560 3085 767 3141 necessitatibus
782 3084 924 3141 collectam

126 3173 292 3237 vocavimus,
308 3187 359 3228 nec
373 3188 422 3243 per
434 3188 464 3227 se
478 3188 629 3229 occurrere
656 3189 707 3229 nec
730 3173 931 3228 excusationem

127 3275 202 3315 suam
218 3260 369 3316 secundum
384 3275 475 3315 sacros
491 3276 612 3316 canones
630 3261 658 3315 in
673 3260 804 3316 tractoria
828 3261 930 3331 scripta

127 3347 204 3402 nobis
220 3355 247 3402 et
263 3355 357 3402 sancto
372 3347 499 3412 concilio,
517 3363 601 3403 causa
616 3349 776 3403 temeritatis
791 3357 818 3404 et
832 3348 929 3404 inobe-

127 3435 244 3503 dientiae,
260 3435 379 3507 dirigere
404 3435 552 3501 nolentem,
577 3436 677 3491 virtute
704 3436 792 3492 sancti
813 3436 929 3507 Spiritus

128 3531 152 3577 et
165 3522 322 3593 principum
337 3522 526 3592 apostolorum
543 3524 616 3578 Petri
635 3540 668 3579 ac
683 3524 768 3589 Pauli,
784 3532 929 3595 nostraque

129 3610 299 3674 auctoritate,
319 3626 381 3665 cum
400 3625 535 3666 consensu
555 3620 656 3666 sancta
677 3611 784 3683 synodi,
812 3627 928 3682 corpore

129 3706 152 3750 ct
171 3697 305 3768 sanguine
326 3698 435 3754 Domini
456 3700 542 3753 nostri
563 3700 627 3756 lesu
651 3699 748 3755 Christi
775 3699 926 3770 privamus,

129 3799 268 3857 quousque
284 3801 359 3840 snam
375 3787 452 3842 nobis
467 3789 641 3858 presentiam
651 3788 780 3843 exhibere
790 3797 925 3858 procuret.

133 3872 200 3927 liata
213 3877 247 3929 ui
255 3889 351 3943 supra.

492 3973 609 4028 CCXlll.

145 4072 180 4111 ιιι
195 4071 374 4112 rnaouosmx
397 4073 591 4114 rsrnrsacusu
611 4074 905 4116 arenosoumurauuu.

434 4148 524 4218 (Anno
540 4150 615 4218 879.)

131 4234 254 4289 Excusat
264 4234 377 4290 tardum
393 4236 549 4305 legatorum
562 4239 623 4305 cjrcs
634 4238 771 4306 reditum,
787 4255 837 4308 per
858 4256 924 4312 quos

162 4304 415 4375 qaudammunero
427 4306 533 4362 adeum
541 4309 643 4373 mittit,
660 4325 761 4378 rogans
776 4313 809 4364 ct
824 4324 874 4379 pro
893 4326 923 4365 se

162 4374 275 4430 assidue
290 4376 379 4431 Deum
392 4376 566 4446 deprecetur.

162 4470 403 4527 Reverendissimo
427 4482 454 4528 ct
473 4474 646 4529 sanctissimo
672 4474 803 4530 confratri
835 4486 929 4533 nostro

132 4558 288 4614 Tuaonosro
304 4560 465 4630 patriarcba
486 4571 585 4617 sanctae
595 4563 849 4634 Hierosolymitanse
872 4565 928 4621 Ec·

132 4646 228 4703 clasiae.

163 4736 337 4790 Notumessa
351 4736 478 4791 volumus
492 4738 626 4793 sanctitati
650 4746 749 4795 restrae
772 4740 837 4812 quia
856 4757 927 4812 prae-

132 4831 218 4878 sentes
233 4824 360 4879 monachi
378 4824 470 4893 vestri,
491 4826 661 4881 Theodosius
679 4827 816 4891 uidelicet,
842 4828 927 4883 David

131 4918 154 4962 et
172 4910 253 4978 Saba,
273 4911 414 4967 venientes
439 4913 552 4967 liomam
583 4914 615 4968 ad
650 4914 741 4969 limina
773 4924 927 4972 sanctorum

132 4997 312 5067 apostolorum
332 5000 404 5054 Petri
423 5008 450 5056 et
476 5001 561 5070 Pauli,
582 5001 716 5057 demorati
736 5012 797 5058 sunt
828 5004 865 5057 ibi
894 5019 927 5059 eo

131 5085 202 5155 quod
217 5100 269 5139 nos
283 5102 334 5155 pro
349 5096 450 5142 nostrae
464 5088 595 5144 Ecclesia
610 5090 701 5145 causis
722 5099 749 5145 et
769 5091 927 5146 utilitatibus

130 5171 272 5227 Franciam
286 5189 505 5244 perrexeramus.
526 5179 560 5231 At
580 5177 635 5242 ubi,
656 5178 713 5233 Deo
733 5179 850 5245 volente,
880 5197 926 5235 re-

975 2537 1064 2593 nicam
1079 2538 1161 2593 etiam
1176 2546 1331 2594 sanctorum
1349 2541 1457 2594 Petrum
1476 2540 1602 2613 regulam
1617 2539 1752 2595 dicentem
1769 2555 1776 2590 :

976 2624 1004 2678 Si
1019 2625 1115 2680 divisio
1128 2626 1291 2681 clericorum
1307 2626 1350 2681 rel
1366 2627 1458 2698 populi
1473 2627 1617 2693 exstiterit,
1633 2634 1661 2683 et
1686 2626 1721 2680 da
1736 2624 1777 2680 fu·

974 2713 1030 2768 turi
1043 2712 1175 2768 electione
1190 2712 1325 2784 pontificis
1340 2715 1476 2770 contentio
1491 2715 1571 2770 fuerit
1587 2714 1691 2779 oborta,
1717 2713 1776 2769 nul-

975 2799 1030 2853 lum
1045 2816 1078 2854 ex
1092 2800 1135 2854 his
1150 2801 1254 2856 dnobus
1269 2802 1297 2855 in
1311 2803 1411 2857 throno
1425 2802 1573 2873 episcopali
1587 2818 1648 2858 esse
1675 2801 1778 2873 aliqua-

973 2894 1052 2942 tenus
1068 2889 1298 2955 consecrandum,
1325 2890 1375 2944 sed
1398 2889 1511 2944 alterius
1532 2890 1695 2946 electionem
1718 2887 1777 2944 fieri
1867 2892 1883 2907 ‘

975 2974 1077 3030 debere
1091 2976 1243 3031 sacerdotis
1252 2976 1383 3032 Ecclesia
1393 2977 1503 3048 proprio
1513 2977 1649 3034 destitutae
1660 2984 1776 3043 rectore,

981 3070 1008 3116 et
1023 3062 1058 3117 ob
1073 3063 1101 3117 id
1115 3064 1361 3134 periurissimum
1388 3066 1463 3135 pacis
1486 3064 1605 3121 ferentes
1633 3065 1777 3120 subvenire

980 3150 1121 3205 debemus.
1142 3152 1256 3222 Regiam
1271 3152 1458 3208 excellentiam
1472 3161 1589 3208 vestram
1606 3168 1736 3225 rogamus
1747 3161 1776 3207 ut

979 3253 1030 3309 pro
1045 3253 1140 3293 amore
1158 3239 1208 3293 Dei
1226 3247 1251 3294 et
1266 3240 1294 3294 S.
1312 3240 1394 3304 Petri,
1424 3255 1456 3295 ac
1482 3248 1582 3295 nostrae
1609 3240 1776 3310 paternitatis

980 3324 1134 3394 dilectione,
1163 3326 1252 3396 ipsum
1283 3327 1483 3383 fercellensem
1506 3327 1693 3398 episcopatum
1715 3328 1777 3383 huic

979 3413 1149 3469 nobilissimo
1164 3414 1232 3482 viro,
1250 3414 1385 3486 Gosperto
1399 3414 1526 3471 videlicet
1547 3415 1695 3470 venerabili
1719 3416 1777 3470 dia-

979 3517 1058 3568 cono,
1075 3501 1152 3557 vobis
1167 3503 1236 3558 bene
1251 3503 1361 3576 cognito
1375 3503 1567 3575 communique
1587 3502 1661 3558 fideli
1682 3513 1777 3559 nostro

978 3605 1009 3647 ac
1023 3599 1124 3655 vestro,
1141 3606 1283 3662 quempro
1301 3591 1494 3647 ecclesiasticis
1518 3591 1675 3646 utilitatibus
1686 3578 1780 3647 inser-

978 3677 1072 3733 vitium
1097 3687 1216 3733 vestrum
1240 3679 1399 3745 direximus,
1434 3679 1541 3750 placido
1571 3678 1605 3734 de
1632 3680 1777 3749 praesentia

977 3767 1059 3821 modo
1073 3766 1206 3822 tribuatis.
1223 3766 1358 3837 Quoniam
1372 3782 1435 3822 vere
1450 3768 1643 3838 cognoscimus
1657 3768 1729 3822 bunc
1749 3768 1777 3822 iu

976 3855 1103 3909 omnibus
1131 3864 1185 3911 tarn
1213 3855 1337 3911 civilibus
1363 3872 1443 3928 qnam
1469 3856 1551 3911 etiam
1580 3855 1774 3911 ecclesiasticis

977 3943 1065 3997 causis
1087 3951 1225 3999 strenuum
1243 3952 1324 4016 atque
1350 3943 1522 3999 utilissimum
1549 3943 1618 4010 fore,
1644 3944 1776 4017 nobisque

976 4046 1031 4085 non
1045 4031 1219 4088 mediocriter
1232 4030 1429 4087 fidelissimum.
1445 4029 1620 4103 Quapropter
1630 4031 1667 4088 ad
1676 4039 1776 4088 restrae·

975 4119 1119 4188 prasentia
1134 4127 1161 4174 et
1175 4118 1273 4176 futurae
1288 4120 1567 4193 gloriaeaugmentum
1576 4120 1688 4177 bocvos
1698 4121 1778 4177 nobis

975 4207 1126 4262 concedere
1139 4207 1266 4277 petimus,
1293 4208 1362 4264 lianc
1389 4209 1504 4279 primam
1533 4209 1619 4265 nostri
1647 4209 1777 4279 pontificii

972 4299 1074 4368 justam
1090 4295 1249 4364 petitionem
1271 4304 1360 4350 vestra
1385 4297 1484 4368 regalis
1505 4298 1632 4353 alacriter
1653 4295 1777 4368 perficiat

944 4381 1141 4454 Dmagnitudo
1165 4390 1217 4445 ;ut
1243 4391 1270 4438 ct
1296 4398 1345 4438 nos
1373 4392 1493 4439 vestram
1520 4384 1614 4441 libenti
1640 4384 1778 4456 possimus

979 4469 1070 4525 animo
1093 4467 1226 4540 perficere
1252 4469 1417 4526 voluntatem
1440 4472 1599 4528 charissime
1627 4472 1675 4536 fili,
1706 4489 1776 4545 quo-

978 4557 1049 4611 niam
1066 4556 1105 4612 sic
1120 4573 1193 4613 versa
1208 4558 1359 4615 dilectionis
1374 4560 1549 4616 unanimitate
1563 4562 1664 4632 pioque
1673 4563 1775 4617 amoris

977 4643 1073 4701 affectu
1089 4645 1240 4700 videbimur
1253 4662 1364 4703 manere
1378 4649 1527 4718 cunjuncti,
1544 4651 1567 4704 si
1586 4665 1638 4705 nos
1661 4666 1695 4705 ea
1714 4667 1775 4722 quae

978 4733 1076 4803 cupitis
1088 4734 1235 4804 apostolica
1248 4734 1377 4791 duntaxat
1392 4736 1588 4807 perfecerimus
1604 4739 1773 4802 auctoritate,

978 4829 1004 4874 et
1019 4837 1067 4875 vos
1082 4821 1145 4876 item
1159 4831 1253 4878 vestro
1267 4825 1356 4894 regali
1367 4825 1429 4893 jure
1445 4826 1528 4880 nostri
1539 4825 1668 4881 desiderii
1677 4843 1776 4898 preces

977 4909 1072 4964 audire
1100 4926 1160 4965 curn
1179 4910 1376 4980 judicunditate
1390 4913 1486 4983 procul
1500 4913 1584 4968 dubio
1600 4914 1771 4970 studueritis.

977 4996 1070 5052 Talem
1085 5012 1203 5069 namque
1224 4999 1413 5070 progenitores
1433 5008 1550 5066 vestros,
1578 5001 1773 5056 invictissimos

977 5084 1156 5155 imperatores
1171 5088 1319 5159 Augustos,
1335 5089 1406 5143 circa
1417 5088 1702 5155 decessoresnostros‚
1714 5105 1774 5144 san-

977 5179 1034 5227 ctos
1049 5173 1174 5230 videlicet
1189 5176 1319 5230 liomanae
1333 5177 1406 5232 sedis
1422 5177 1562 5244 antistites,
1578 5177 1706 5232 habuisse
1729 5178 1773 5233 di-

130 5260 199 5315 versi
215 5276 309 5316 sumus
323 5261 484 5328 incolumes,
501 5264 541 5318 eis
556 5264 590 5318 ad
607 5273 722 5319 vestram
737 5267 926 5335 paternitatem
976 5259 1119 5316 lectionem
1134 5263 1291 5327 recolimus,
1308 5272 1336 5319 ut
1351 5265 1481 5337 quidquid
1496 5266 1530 5320 ab
1545 5267 1673 5321 alterutra
1697 5277 1775 5339 parte

129 5348 286 5402 revertendi
309 5349 446 5404 licentiam
471 5352 606 5418 dedimus,
628 5370 677 5423 per
698 5368 766 5424 quos
785 5355 924 5420 nimii-um,
976 5349 1129 5417 petebatur,
1146 5352 1219 5405 omni
1234 5352 1385 5423 postposita
1399 5354 1542 5410 occasione
1555 5353 1775 5413 moxcflicaciter

128 5450 210 5499 censa
225 5435 372 5517 charitatis,
388 5437 505 5511 aliquam
520 5440 582 5495 licet
604 5440 739 5494 modicam
764 5441 835 5496 beati
857 5444 926 5504 l‘etri
974 5445 1166 5518 compleretur.
1186 5448 1224 5504 lta
1240 5464 1303 5503 vero
1319 5458 1344 5502 et
1360 5459 1454 5505 nostra
1476 5466 1548 5508 nunc
1569 5451 1732 5522 pontificalis
1757 5470 1774 5510 a
