3794 6104
187 192 255 246 {063
685 190 890 247 RATPERTUS
919 190 1182 248 SANGALLENSIS
1204 192 1326 248 ABBAS.
1779 193 1839 249 lbbl

186 324 410 381 commoraturus,
433 316 550 374 devenit.
575 315 626 372 Ubi
652 324 747 387 postea
776 317 861 371 abbas
886 315 989 372 electus
996 318 1025 378 A
1040 317 1158 373 nasterio
1172 326 1253 389 atque
1268 333 1362 373 secum
1376 324 1480 372 cartam
1499 324 1637 387 portante,
1656 316 1789 388 episcope
1803 334 1839 374 res

186 414 267 479 atque
296 406 454 471 ordinatus,
480 406 514 460 ad
537 405 661 459 ultimum
684 405 879 460 monasterium
904 406 992 461 sancti
1041 406 1172 471 innotuit,
1199 406 1244 478 qui
1267 406 1390 477 protinus
1413 404 1522 461 directis
1545 405 1585 460 illi
1609 405 1773 461 muneribus
1795 422 1839 462 non

185 495 307 566 Dionysii
323 503 335 529 ⁸
350 495 467 565 suscepit
484 494 647 566 regendum.
1040 495 1141 566 parvis,
1162 493 1305 565 praelatum
1325 502 1437 559 cartam,
1454 493 1523 549 sicut
1544 493 1592 549 diu
1606 494 1722 565 cupivit,
1747 494 1840 566 accepit

222 588 248 639 5.
264 585 339 639 Tunc
354 583 499 653 praedictus
521 582 666 653 episcopus
692 598 836 637 assumens
854 584 991 653 quendam
1041 591 1122 654 atque
1138 583 1166 636 iu
1182 599 1258 637 suam
1282 590 1443 652 potestatem
1464 582 1582 656 redegit.
1608 581 1709 639 Statim
1723 598 1790 638 vero
1804 598 1839 638 cu·

185 673 375 745 presbyterum
387 671 557 736 larensem,
572 672 681 726 nomine
698 672 877 736 Werdonem,
896 671 992 725 obtulit
1041 672 1119 742 piens
1135 671 1243 742 penitus
1259 688 1369 726 omnem
1382 687 1458 743 spem
1474 670 1627 727 securitatis
1643 671 1748 726 nostris
1762 670 1840 726 auter·

187 778 248 817 eum
269 761 303 814 ad
322 768 443 815 nostrum
472 760 678 823 monasterium,
707 768 734 813 ut
759 760 885 814 abbatem
915 760 991 813 illum
1041 776 1081 825 re,
1099 760 1237 830 adipsum
1260 760 1454 814 monasterium
1478 759 1561 823 venit,
1582 768 1668 830 atque
1692 758 1839 816 cautissime

186 848 388 914 constituisset3
414 865 457 911 ne,
480 849 502 902 si
521 848 556 903 de
580 848 721 903 monachis
744 848 847 902 eisdem
873 847 992 917 aliquem
1041 847 1250 918 investigatione
1264 847 1423 920 perquisivit
1432 847 1456 902 si
1470 846 1568 902 alicubi
1584 846 1700 920 aliquod
1715 847 1839 919 exemplar

186 937 350 1002 ordinasset,
367 952 410 991 res
424 937 458 991 ab
474 952 506 991 eo
522 936 696 1008 aliquatenus
720 936 818 992 cedere
841 935 989 990 videretur.
1041 936 1126 1005 ipsius
1142 944 1225 992 cartae
1239 936 1354 991 inveniri
1370 935 1501 1006 potuisset
1513 936 1533 990 ¹.
1549 935 1631 1004 Quod
1657 952 1722 991 cum
1744 952 1837 1008 nequa·

187 1025 274 1096 Quem
296 1016 387 1080 tamen
408 1025 533 1080 monachi
548 1025 575 1079 in
590 1025 636 1079 tali
658 1024 751 1078 habitu
771 1032 991 1079 commanentem
1042 1040 1123 1096 quam
1138 1024 1296 1090 invenisset,
1314 1024 1378 1095 quia
1393 1024 1504 1079 omnino
1518 1039 1574 1079 non
1587 1031 1660 1094 erat,
1676 1024 1796 1079 delatum
1810 1034 1838 1081 est

185 1114 298 1170 minime
319 1121 495 1184 susceperunt
519 1113 655 1167 abbatem.
677 1112 757 1180 Quod
776 1129 836 1166 cum
861 1112 993 1167 sensisset
1042 1112 1077 1177 ai,
1102 1112 1175 1183 quod
1200 1112 1374 1185 amalgarius
1389 1121 1403 1155 ⁸
1418 1112 1569 1168 monachus
1585 1119 1612 1168 et
1631 1111 1768 1168 diaconus
1790 1129 1836 1168 ean

186 1202 260 1259 idem
273 1203 390 1270 Werdo,
406 1218 467 1257 cum
489 1201 700 1257 couversatione
724 1200 844 1254 habitum
869 1199 990 1266 mutavit,
1042 1200 1191 1270 exemplari
1205 1201 1313 1255 tradere
1327 1200 1466 1256 voluisset.
1483 1200 1566 1269 Cujus
1586 1199 1654 1255 laeti
1669 1200 1734 1257 licet
1749 1200 1837 1257 illese

187 1299 214 1348 et
229 1298 291 1346 tuuc
305 1292 413 1346 demum
436 1289 604 1345 monachicis
621 1289 730 1343 indutus
745 1288 912 1343 vestimentis
933 1304 993 1342 sus-
1042 1304 1125 1343 curus
1140 1296 1222 1356 esset,
1246 1297 1336 1343 tamen
1360 1304 1529 1360 nequaquam
1544 1289 1580 1343 de
1595 1290 1651 1343 hoc
1675 1288 1759 1344 aliter
1779 1290 1836 1360 apud

187 1386 293 1450 ceptus,
309 1386 400 1450 atque,
425 1386 452 1431 ut
476 1377 632 1433 decreverat
659 1376 816 1447 episcopua,
842 1376 927 1431 abhas
951 1384 993 1431 est
1042 1376 1200 1447 episcopum
1215 1393 1245 1432 se
1259 1377 1347 1447 potuit
1369 1391 1511 1446 excusare,
1528 1376 1627 1432 nisiin
1642 1377 1742 1433 altario
1765 1378 1837 1433 andi

186 1468 337 1524 ordinatus.
353 1467 429 1521 Tunc
443 1481 519 1530 vero,
537 1464 654 1537 quodam
669 1481 806 1535 perversae
829 1464 892 1519 lidei
914 1473 992 1534 pacto
1042 1464 1112 1519 Galli
1126 1481 1186 1520 cum
1199 1466 1352 1534 juramento
1367 1464 1496 1531 firmaret,
1509 1481 1561 1521 uec
1575 1481 1605 1521 se
1622 1481 1684 1520 eam
1698 1464 1838 1521 ullomodo

185 1556 258 1611 inter
274 1555 431 1625 episcopum
447 1561 472 1608 et
487 1553 611 1608 abbatem
628 1561 723 1608 eontra
739 1554 931 1608 monachorum
948 1569 993 1607 ne·
1041 1554 1142 1608 habere
1158 1554 1297 1624 scriptam,
1314 1569 1365 1609 nec
1380 1554 1407 1607 in
1422 1554 1513 1626 aliquo
1527 1554 1588 1609 loco
1604 1554 1680 1610 scire
1703 1569 1768 1609 esse
1787 1570 1839 1611 con·

188 1641 446 1707 cessitatesellecto,
457 1657 502 1696 res
514 1649 613 1696 nostras
626 1641 756 1711 magisne
768 1641 857 1712 magis
872 1642 899 1696 in
914 1641 1026 1731 deso-B
1041 1641 1180 1712 scriptam.
1209 1642 1284 1697 Tunc
1310 1642 1420 1697 demum
1448 1642 1610 1714 episcopus,
1648 1658 1767 1699 securus
1796 1658 1839 1699 sua

188 1730 317 1786 lationem
332 1746 447 1803 vergere
462 1738 612 1801 coeperunt,
629 1746 689 1784 eum
706 1729 733 1783 hi
749 1730 795 1800 qui
811 1738 912 1785 tutores
928 1745 989 1785 esse
1040 1728 1188 1785 voluntatis
1212 1729 1335 1800 effeetus,
1357 1730 1436 1786 rediit
1460 1730 1487 1784 in
1509 1746 1572 1796 sua,
1597 1739 1684 1803 atque
1709 1731 1838 1786 monachis

188 1819 346 1888 debuerant,
365 1817 532 1881 afflixissent,
544 1828 570 1872 et
580 1818 672 1872 nullus
689 1826 762 1873 esset
774 1835 807 1872 ex
818 1818 929 1884 nostris,
945 1816 991 1889 qui
1041 1819 1150 1885 uostris,
1166 1817 1212 1890 qui
1227 1835 1319 1875 secum
1335 1819 1407 1873 soliti
1427 1826 1504 1874 erant
1526 1819 1704 1886 commorari,
1722 1819 1797 1891 quasi
1810 1819 1839 1875 ob

189 1923 237 1964 eos
261 1906 406 1977 prohibere
430 1906 572 1977 potuisset.
598 1907 758 1960 Habuerunt
785 1915 876 1961 autem
901 1907 990 1962 adhuc
1040 1907 1120 1961 aliam
1135 1923 1247 1963 causam
1263 1923 1279 1962 a
1294 1924 1324 1962 se
1339 1907 1413 1963 toras
1428 1908 1608 1976 transmissis,
1626 1925 1696 1980 sepe
1716 1924 1838 1964 memora·

186 1996 282 2051 fratres
314 1995 469 2051 monasterii
498 1995 585 2049 nostri
619 1994 804 2049 firmissimum
837 1996 990 2050 emunitatis
1041 2003 1097 2050 tam
1113 2005 1212 2051 cartam
1229 1996 1339 2069 ignibus
1359 1996 1466 2050 tradidit
1486 1996 1610 2068 atquein
1626 1996 1754 2054 favillam
1776 1997 1839 2053 rede

185 2092 363 2157 praeceptum,
380 2084 451 2156 quod
467 2084 554 2140 beatae
568 2084 705 2138 memoriae
730 2084 846 2139 domnus
861 2084 990 2154 Pippinus
1041 2085 1089 2157 git,
1107 2093 1135 2138 ut
1148 2091 1243 2155 postea
1258 2100 1303 2140 res
1317 2085 1397 2139 nobis
1412 2085 1536 2140 innotuit.

186 2189 235 2229 rex
250 2172 304 2227 illis
319 2172 402 2229 scribi
422 2173 550 2242 jusserat,
567 2173 731 2244 propriaque
753 2189 833 2227 manu
855 2171 990 2227 firmatum
1076 2173 1255 2243 Temporibus
1281 2189 1343 2228 vero
1366 2173 1519 2239 transactis,
1536 2173 1628 2246 Egino
1651 2174 1837 2247 episcopusfl-

186 2261 401 2326 coutradiderat,
416 2260 444 2314 in
463 2277 517 2332 quo
542 2261 624 2315 etiam
648 2261 761 2315 multum
784 2260 880 2316 confisi
902 2270 964 2315 sunt
982 2279 988 2315 :
1040 2277 1102 2316 nem
1119 2262 1179 2316 vitra
1193 2263 1328 2331 presentis
1343 2263 1448 2333 accepit
1460 2278 1532 2317 anno
1543 2262 1578 2317 ah
1589 2263 1780 2319 incarnatione
1793 2265 1837 2319 lle

187 2350 355 2422 quodetiam
377 2349 449 2404 idem
471 2349 616 2420 episcopus
638 2350 757 2404 maximo
779 2350 868 2405 studio
891 2351 990 2420 sapius
1041 2349 1107 2404 mini
1131 2354 1192 2417 813,
1207 2366 1278 2404 auno
1299 2359 1389 2406 autem
1413 2351 1521 2422 imperii
1534 2351 1548 2386 ¹²
1563 2351 1655 2406 Caroli
1680 2352 1836 2408 serenissimi

186 2437 380 2509 investigabat,
393 2438 442 2493 sed
455 2437 577 2492 iuvenire
588 2447 763 2508 conpeteret.
777 2440 866 2507 lpsum
881 2454 990 2508 quoque
1040 2437 1148 2507 augusti
1164 2439 1206 2492 lb.
1223 2439 1287 2493 Post
1301 2439 1377 2507 cujus
1391 2438 1494 2494 obitum
1509 2440 1701 2511 episcopatum
1718 2441 1836 2497 Constan-

186 2534 361 2598 proeceptum,
377 2526 452 2598 quod
474 2526 601 2596 superius
615 2542 631 2580 a
645 2526 744 2581 Carolo
759 2526 990 2596 imperatoresuh
1041 2527 1135 2582 tiensis
1157 2527 1289 2582 Ecclesia
1311 2528 1425 2597 adeptus
1449 2537 1491 2583 est
1514 2528 1662 2598 Wolfleoz,
1689 2528 1835 2585 monasterii

186 2615 310 2670 Iohanne
330 2614 460 2685 episcopo
483 2613 584 2669 lactum
608 2614 834 2681 monstravimus,
859 2615 948 2669 adhuc
963 2614 989 2668 iu
1041 2614 1128 2670 sancti
1144 2614 1215 2669 Galli
1229 2615 1405 2671 coeuobiota..

187 2703 351 2760 Constantia
365 2703 472 2759 scriniis
497 2703 646 2769 detentum,
664 2704 834 2758 amonachis
850 2719 904 2757 non
919 2703 989 2758 reci·
1077 2706 1103 2756 6.
1122 2702 1262 2757 Werdone
1286 2719 1353 2758 veru
1376 2704 1472 2760 abbate
1496 2712 1590 2774 postea
1614 2706 1702 2761 vitam
1727 2704 1832 2771 finiente,

185 2792 321 2864 piabatur,
339 2808 372 2847 eo
388 2791 471 2864 quod,
487 2799 516 2845 ut
530 2791 658 2861 superius
672 2792 799 2856 diximus,
816 2792 989 2862 depravatum
1042 2791 1198 2857 Cozbertus,
1216 2792 1338 2859 ejusdem
1354 2793 1576 2865 congregationis
1592 2795 1757 2863 monachus,
1768 2793 1837 2850 sirt-

187 2888 269 2952 atque
284 2888 378 2935 contra
393 2880 564 2950 imperatoris
579 2889 743 2951 praeceptum
763 2880 927 2951 illorumque
942 2897 990 2934 ue·
1040 2879 1128 2933 trihus
1153 2888 1194 2934 est
1216 2880 1286 2934 abba
1309 2880 1427 2950 electus,
1451 2889 1478 2935 et
1500 2881 1656 2947 ordinatus,
1683 2884 1726 2938 vir
1749 2891 1835 2937 statura

187 2968 345 3024 cessitatem
360 2967 455 3022 luisset
470 2968 664 3037 conscriptum.
682 2968 800 3040 Contigit
815 2977 904 3022 autem
919 2976 989 3022 tem·
1040 2982 1185 3037 procerus,
1217 2968 1349 3038 sapientia
1382 2986 1491 3041 quoque
1517 2985 1684 3055 morumque
1716 2971 1834 3043 dignitate

187 3072 254 3128 pore
286 3055 405 3128 quodam
420 3054 606 3110 Wollbarium
635 3056 789 3111 Reminsem
810 3057 987 3126 episcopum,
1040 3056 1204 3126 praecipuus,
1221 3072 1293 3111 anno
1308 3058 1341 3110 ab
1356 3057 1544 3113 incarnatione
1568 3059 1681 3113 Domini
1697 3063 1759 3126 816,
1772 3074 1834 3114 anuo

188 3144 325 3216 legatione
340 3160 356 3199 a
370 3144 472 3199 domno
494 3144 591 3199 Carolo
615 3145 666 3199 sihi
688 3145 817 3212 injuncta,
830 3145 947 3213 justitias
962 3145 989 3199 in
1040 3152 1130 3199 autem
1152 3143 1260 3214 imperii
1284 3145 1435 3201 llludotvici
1458 3146 1645 3218 imperatoris,
1672 3147 1722 3203 filii
1742 3146 1836 3219 prelati

187 3233 285 3289 llhetia
295 3232 425 3289 Curiense
436 3232 576 3288 iaciendas
585 3241 605 3300 ⁰,
617 3234 650 3288 ad
661 3233 749 3304 ipsum
760 3249 861 3304 pagum
870 3234 987 3302 venisse,
1041 3232 1131 3288 Caroli
1154 3233 1272 3306 augusti,
1289 3234 1367 3289 tertio
1381 3232 1397 3287 ¹.
1415 3234 1481 3289 Cum
1497 3235 1580 3306 igitur
1593 3235 1723 3291 Wotleoz
1737 3236 1836 3308 episco-

187 3321 306 3394 indeque
331 3338 472 3377 reversum
493 3322 527 3375 ad
544 3330 665 3376 nostrum
689 3322 885 3376 monasterium
908 3323 990 3377 deve·
1040 3336 1091 3391 pus
1106 3335 1183 3376 more
1199 3330 1401 3377 antecessorum
1417 3339 1526 3377 suorum
1542 3323 1623 3379 etiam
1638 3340 1739 3380 causas
1752 3340 1835 3380 mona·

188 3410 272 3476 nisse,
288 3409 391 3482 ibique,
408 3419 487 3480 prout
505 3411 560 3465 illis
582 3409 780 3478 facultaserat,
797 3410 914 3484 henigne
930 3428 990 3465 sus·
1040 3410 1115 3464 sterii
1145 3426 1201 3464 suae
1229 3410 1373 3479 subjiceret
1401 3411 1512 3476 ditioni,
1542 3412 1640 3468 incolae
1669 3414 1834 3479 monasterii,

187 3508 293 3571 ceptus,
308 3499 406 3554 devoto
419 3499 531 3554 servitio
546 3507 712 3554 sustentatus
728 3506 778 3553 est.
1041 3498 1119 3569 quasi
1134 3499 1287 3570 inproprie
1310 3498 1395 3555 fratre
1415 3509 1441 3555 et
1455 3516 1600 3569 converso,
1628 3502 1835 3558 consolationem

224 3588 311 3657 Quem
341 3603 403 3643 cum
432 3603 486 3642 non
512 3587 607 3642 lateret
636 3589 772 3643 calumnia
800 3595 827 3642 et
848 3588 987 3657 injustitia,
1040 3587 1068 3640 in
1084 3603 1116 3641 eo
1132 3604 1161 3641 se
1177 3587 1576 3658 hahereposseconfisisunt;
1593 3590 1639 3645 ille
1654 3607 1836 3647 veronense

189 3692 256 3750 quas
271 3676 345 3747 passi
359 3684 419 3730 sunt
434 3676 531 3732 incolae
546 3677 704 3730 monasterii
720 3676 815 3735 nostri.
832 3677 990 3746 pradictum
1040 3675 1096 3731 lum
1110 3675 1199 3730 mitior
1213 3677 1319 3731 caeteris
1334 3692 1387 3732 non
1406 3677 1535 3745 existens,
1551 3677 1641 3751 aliqua
1658 3679 1689 3733 in
1702 3688 1777 3750 parte
1789 3679 1835 3734 illis

189 3765 342 3822 emunitatis
356 3773 522 3836 praeceptum
547 3765 598 3819 sihi
620 3766 767 3821 ostendere
783 3765 899 3836 rogavit,
917 3765 990 3837 quod
1041 3764 1184 3835 dequibus
1199 3764 1272 3819 venit
1285 3765 1417 3836 pepercit,
1435 3767 1482 3821 sed
1499 3766 1591 3833 etiam,
1607 3768 1783 3841 inquantum
1793 3784 1835 3839 pe

189 3869 251 3910 cum
266 3853 378 3908 vidisset
393 3868 425 3908 ac
439 3853 610 3925 perlegisset,
627 3854 746 3908 hortatus
768 3863 809 3908 est
824 3869 881 3919 cos,
897 3862 926 3907 ut
940 3870 990 3923 per
1040 3853 1099 3918 tuit,
1116 3869 1192 3908 more
1207 3853 1371 3908 Hieroboam
1386 3855 1499 3928 digitum
1515 3872 1593 3911 suum
1608 3856 1695 3912 dorso
1717 3866 1834 3913 anteces-

188 3942 306 4013 aliquem
334 3940 417 3995 fidum
444 3941 581 3997 homiaem
606 3940 740 3996 firmitatis
763 3952 866 3997 cartam
889 3943 989 3997 domno
1041 3957 1132 3996 sorum
1147 3958 1259 3997 suorum
1275 3959 1342 4015 erga
1357 3943 1409 3997 sibi
1423 3944 1559 4012 subjectos
1579 3946 1752 4017 grossiorem
1766 3945 1834 4002 exhi·

189 4029 346 4099 imperatori
369 4028 527 4099 dirigerent,
545 4046 574 4084 se
589 4045 654 4085 vero
671 4047 714 4085 res
728 4047 819 4085 eorum
835 4039 913 4086 notas
936 4031 989 4085 im·
1040 4030 1105 4086 here
1120 4031 1246 4096 tentavit,
1272 4018 1476 4104 monachosque
1491 4033 1525 4088 de
1541 4033 1641 4105 quihus
1666 4034 1760 4102 exivit,
1779 4050 1834 4090 ces·

190 4115 310 4188 peratori
326 4115 470 4186 iacturum,
488 4124 568 4189 atque
588 4118 715 4172 auxilium
738 4119 791 4173 illis
814 4119 989 4190 praebiturum
1040 4126 1115 4175 sante
1131 4119 1249 4190 priomm
1269 4120 1402 4192 exemplo,
1420 4119 1541 4194 affligere
1564 4139 1620 4177 non
1645 4123 1760 4179 destitit.
1776 4121 1834 4192 Qus

190 4204 322 4277 promisit.
339 4205 421 4275 Cujus
442 4205 558 4278 consilio
582 4206 793 4273 consentientes,
809 4208 916 4263 cuidam
939 4225 989 4263 va·
1039 4209 1140 4274 omnia,
1157 4216 1255 4280 quanta
1271 4216 1297 4264 et
1313 4209 1403 4281 qualia
1417 4208 1524 4276 luerint,
1541 4227 1597 4266 non
1611 4211 1692 4268 decet
1707 4210 1834 4268 memoria

190 4293 258 4349 sallo
271 4293 455 4365 imperatoris,
473 4295 581 4351 nomine
597 4294 794 4367 Engilrammo,
806 4297 833 4351 in
848 4297 925 4366 crrjus
936 4296 989 4353 hdo
1040 4298 1163 4363 tradere,
1179 4305 1270 4352 tamen
1290 4297 1445 4354 necessaria
1460 4297 1522 4355 huic
1537 4300 1621 4355 textui
1645 4301 1832 4363 subnectimus,

191 4381 302 4437 multum
327 4384 541 4454 praesumebant,
568 4384 653 4453 ipsam
676 4395 779 4440 cartam
802 4385 885 4441 immo
910 4385 1024 4446 totiusD
1039 4386 1088 4440 sed
1111 4394 1136 4441 et
1158 4386 1331 4456 paucissima.
1357 4386 1432 4442 Idem
1457 4403 1575 4459 namque
1599 4388 1758 4462 episcopus,
1780 4403 1833 4444 cum

192 4469 370 4527 securitatisd
390 4489 468 4542 spem
488 4473 758 4529 commendaverunt.
783 4474 835 4543 Qui
858 4476 940 4530 etiam
962 4475 989 4529 in
1041 4490 1136 4530 omnes
1165 4475 1322 4531 monasterii
1345 4491 1442 4531 causas
1467 4476 1532 4544 sibi,
1562 4477 1722 4550 ubicunque
1746 4477 1832 4536 vellet.

192 4559 283 4616 diario
312 4561 398 4615 sancti
427 4561 498 4616 Gelli
523 4562 625 4629 juravit
649 4579 678 4617 se
699 4564 786 4634 ipsam
809 4573 907 4620 cartam
930 4565 989 4635 regi
1039 4562 1139 4618 adferri
1152 4564 1288 4632 jussisset,
1305 4562 1480 4619 nihilominus
1493 4565 1528 4619 ad
1542 4565 1636 4620 libitus
1656 4583 1722 4621 suos
1745 4565 1834 4636 sapius

191 4647 369 4720 perlaturum,
393 4656 472 4720 atque
492 4649 558 4720 ipsis
580 4652 719 4706 monachis
747 4653 901 4708 cautissime
928 4668 989 4707 csse
1040 4650 1112 4706 idem
1127 4652 1321 4707 monasterium
1336 4651 1466 4719 invisens,
1482 4669 1578 4708 omnes
1592 4654 1695 4710 ibidem
1720 4655 1832 4712 ministe-

192 4736 376 4802 redditurum;
398 4738 484 4808 quod,
508 4738 640 4792 suadente
661 4739 786 4807 diabolo,
809 4742 885 4796 aliter
908 4756 988 4813 quam
1039 4738 1140 4795 riorum
1161 4740 1370 4798 consuetudines
1383 4741 1417 4796 ad
1433 4758 1496 4796 suas
1510 4742 1664 4799 detorserat
1681 4743 1833 4814 voluptates.

192 4825 359 4896 pronusisset
373 4834 384 4860 ⁰
398 4824 494 4882 effecit.
513 4827 635 4898 Denique
659 4828 817 4885 discedente
831 4847 864 4886 eo
878 4830 912 4885 de
927 4845 988 4885 mo·
1039 4828 1162 4900 Denique
1193 4829 1305 4884 cellario
1333 4830 1492 4902 cunctisque
1520 4831 1655 4886 similibus
1683 4827 1832 4888 monasterii

225 4993 237 5019 ι
248 4979 348 5030 Parisiis
358 4991 422 5031 anno
435 4978 494 5030 teo.
507 4980 635 5032 Mobitloa.
648 4980 737 5033 Anact.
1072 4994 1080 5027 ¹
1091 4995 1157 5045 ldem
1169 4996 1349 5047 Teutonismus.

198 5072 200 5074 ’
222 5071 235 5108 l
248 5063 274 5114 Μ
287 5068 325 5113 0⁸⁸
335 5065 490 5114 ⁸³⁰⁰ld0le¹1¹
501 5066 651 5116 saeffllmm·
1074 5079 1250 5141 “amalgerum
1260 5081 1336 5132 otllcia
1349 5081 1459 5144 portarii,
1471 5081 1603 5144 cellerarii,
1614 5082 1739 5146 praepositi
1752 5081 1830 5133 obiisse

222 5147 488 5199 elluncwrrlsharium
507 5150 551 5199 suh
572 5150 657 5200 canoto
676 5152 710 5199 Μ.
724 5151 824 5202 missum
842 5151 989 5203 dominicum
1038 5146 1130 5196 chartae
1151 5146 1307 5197 traditionum
1328 5152 1457 5199 testantur.
1479 5149 1541 5198 Eum
1562 5154 1621 5200 ante
1640 5151 1718 5202 altare
1738 5159 1830 5201 aareun

194 5213 268 5275 ipsse
280 5215 516 5266 testaturltarlotiu
530 5216 593 5266 illst.
606 5217 746 5268 ithemami.
1037 5212 1120 5263 sedulo
1149 5224 1220 5263 orare
1249 5216 1411 5279 consuevisse,
1440 5214 1525 5267 scribit
1547 5215 1708 5269 Ermenricus
1730 5216 1755 5268 in
1777 5214 1827 5268 sat-

223 5305 236 5343 d
248 5305 274 5355 ld
286 5310 335 5370 est,
346 5306 385 5368 jus
397 5307 482 5357 liberae
495 5307 618 5358 electionis
630 5308 754 5360 ahbatum.
1038 5291 1064 5329 ¹¹·
1078 5279 1136 5329 ²⁶5·

223 5389 292 5439 ⁰l‘er
303 5391 488 5445 Teutonismom
499 5392 598 5458 ponitur
609 5393 874 5459 plusquamperfectum
886 5408 929 5460 pro
939 5396 989 5447 lur-
1072 5363 1084 5479 ἴ
1097 5363 1181 5414 Melius
1197 5366 1266 5429 '⁰3⁰5
1279 5365 1400 5417 mmd-

190 5455 308 5518 perlecto.
1093 5449 1248 5529 seuquarto.
