3794 6104
66 243 98 293 at
747 233 932 290 aristone.
1683 238 1717 293 δί

71 362 216 419 liotbadus
233 368 260 416 et
287 361 443 431 Erpoinus;
459 360 584 431 quamvis
596 361 622 414 in
637 361 696 414 istis
708 359 867 430 provinciis,
879 361 907 420 A
921 360 1093 431 praesumpsi.
1110 360 1163 429 Qui
1186 361 1214 415 in
1235 359 1411 427 monasterio,
1434 360 1481 416 ubi
1502 360 1536 414 ab
1557 360 1624 432 ipsis
1648 361 1723 417 rudi·

69 452 241 506 Ehemornm
267 449 379 513 scilicet,
405 449 586 514 Trevirorum,
619 448 871 520 Agrippinensium,
926 450 1025 503 mentis
1039 448 1158 504 infantiae
1175 449 1225 504 sub
1240 449 1372 505 canonico
1387 449 1480 504 babitu
1494 449 1721 516 educatusinde·

67 539 249 611 lfognntinae,
281 537 511 610 Lugdunensium,
531 537 738 600 Arelatensium,
761 536 872 591 Narbo-

69 627 213 694 nensium,
241 626 512 696 liotbomagensium,
544 626 753 689 Turonensium,
790 626 873 680 Seno·

68 733 149 783 num,
176 714 394 780 Bituricensium‚
425 714 680 785 Burdegalensinm‚
706 730 761 768 non
792 712 872 769 facile

71 805 169 876 plnres
186 804 301 858 inveniri
312 803 417 873 possint
432 802 563 873 episcopi,
580 802 622 856 vel
642 803 803 872 presbyteri,
828 810 873 856 aut

69 894 216 957 diacones,
234 892 279 963 qui
295 899 342 946 aut
365 890 465 946 abillis
481 907 535 944 non
554 890 608 945 sint
631 890 759 955 ordinati,
785 890 873 960 quiin

72 982 179 1037 Ebonis
194 980 365 1050 depositione
388 978 506 1044 fuerunt,
530 987 555 1033 et
578 995 621 1033 me
647 979 756 1051 quidam
779 994 873 1033 eorum

73 1080 99 1125 et
113 1071 149 1123 ab
163 1070 205 1123 eis
219 1069 336 1122 ordinati
365 1068 566 1129 ordinaverunt,
583 1076 629 1121 aut
644 1068 689 1138 qui
708 1067 742 1132 in,
759 1068 872 1122 ordina-

73 1160 147 1213 tione
179 1173 243 1211 mea
265 1156 466 1212 consentientes
490 1172 543 1210 non
567 1156 798 1226 subscripserunt,
825 1171 873 1209 scu

75 1248 119 1319 qni
135 1261 151 1299 a
167 1262 213 1300 me
237 1254 283 1299 ant
299 1245 334 1299 ab
349 1244 403 1299 illis
417 1260 471 1300 non
497 1245 549 1298 sint
571 1244 701 1313 ordinati,
728 1261 797 1314 quos
822 1259 873 1315 ego

76 1337 122 1390 Dei
138 1334 230 1405 gratia
243 1334 377 1388 ordinavi.
394 1333 447 1402 Qui
461 1341 521 1403 post
536 1333 698 1388 decennium
713 1332 873 1404 qnamidem

76 1424 142 1485 Eho,
167 1424 238 1477 sicut
270 1421 400 1490 Cisalpini
431 1421 552 1492 episcopi
575 1421 709 1486 dixerunt,
735 1421 874 1490 depositus

77 1512 173 1572 fuerat,
190 1520 216 1565 et
232 1510 291 1564 sine
306 1511 428 1581 regulari
447 1509 607 1579 repetitione
623 1509 665 1563 vel
680 1508 874 1563 reclamatione

77 1607 273 1671 pemranserat,
290 1606 370 1669 atque
385 1605 446 1668 post
457 1614 557 1651 annum
571 1614 653 1668 quarn
668 1597 788 1667 aSergio
804 1613 875 1667 papa

77 1688 238 1744 sententiam
254 1697 345 1741 notam
361 1695 527 1756 susceperat,
545 1702 627 1758 quarn
651 1686 800 1740 rectissime
824 1701 874 1740 an-

76 1778 186 1833 ctoritas
200 1784 318 1839 vestras,
334 1784 362 1828 ut
377 1775 502 1830 videlicet
517 1775 615 1829 divinae
637 1774 706 1846 legis
730 1774 870 1827 oraculum

77 1867 101 1920 in
121 1864 242 1934 epistola
271 1864 393 1934 synodali
422 1879 471 1933 per
500 1863 642 1934 Egilonem
666 1862 767 1917 directa
796 1862 875 1916 nobis

79 1953 212 2024 exposuit,
243 1953 270 2006 in
300 1953 405 2022 synodo
434 1952 504 2022 apud
535 1951 708 2023 Belgivacum
738 1950 874 2004 civitatem

79 2041 242 2096 libemensis
256 2041 413 2110 provinc-ia,
429 2056 445 2094 a
460 2040 534 2094 clero
552 2048 578 2093 et
601 2039 680 2108 plebe
709 2040 874 2093 llbemorum

79 2129 246 2200 metropolis
264 2129 313 2183 sed
329 2136 354 2183 et
369 2129 404 2182 ab
418 2128 553 2199 episcopis
577 2128 700 2196 ejusdcm
727 2125 875 2197 provinciae

79 2221 176 2290 petitus
191 2227 218 2272 et
243 2218 355 2284 electus,
382 2225 409 2271 et
432 2233 495 2272 curn
517 2217 628 2272 decreto
651 2217 783 2270 cannuico
805 2231 875 2285 prae·

79 2308 163 2362 sentia
187 2315 213 2361 et
235 2305 419 2360 unanimitatis
442 2321 576 2360 consensu
600 2306 719 2358 omnium
740 2303 874 2374 suflraga-

79 2412 189 2452 neorum
215 2395 301 2465 ipsius
325 2394 493 2464 metropolis,
527 2394 632 2448 cunctis
654 2393 873 2461 acclamantibus,

78 2485 150 2539 nullo
165 2492 260 2538 autern
275 2483 440 2537 reclamante
456 2482 498 2535 vel
524 2481 733 2549 contradicente,
764 2481 875 2554 regula·

80 2575 142 2628 riter
156 2572 185 2626 in
202 2571 301 2625 eadem
314 2571 440 2626 Ecclesia
464 2587 523 2624 snm
547 2570 697 2636 ordinatus,
721 2569 790 2623 sicut
819 2569 876 2638 epi·

81 2662 153 2716 stolae
169 2660 204 2714 de
231 2659 401 2714 ordinatione
422 2675 482 2714 mea
507 2667 606 2713 sanctae
632 2657 769 2712 memoriae
794 2656 875 2711 Leoni

923 554 976 608 que
992 538 1113 602 eductus,
1124 538 1152 591 in
1166 538 1267 608 palatio
1281 538 1374 593 domni
1398 537 1526 594 Ludovici
1548 537 1722 609 imperatoris

923 641 977 679 non
992 626 1100 681 modico
1116 635 1238 697 tempore
1253 627 1355 681 mansi.
1375 625 1522 682 Conversis
1530 635 1621 681 autem
1631 627 1667 683 ad
1677 643 1721 683 re·

924 714 1048 785 gularem
1064 714 1145 768 vitam
1161 724 1186 769 et
1201 715 1322 770 habitum
1347 713 1477 770 fratribus
1500 714 1528 769 in
1550 715 1721 771 monasterio

925 803 1009 857 sancti
1025 802 1157 873 Dionysii,
1174 802 1220 856 ubi
1234 804 1350 858 nutritus
1363 801 1478 869 fueram,
1495 803 1524 857 in
1538 803 1613 869 illud,
1632 820 1721 860 saecu-

923 891 977 944 lum
993 890 1110 963 lugiens,
1124 891 1182 944 sine
1207 907 1255 962 ape
1278 891 1321 946 vel
1339 892 1460 963 appetitu
1476 892 1648 962 episcopatus
1676 901 1723 948 aut

924 980 1038 1048 alicujus
1054 979 1229 1050 praelationis,
1246 979 1344 1034 diutina
1358 980 1451 1051 degui,
1468 988 1494 1035 et
1504 980 1602 1036 exinde
1613 997 1722 1036 assum·

924 1076 996 1138 ptus,
1013 1067 1193 1122 familiaribus
1206 1068 1344 1139 obsequiis
1368 1067 1473 1139 praelati
1496 1069 1677 1139 imperatoris,
1689 1084 1724 1126 ac

924 1157 1113 1227 episcoporum
1128 1155 1316 1222 conventibus,
1339 1172 1390 1225 pro
1412 1156 1471 1212 sola
1485 1157 1642 1212 obedientia
1656 1157 1723 1213 mibi

924 1245 1044 1314 injuncta
1059 1245 1221 1311 inserviens,
1241 1253 1303 1315 post
1327 1244 1429 1316 aliquot
1453 1261 1539 1301 annos
1563 1246 1722 1302 monasterii

925 1334 1043 1405 quietem
1059 1334 1165 1404 repetii.
1184 1337 1206 1388 Α
1222 1351 1285 1405 qno,
1302 1334 1422 1405 peccatis
1446 1334 1514 1388 meis
1538 1334 1720 1405 exigentibus,

925 1430 1005 1492 rupto
1020 1423 1148 1477 anchorae
1159 1421 1232 1488 sune,
1245 1423 1385 1493 quomein
1398 1430 1479 1493 portu
1490 1422 1662 1494 negligenter
1671 1422 1723 1478 de-

925 1511 1076 1578 vinxeram,
1093 1511 1144 1565 sub
1160 1511 1269 1565 obtentu
1286 1511 1380 1565 salutis
1394 1510 1579 1581 plurimorum,
1610 1525 1724 1582 persua·

926 1615 972 1652 sns
987 1599 1164 1654 hortamentis
1189 1615 1282 1653 eorum
1307 1599 1404 1670 quibus
1427 1597 1532 1653 facilius
1554 1615 1636 1672 quam
1659 1598 1725 1654 mihi

889 1714 915 1772 Β
928 1703 1041 1741 necesse
1056 1688 1124 1742 foret
1133 1688 1247 1753 credidi,
1260 1688 1293 1741 ad
1309 1694 1484 1758 tempestates
1492 1687 1575 1742 maria
1590 1687 1684 1759 magni
1699 1695 1726 1742 et

927 1775 1037 1845 spatiosi
1072 1776 1303 1846 periculosissime
1331 1792 1391 1829 snm
1420 1776 1576 1844 rejactatus.
1605 1776 1725 1833 Emenso

926 1872 1017 1918 autem
1043 1880 1115 1918 anno
1142 1872 1204 1934 post
1236 1864 1435 1919 ordinationem
1457 1880 1556 1929 meam,
1580 1863 1725 1920 lotherius

926 1952 1083 2022 imperator,
1100 1962 1128 2006 ut
1142 1953 1273 2022 praedixi,
1296 1967 1376 2007 cansa
1400 1950 1491 2006 fratris
1516 1952 1558 2005 sui
1586 1968 1654 2025 erga
1680 1968 1726 2008 me
1754 1948 1761 1955 ’

925 2048 1087 2106 commotus,
1109 2039 1238 2111 epistolas
1267 2056 1281 2093 a
1304 2039 1401 2111 Sergio
1434 2055 1505 2111 papa
1529 2041 1629 2112 exegit,
1655 2040 1726 2096 sieut

925 2137 1019 2199 postea
1042 2128 1107 2181 mibi
1139 2128 1264 2196 innotuit,
1288 2143 1339 2198 pro
1370 2126 1523 2181 refricando
1545 2127 1660 2183 concilio
1690 2128 1724 2183 de

926 2217 1028 2271 Ebonis
1050 2216 1230 2287 depositione,
1247 2216 1326 2287 quasi
1347 2215 1487 2270 discordia
1510 2224 1583 2270 esset
1604 2216 1632 2269 in
1652 2216 1724 2272 ltne-

925 2305 1013 2359 mcnsi
1029 2305 1154 2360 Ecclesia
1169 2320 1219 2375 pro
1237 2320 1297 2359 mea
1309 2303 1490 2371 ordinatione,
1514 2303 1587 2374 qnod
1610 2303 1725 2360 nullate·

926 2409 977 2446 nus
991 2393 1121 2448 constitit.
1132 2393 1210 2449 Unde
1221 2392 1307 2447 isdem
1319 2392 1435 2447 domnus
1445 2391 1612 2461 apostolicus
1621 2391 1725 2447 litteras

926 2483 1027 2536 domno
1039 2482 1138 2536 Carolo
1153 2482 1234 2550 misit,
1251 2480 1410 2551 praecipiens
1425 2488 1454 2533 ut
1468 2479 1652 2536 Guntboldum
1668 2481 1726 2536 llo·

927 2570 1132 2643 thomagensem
1144 2570 1389 2640 archiepiscopum,
1402 2585 1464 2624 cum
1473 2569 1579 2623 caeteris
1590 2569 1726 2641 episcopis

927 2659 1005 2729 regni
1020 2659 1062 2712 sui
1084 2675 1153 2729 quos
1173 2658 1319 2729 praedictus
1344 2656 1518 2712 Guntboldns
1540 2657 1574 2711 ad
1598 2658 1649 2712 hoc
1673 2657 1725 2713 sibi

81 2766 156 2820 papae
170 2749 293 2814 directae,
319 2755 344 2801 et
369 2747 468 2818 scripta
492 2746 685 2801 ecclesiastice
712 2745 874 2809 traditionis,
923 2747 1050 2817 eligeret,
1066 2747 1173 2801 obviarn
1188 2746 1281 2800 missis
1295 2746 1354 2814 ejus
1367 2745 1495 2799 Treveris
1518 2744 1552 2798 ad
1569 2745 1638 2801 hanc
1659 2761 1723 2801 can·

77 2854 134 2909 quae
149 2838 178 2892 in
191 2837 337 2893 Rbemensi
354 2836 475 2890 Ecclesia
496 2844 703 2898 conservantur,
717 2833 873 2888 ostendunt.
928 2850 986 2889 sam
1001 2834 1202 2890 discutiendum
1215 2834 1358 2905 dirigeret,
1375 2840 1402 2887 et
1416 2849 1459 2887 me
1474 2831 1509 2886 ad
1526 2832 1614 2903 ipsam
1642 2850 1724 2905 syno-

82 2927 108 2980 ln
129 2925 232 2996 quibus
266 2925 337 2977 inter
365 2933 461 2978 caetcra
485 2932 594 2978 secutos
615 2939 644 2977 sc
666 2922 724 2977 fore
753 2922 877 2975 dixerunt
915 2925 992 2977 ⁴dnm
1013 2924 1108 2978 venire
1127 2921 1238 2978 faceret.
1262 2923 1317 2993 lpsi
1340 2939 1448 2996 quoque
1473 2923 1631 2980 Guntboldo
1659 2922 1723 2979 inde

81 3014 209 3083 episcopi,
233 3012 403 3067 ordinatores
436 3011 561 3066 videlicet
593 3011 655 3076 mei,
691 3010 876 3066 auctoritatem
927 3012 1031 3067 litteras
1045 3011 1127 3077 misit,
1144 3021 1172 3065 nt
1187 3027 1248 3067 cum
1264 3019 1325 3082 post
1339 3011 1411 3066 diem
1427 3021 1528 3070 sanctae
1542 3011 1727 3068 Resurrectio

81 3101 201 3157 Africani
227 3100 344 3164 concilii,
367 3100 440 3171 quod
462 3100 553 3153 missis
572 3099 717 3169 episcopis,
745 3068 912 3152 EcclesiaeC
927 3101 970 3154 nis
985 3101 1085 3154 missos
1101 3116 1165 3155 suos
1180 3100 1252 3154 idern
1263 3100 1380 3155 domnus
1394 3117 1465 3172 papa
1479 3103 1508 3156 in
1522 3100 1660 3157 servitium
1675 3099 1726 3155 irn-

82 3191 181 3245 dintino
205 3198 330 3258 tempore
351 3204 401 3259 pro
425 3188 489 3259 luga
516 3187 617 3258 Equitii
644 3187 779 3241 destitutae
796 3186 877 3253 jussit
926 3189 1063 3259 paratoria
1077 3188 1205 3255 mitteret,
1223 3189 1258 3242 ad
1273 3189 1434 3258 praedictum
1445 3190 1535 3246 locum
1545 3204 1607 3245 curn
1618 3188 1725 3260 episco-

82 3278 199 3333 ordinari
214 3278 386 3347 episcopum.
407 3278 440 3330 Et
462 3276 573 3331 Damasi
597 3292 674 3346 papae
697 3276 815 3341 decreta,
842 3271 877 3329 ad
927 3278 969 3347 pis
983 3279 1054 3332 banc
1068 3291 1179 3332 causam
1190 3276 1351 3331 diffiniturus
1362 3277 1458 3333 adiret.
1475 3278 1529 3334 Sed
1543 3286 1571 3332 et
1584 3276 1724 3332 mibiinde

83 3367 224 3421 Paulinum
240 3365 398 3436 episcopum
409 3365 502 3437 (epist.
513 3365 540 3434 3)
555 3379 572 3418 a
586 3373 756 3436 congregata
771 3364 797 3416 in
808 3364 876 3417 urbe
927 3366 1029 3420 litteras
1045 3365 1127 3430 misit,
1144 3373 1172 3419 ut
1194 3366 1228 3419 ad
1250 3364 1323 3419 idern
1342 3366 1464 3421 venirem
1488 3366 1642 3422 concilium.
1667 3365 1726 3420 Nos
1786 3392 1787 3395 ¹

83 3457 163 3511 llorna
179 3453 287 3525 synoda
302 3453 414 3519 directa,
431 3453 464 3507 dc
479 3453 615 3523 episcopis
638 3453 727 3506 adbuc
755 3451 835 3504 etiam
849 3451 876 3504 in
927 3463 1016 3507 autem
1032 3453 1250 3524 exspectavimus
1264 3453 1376 3507 eosdem
1391 3454 1489 3508 missos
1504 3469 1590 3524 nsque
1606 3452 1642 3507 ad
1656 3467 1724 3508 con-

83 3552 145 3605 statn
171 3559 222 3597 suo
242 3542 424 3608 manentibus,
447 3550 473 3594 et
497 3549 592 3596 contra
623 3540 735 3613 regulas
758 3539 878 3593 transmi·
927 3542 1026 3596 dictum
1042 3541 1198 3605 terminum,
1215 3548 1311 3596 elnon
1326 3551 1467 3597 venerunt.
1485 3539 1657 3612 Quapropter
1675 3555 1724 3595 au·

83 3631 256 3705 gentibus«
275 3632 340 3700 Eos,
357 3631 451 3701 inquit,
469 3631 513 3701 qni
529 3630 563 3684 de
581 3629 713 3684 Ecclesiis
729 3629 762 3681 ad
779 3627 876 3683 Ecclc-
928 3629 1049 3685 ctoritate
1071 3629 1219 3684 litterarum
1238 3629 1331 3684 domni
1359 3646 1439 3702 papae
1463 3629 1563 3700 Sergii,
1588 3637 1723 3684 annuente

83 3722 130 3775 sias
144 3721 344 3792 migraverunt,
364 3719 456 3774 tandin
471 3719 688 3773 acommunione
711 3725 806 3772 nostra
826 3718 877 3771 ba·
928 3720 1029 3774 domno
1043 3727 1137 3786 nostro
1152 3734 1217 3790 rege
1233 3717 1338 3786 Carolo,
1355 3734 1417 3773 cnm
1441 3717 1724 3788 consensuarchiepi-

84 3811 175 3865 bemus
190 3809 307 3875 alienos,
325 3808 444 3879 quandiu
466 3808 499 3861 ad
524 3823 571 3861 eas
601 3806 730 3861 redierint
755 3806 878 3861 civitates
929 3824 1073 3878 scoparum
1088 3816 1114 3862 et
1138 3815 1299 3864 caeterorum
1323 3806 1604 3879 episcoporumregni
1627 3806 1722 3878 ipsius,

85 3897 107 3951 in
122 3897 223 3970 quibus
238 3897 358 3967 primum
373 3905 435 3950 sunt
445 3896 593 3951 constituti.
611 3893 725 3962 Quodsi
742 3893 878 3961 alius,alio
930 3896 1101 3951 Guntboldns
1114 3896 1249 3967 synodum
1261 3896 1391 3966 condixit,
1407 3912 1461 3969 quo
1476 3897 1601 3952 Ebonem
1616 3894 1722 3962 litteris,

86 3986 307 4057 transmigrante,
322 3985 349 4038 in
363 3983 423 4039 loco
439 3984 554 4039 viventis
577 3995 618 4037 est
639 3983 789 4050 ordinatus,
816 3991 878 4035 tan·
929 4000 1043 4057 quarum
1054 3985 1193 4055 exemplar
1206 3985 1348 4050 babemus,
1359 3985 1567 4056 perErpoinum
1580 3983 1727 4056 provinciae

87 4075 125 4129 diu
140 4083 219 4130 vacet
235 4073 381 4128 sacerdotii
396 4073 527 4145 dignitate
543 4072 588 4143 qui
604 4088 683 4126 suam
694 4070 816 4125 deseruit
842 4070 880 4124 ci·
930 4073 1091 4129 Rbemensis
1105 4073 1263 4145 episcopum
1277 4074 1398 4141 directis,
1416 4091 1448 4128 ex
1472 4073 1631 4130 auctoritate
1657 4087 1728 4144 ptat-

87 4165 201 4225 n'tatem,
234 4162 354 4234 quandiu
376 4177 520 4216 successor
541 4161 599 4228 ejus
622 4160 744 4231 quiescat
766 4159 792 4212 in
822 4160 879 4213 Do·
930 4162 1077 4233 dictipapae
1092 4162 1259 4231 convocavit,
1275 4171 1303 4216 ιιι
1319 4161 1726 4231 sccundumejuscommenda-

88 4253 163 4306 nino.
930 4250 1032 4304 tionem
1047 4251 1115 4304 banc
1129 4266 1240 4305 cansam
1256 4251 1417 4321 regulariter
1431 4250 1572 4318 diffiniret,
1590 4249 1726 4305 etdiflini·

116 4342 174 4410 Ego
190 4345 284 4392 autern
298 4335 508 4391 decernentibus
532 4336 617 4390 sacris
638 4336 788 4391 canonibus
816 4336 880 4389 Car·
928 4339 1030 4393 tionem
1045 4339 1130 4409 ipsius
1146 4339 1185 4393 rei
1208 4339 1353 4395 adsedem
1373 4339 1549 4411 apostolicam
1577 4338 1728 4395 secundnm

89 4426 252 4499 thaginensis
269 4424 387 4487 concilii,
397 4433 423 4478 ut
436 4425 589 4496 quicunque
604 4425 696 4480 clerici
709 4425 750 4479 vcl
760 4425 877 4489 diaconi,
894 4425 1024 4483 Dsacras
1040 4427 1148 4497 regulas
1161 4427 1263 4482 referre
1274 4436 1392 4484 curaret.
1409 4428 1470 4496 Quo
1493 4427 1581 4482 isdem
1602 4426 1661 4481 Ebo
1676 4424 1729 4479 sibi

89 4532 129 4584 pro
143 4514 356 4571 necessitatibus
371 4512 554 4567 Ecclesiarnm
566 4528 620 4567 non
631 4513 878 4583 obtemperaverint

91 4605 217 4675 episcopis
232 4603 300 4663 suis,
317 4601 467 4656 volentibus
478 4617 525 4655 eos
536 4602 571 4655 ad
580 4604 710 4657 honorem
719 4602 880 4671 ampliorem

93 4692 113 4746 in
127 4708 175 4747 sua
190 4691 319 4746 Ecclesia
333 4705 506 4759 promovere,
521 4705 573 4744 nec
590 4690 645 4745 illic
669 4691 696 4743 in
720 4691 806 4761 gradu
832 4705 881 4745 suo

91 4783 247 4849 ministrent,
264 4779 336 4832 nude
352 4778 481 4832 recedere
496 4778 648 4833 noluerunt.
663 4777 740 4846 Quod
766 4787 792 4833 et
814 4795 880 4832 san-

92 4879 142 4923 ctus
157 4869 309 4940 Gregorius
322 4868 350 4920 in
374 4866 488 4936 epistola
509 4867 542 4920 ad
566 4867 713 4922 Galliarum
738 4868 881 4938 episcopos

92 4957 320 5028 approbatdicens
334 4957 393 5020 (lib.
411 4956 550 5026 arreptae.
563 4959 622 5017 tto,
634 4957 693 5011 ind.
708 4959 769 5024 lli:
785 4978 795 5006 a
809 4956 882 5009 Sicut

92 5047 166 5116 isqui
182 5046 311 5099 invitatus
326 5044 425 5109 renuit,
449 5044 578 5114 quaesitus
603 5043 712 5116 refugit,
730 5045 813 5099 sacris
841 5051 883 5097 est

91 5135 214 5188 altaribus
229 5132 426 5192 admovendus,
445 5133 484 5186 sic
499 5133 544 5204 qni
558 5133 629 5186 ultro
644 5133 737 5200 ambit,
762 5133 804 5188 vel
830 5132 882 5186 im-

90 5232 229 5291 portunum
244 5238 274 5276 se
290 5222 398 5291 ingerit,
415 5230 457 5275 est
473 5221 568 5293 procul
579 5221 661 5275 dnbio
671 5222 880 5291 repellendus.»

90 5310 180 5365 flentis
194 5317 221 5364 et
236 5309 360 5380 corporis
374 5310 409 5365 ad
423 5311 605 5365 obediendum
622 5311 758 5380 episcopis
770 5320 796 5365 et
810 5311 883 5366 ordi·

91 5398 225 5455 natoribus
239 5397 310 5452 meis
323 5398 392 5453 colla
401 5399 541 5469 supposui,
552 5400 680 5471 quoniam
694 5399 773 5454 aliter
787 5401 885 5455 ductus

91 5494 244 5559 devotione,
261 5494 331 5550 sicut
344 5503 407 5552 tunc
421 5496 486 5550 mibi
501 5495 594 5551 videre
605 5497 728 5564 videbar,
739 5513 823 5569 agere
831 5514 885 5553 non

930 4516 1056 4572 conscius
1072 4517 1163 4571 venire
1179 4531 1232 4570 non
1248 4516 1341 4582 voluit,
1359 4532 1410 4572 nec
1424 4524 1452 4570 ut
1467 4515 1539 4585 apud
1553 4514 1648 4569 sedern
1662 4527 1728 4583 apo-

931 4605 1064 4671 stolicam,
1082 4620 1098 4658 a
1113 4620 1166 4676 qun
1181 4613 1273 4659 notam
1284 4605 1444 4660 sententiam
1458 4602 1586 4672 suscepit,
1599 4600 1728 4656 absolve-

931 4700 1006 4747 retur
1021 4693 1128 4763 sategit,
1145 4709 1207 4748 cum
1223 4693 1305 4748 eundi
1326 4694 1390 4746 illuc
1414 4690 1568 4745 facultatem
1591 4688 1726 4760 babuerit,

932 4782 1059 4853 quoniam
1083 4781 1129 4835 din
1153 4781 1180 4836 in
1206 4781 1281 4836 ltalia
1304 4781 1473 4843 immoratus,
1491 4787 1517 4833 et
1537 4778 1728 4850 proprietatem

932 4871 965 4925 de
995 4869 1164 4924 facultatibus
1192 4869 1353 4924 Rbemensis
1382 4867 1514 4923 Ecclesiae
1543 4876 1729 4939 comparatam

932 4958 1092 5029 possederit,
1110 4967 1136 5012 et
1152 4957 1285 5011 abbatiam
1301 4955 1386 5012 sancti
1412 4955 1572 5012 Columbani
1587 4957 1659 5028 apud
1674 4956 1729 5012 Lo-

933 5047 1050 5101 tharium
1065 5046 1221 5109 obtinuerit,
1238 5045 1286 5098 sed
1300 5053 1326 5099 et
1339 5043 1367 5098 in
1376 5044 1436 5100 istis
1447 5046 1607 5118 regionibus
1617 5045 1731 5100 alteram

933 5135 1069 5189 abbatiani
1084 5135 1198 5204 adeptus
1213 5132 1302 5199 suerit,
1319 5149 1388 5205 quas
1402 5141 1429 5189 et
1444 5134 1538 5189 babuit
1553 5150 1639 5205 usqne
1667 5132 1732 5187 dum

933 5224 1097 5295 legationem
1112 5223 1139 5277 in
1150 5220 1281 5277 Graeciam
1292 5239 1307 5277 a
1321 5223 1609 5292 Lotlrariosusceptam
1619 5221 1732 5293 exsequi

935 5312 1102 5376 detrectavit,
1119 5319 1144 5365 et
1155 5311 1190 5364 ob
1205 5311 1232 5365 id
1247 5313 1367 5367 bonores
1381 5327 1450 5385 quos
1465 5328 1480 5364 a
1503 5308 1617 5380 praefato
1641 5309 1730 5381 impe·

936 5409 1025 5454 ratore
1040 5408 1183 5471 acceperat
1198 5401 1326 5471 perdidit,
1343 5410 1369 5455 et
1383 5417 1432 5471 per
1456 5397 1626 5454 clementiam
1641 5398 1733 5454 Ludo-

937 5488 988 5543 vici
1000 5487 1073 5558 regis
1085 5489 1240 5544 Germaniae
1261 5489 1288 5544 in
1302 5487 1440 5561 provincia
1455 5485 1615 5560 lfaguntina
1630 5486 1732 5542 condu-
