3794 6104
49 258 105 317 205
803 250 990 309 EPISTOLAE.
1653 258 1706 313 206

51 380 126 454 regis
139 377 240 449 Caroli,
257 393 330 435 nunc
352 385 443 434 autern
471 377 573 451 gratias
596 377 654 433 Deo
682 374 855 448 imperatoris
870 375 967 438 Aesse
982 393 1042 450 quae
1056 377 1181 449 gesserit.
1208 376 1316 446 Quanta
1339 377 1412 433 enim
1429 376 1536 433 vicariis
1558 378 1707 434 beatissimi

50 468 178 541 Augusti,
195 484 289 523 uerum
305 475 332 523 ct
345 466 503 523 invitatione
518 465 682 523 confratrum
698 481 730 522 ac
759 465 853 536 coepi·
904 465 976 520 Petri
991 467 1105 536 apostoli
1123 465 1288 535 judicabitur
1314 482 1375 522 esse
1387 467 1549 533 reverentia,
1566 466 1589 521 si
1604 483 1665 538 quae
1678 468 1707 523 in

51 572 201 628 scaporum
221 564 383 623 nostrorum,
414 564 540 628 seqentes
567 554 745 627 apostolicam
773 571 855 625 regu·
905 554 1057 609 sacerdotio
1089 555 1260 626 praecipiunt,
1296 555 1400 610 eisdem
1427 555 1612 610 transeatibus
1645 557 1705 611 dis-

51 645 114 711 lam,
133 661 195 718 quae
209 644 276 701 dicit
297 647 374 702 :Per
397 645 568 700 clamatam
595 645 698 700 seruile
722 643 852 711 inuicem,
905 642 1068 698 solvantur?
1086 666 1096 693 n
1114 645 1148 699 llt
1163 655 1272 701 sanctus
1287 646 1341 701 Leo
1356 662 1427 717 papa
1445 646 1473 702 in
1501 646 1620 703 decretis
1648 647 1705 702 suis

52 735 170 806 sabjecti
185 735 355 790 inuicemia
371 734 471 790 timore
503 734 607 789 Christi
633 734 707 803 (Gal.
739 733 768 800 v)
796 746 855 801 ,per
906 730 1021 802 praelixit
1037 732 1131 802 (epist.
1150 735 1200 803 l):
1225 755 1236 785 a
1261 734 1320 790 Hoc
1337 735 1426 806 itaque
1446 735 1593 791 admonitio
1613 743 1706 791 nostra

53 822 160 878 diversa
184 821 246 878 laea
276 821 451 893 diversasque
478 821 643 892 provincias,
672 820 707 875 ad
736 819 855 890 synodos
905 818 1044 873 denuntiat
1059 821 1132 890 quod
1146 821 1169 874 si
1184 821 1244 894 quis
1260 822 1374 877 fratrum
1384 832 1480 880 contra
1494 825 1553 880 haec
1562 825 1708 880 constituta

53 910 202 967 convenire
231 909 395 976 studuimus,
425 917 455 964 et
480 917 561 980 prout
588 908 694 964 dederit
724 907 856 963 Dominus
907 907 1022 975 venerit,
1050 908 1093 963 vel
1122 909 1215 966 venire
1238 912 1392 978 tentaverit,
1418 919 1443 968 et
1465 912 1602 983 prohibita
1626 912 1707 969 luerit

52 1014 132 1071 posse
148 998 332 1079 studebimus,
349 1006 377 1053 ut
392 997 552 1069 praedictum
567 1006 617 1063 est,
635 1005 661 1052 et
675 1012 748 1068 saepe
764 996 857 1051 dicen·
907 1013 989 1050 ausus
1010 995 1162 1065 admittere,
1185 1013 1202 1053 a
1225 1015 1273 1054 suo
1298 1015 1327 1055 se
1346 1000 1453 1056 novarit
1476 1000 1565 1056 officio
1593 1001 1707 1056 subma-

53 1088 113 1142 dum
128 1094 183 1152 est,
199 1087 246 1159 qui
260 1103 315 1142 non
330 1087 362 1140 ab
376 1103 405 1142 re
419 1095 461 1142 est
480 1085 579 1157 saepius
607 1086 692 1141 verbo
719 1092 855 1156 repetere,
908 1085 1037 1152 rendum,
1065 1101 1116 1142 nec
1145 1087 1344 1143 communionis
1373 1097 1472 1145 nostrae
1499 1088 1619 1145 futurum
1646 1105 1708 1145 esse

52 1176 122 1248 quad
138 1192 251 1247 semper
262 1191 377 1232 necesse
404 1182 445 1230 est
474 1175 565 1230 animo
593 1174 720 1240 retinere,
748 1181 857 1229 serrato
908 1180 1074 1242 consortem,
1087 1173 1133 1244 qui
1162 1175 1252 1230 socius
1280 1191 1341 1231 esse
1364 1175 1449 1232 noluit
1476 1177 1637 1248 disciplinae.
1666 1178 1709 1234 Ne

51 1267 109 1335 jure
125 1264 265 1336 privilegii
279 1264 373 1320 domni
386 1263 534 1330 Benedicti,
552 1263 575 1317 si
590 1279 639 1319 nos
654 1261 775 1317 fraterna
789 1263 858 1316 clia·
908 1261 973 1332 quid
998 1277 1064 1318 vero
1093 1263 1137 1331 sit,
1167 1263 1241 1333 quod
1268 1265 1482 1335 praetermissum
1503 1266 1613 1322 anobis
1636 1266 1707 1321 l'orte

55 1354 120 1408 ritas
135 1352 303 1420 invitaverit,
320 1352 465 1424 potiusque
485 1352 572 1422 jussio
593 1351 750 1422 apostolicae
773 1351 856 1416 sedis,
909 1350 1044 1415 credatur,
1068 1350 1160 1405 omnia
1184 1351 1333 1407 decretalia
1360 1353 1516 1421 constituta,
1547 1361 1602 1408 tam
1621 1354 1709 1409 beatas

54 1451 76 1498 et
90 1442 243 1514 praeceptio
258 1442 352 1497 domui
373 1440 458 1496 nostri
486 1439 575 1497 Caroli
599 1439 771 1511 imperatoris
800 1441 858 1494 Aa·
909 1437 1105 1494 recordationis
1121 1439 1281 1508 lnnocentii,
1298 1456 1380 1511 squam
1395 1442 1516 1498 omniunt
1536 1442 1711 1498 decessorum

56 1531 125 1604 gusti
141 1547 193 1586 uos
217 1531 253 1585 ad
281 1530 425 1600 synodum,
455 1527 524 1585 sicut
551 1529 714 1600 precipiunt
742 1527 856 1600 regulae,
909 1534 1147 1599 nostrorumque
1174 1529 1208 1584 de
1235 1528 1428 1585 ecclesiasticis
1457 1531 1600 1586 ordinibus
1612 1539 1639 1586 et
1667 1547 1712 1586 aa·

54 1636 148 1676 rocare
164 1618 320 1676 decreverit
334 1633 384 1689 pro
400 1617 507 1685 talibus,
523 1635 583 1690 quae
603 1617 671 1673 forte
701 1614 859 1687 provinciali
909 1630 1012 1670 nonum
1032 1616 1205 1687 promulgata
1221 1626 1283 1672 suut
1297 1617 1458 1689 disciplinis,
1474 1619 1510 1674 ita
1525 1635 1540 1673 a
1555 1628 1647 1675 vestra
1670 1619 1715 1674 di-

57 1707 226 1780 nequirerint
246 1705 369 1762 examine
384 1705 503 1771 diffiniri,
520 1706 638 1761 maxime
653 1707 680 1759 in
695 1721 778 1761 causa
795 1704 859 1760 fidei
873 1703 1028 1791 Blecttone
1042 1705 1174 1760 custodiri
1190 1705 1291 1762 debere
1313 1707 1482 1774 mandamus,
1508 1715 1538 1763 ut
1561 1709 1584 1762 si
1608 1708 1669 1779 quis
1683 1708 1712 1763 iu

55 1796 93 1852 rel
108 1795 251 1869 generalis
266 1794 416 1868 religionis,
447 1795 517 1850 sicut
544 1798 573 1848 ln
600 1793 757 1864 apostolicae
787 1794 859 1848 sedis
910 1792 955 1848 illa
970 1793 1145 1860 commiserit,
1162 1793 1271 1850 ueniam
1286 1794 1337 1850 sibi
1353 1796 1483 1866 deinceps
1498 1797 1604 1852 noverit
1623 1797 1710 1852 dene-

56 1883 224 1956 pantificum,
255 1892 282 1939 et
309 1884 338 1938 in
366 1882 487 1954 epistolis
518 1883 635 1956 legimus
661 1885 857 1956 Augustorum.
909 1879 978 1952 gari.
995 1900 1006 1931 r
1024 1879 1095 1948 Quia
1111 1881 1182 1937 enim
1197 1882 1226 1937 in
1240 1883 1312 1954 Lege
1329 1891 1354 1938 et
1369 1883 1397 1936 in
1419 1884 1571 1957 Evangelio
1593 1885 1711 1941 duorum

56 1974 189 2043 Quoniam
203 1973 402 2044 imperatorum
417 1973 575 2028 auctoritate
590 1980 752 2028 convocatas
776 1987 860 2044 gene·
910 1968 952 2023 vel
968 1968 1048 2022 trium
1065 1969 1174 2024 testium
1189 1978 1246 2025 rata
1255 1971 1388 2026 sententia
1396 1973 1597 2042 comprobatur,
1609 1981 1711 2044 quanto

55 2063 123 2118 rales
142 2062 276 2134 synodos,
294 2069 319 2116 et
334 2061 362 2116 in
377 2060 499 2115 historiis
512 2059 706 2116 ecelesiasticis
722 2068 748 2115 et
762 2060 790 2114 in
807 2059 861 2130 epi·
909 2056 998 2112 studio
1017 2058 1115 2113 horum
1130 2066 1253 2129 quatuor,
1270 2059 1305 2114 de
1320 2059 1446 2131 qualibus
1465 2060 1530 2115 dicit
1553 2061 1710 2118 Dominus:

56 2151 128 2207 stalis
144 2149 307 2222 apostolicae
322 2149 395 2204 sedis
408 2148 567 2220 pontificum
583 2148 744 2220 reperimus.
908 2145 937 2199 st
950 2145 1004 2200 dac
1019 2161 1056 2200 ea
1071 2147 1143 2201 vobis
1158 2149 1353 2203 consenserint
1367 2152 1574 2218 superterram,
1592 2149 1712 2207 deornat'

87 2240 196 2294 XXIX.
212 2239 248 2293 Et
258 2246 374 2294 sanctus
405 2237 556 2310 Gregorius
584 2253 663 2308 reges
693 2237 859 2292 Francorum
909 2233 1007 2301 refict,
1024 2232 1057 2288 de
1071 2235 1227 2303 praestitutis
1243 2237 1406 2292 anteriorum
1421 2237 1570 2308 privilegiis
1594 2253 1710 2294 conser-

55 2330 173 2401 synodos
184 2327 212 2381 in
228 2325 340 2382 Gallicis
355 2334 381 2380 et
396 2324 513 2398 belgicis
533 2325 681 2396 provinciis
708 2340 860 2381 convocare
909 2321 1006 2376 randis
1021 2320 1163 2377 uniformis
1183 2323 1316 2379 sententia
1341 2325 1438 2381 debeat
1460 2326 1630 2394 conseruari,
1650 2342 1712 2383 cor·

56 2434 127 2488 saepe
156 2414 334 2472 commonuit.
365 2414 419 2470 Sed
449 2414 587 2485 quoniam,
619 2421 647 2469 ut
675 2414 729 2468 Leo
756 2413 860 2468 monuit
909 2408 988 2464 datus
1002 2409 1120 2481 quisque
1132 2411 1262 2478 attendat,
1279 2420 1305 2468 et
1319 2412 1392 2470 unde
1412 2414 1528 2487 quisque
1549 2413 1711 2472 nostratium

56 2509 148 2579 [epist.
167 2509 202 2560 56
217 2506 254 2560 ad
268 2504 455 2572 Anatolium),
485 2519 563 2557 mens
578 2502 704 2572 potentiae
714 2501 795 2557 avida
808 2517 860 2558 nec
909 2512 958 2567 pra
973 2496 1046 2554 srdeli
1056 2500 1211 2556 reverentia
1234 2517 1267 2557 ac
1281 2502 1489 2558 conservatione
1516 2502 1644 2558 meritum
1659 2503 1712 2559 sibi

54 2595 169 2649 abstinet
184 2592 286 2661 vetitis,
302 2607 353 2646 nec
368 2591 468 2662 gaudet
482 2590 631 2655 concessis,
649 2597 676 2645 et
690 2588 798 2645 difficile
818 2597 860 2645 est
908 2585 996 2642 beatae
1010 2588 1234 2644 remunerationis
1256 2596 1347 2659 potest
1368 2591 1521 2661 acquirere,
1547 2607 1581 2646 ne
1603 2607 1710 2662 praeva-

55 2690 82 2737 ut
95 2680 235 2753 cupiditas
249 2679 433 2751 improborum
449 2695 503 2735 non
519 2678 622 2750 aliquid
638 2693 717 2748 supra
745 2694 858 2733 mensu·
909 2673 1021 2730 ricaudo
1035 2675 1186 2747 periculum
1205 2676 1334 2746 incurrat,
1350 2693 1517 2750 magnopere
1531 2688 1635 2735 caveat.

55 2787 109 2825 mni
137 2769 269 2826 moliatur
298 2776 427 2839 appetere
443 2785 449 2821 :
466 2784 501 2822 ne
530 2767 591 2839 quis
611 2775 734 2821 nostrum
760 2767 858 2821 oblitus
943 2762 1035 2818 XXX.
1047 2763 1169 2819 Tandem
1181 2764 1300 2822 brevites
1313 2781 1526 2822 commemorare
1541 2767 1708 2838 censuimus,

55 2857 244 2930 preceptionis
258 2856 393 2928 Apostoli,
409 2855 464 2911 imo
477 2872 527 2927 per
550 2855 709 2926 Apostolum
738 2854 856 2921 Domini,
908 2849 971 2920 quia
986 2859 1081 2908 sancto
1104 2860 1131 2907 et
1149 2853 1306 2910 veneranda
1329 2854 1386 2912 tiro
1404 2855 1543 2912 Bonilacio
1562 2856 1590 2910 in
1618 2856 1707 2913 Frisia

56 2948 97 3018 qui
111 2946 178 3003 dicit
195 2962 202 3001 τ
221 2946 253 3001 la
269 2945 398 3001 orantius
413 2944 598 3000 enititeomas
613 2960 663 2999 aas
684 2945 758 3015 ipsas
784 2946 861 2999 sicat
907 2939 1021 2995 verbum
1036 2940 1144 2996 Domini
1159 2942 1334 3012 praedicante,
1351 2958 1423 2999 auno
1436 2943 1632 3000 lucarnationis
1647 2946 1706 3000 Do-

57 3037 101 3091 Dei
115 3036 275 3101 ministros,
284 3035 394 3090 nemini
408 3033 508 3088 dantes
519 3034 610 3088 allam
623 3032 814 3103 efferationem,
825 3035 858 3087 at
907 3026 1091 3096 macerat,
1106 3030 1234 3100 martyrio
1259 3040 1398 3100 coronato,
1422 3042 1450 3088 et
1471 3033 1634 3089 Simoniacae
1655 3034 1708 3090 hae·

57 3141 109 3181 aaa
122 3125 304 3197 vituperetur
318 3123 512 3178 ministeriam
526 3126 656 3176 nastrum
671 3120 680 3190 (
697 3121 722 3175 ll
732 3123 791 3177 Cor.
805 3120 855 3192 rr),
908 3116 976 3171 resis
995 3117 1136 3187 pravitate,
1160 3127 1186 3174 et
1208 3119 1406 3191 neophytorum
1432 3122 1654 3193 praesumptione,
1671 3135 1705 3178 ao

59 3221 98 3266 aut
120 3211 309 3283 improbitate,
338 3217 383 3264 aut
411 3209 595 3265 assentatione
625 3216 717 3265 contra
744 3207 858 3280 prelata
907 3205 1014 3260 caeteris
1038 3206 1189 3278 quibusque
1215 3222 1267 3278 pro
1286 3215 1438 3279 temporum
1466 3210 1666 3282 opportunitate
1681 3216 1709 3265 et

907 3293 1037 3364 qualitate
1051 3294 1218 3365 compositis,
1239 3296 1369 3353 hactenus
1386 3297 1534 3368 provincia
1549 3298 1705 3368 Cisalpinae,

907 3381 1075 3452 temporibus
1089 3382 1195 3454 Pippini
1210 3385 1295 3456 regis,
1311 3392 1338 3439 et
1351 3385 1438 3440 Caroli
1453 3400 1484 3442 ec
1507 3385 1638 3441 Ludovici
1652 3385 1706 3441 im·

60 3301 199 3373 pritilegia
212 3298 391 3371 pertinaciter
404 3297 532 3353 moliatur
546 3297 701 3369 insurgere,
727 3305 754 3352 et
780 3296 856 3367 peri-

61 3388 142 3443 eulum
162 3388 304 3444 intentatae
332 3387 513 3442 damnationis
542 3386 628 3457 possit
656 3386 807 3452 incurrere,
822 3385 857 3439 de

61 3484 182 3531 cernente
210 3474 320 3531 Zosimo
341 3491 413 3547 papa
434 3475 470 3530 ad
493 3474 644 3540 Aurelium,
662 3481 688 3529 et
714 3473 857 3528 universos

64 3565 197 3635 episcopos
231 3579 281 3634 per
307 3562 429 3620 africam
457 3561 628 3629 constitutos,
659 3561 857 3631 uniuersosque

64 3652 256 3724 episcoposper
272 3650 377 3707 Gallias
392 3658 418 3706 ct
437 3659 542 3722 septem
570 3650 725 3723 provincias
753 3648 857 3705 consti-

66 3749 132 3811 tutos,
150 3749 178 3798 et
192 3740 330 3797 universis
344 3740 480 3812 episcopis
494 3756 543 3811 per
567 3739 725 3811 Hispaniam
753 3737 858 3794 causti-

67 3829 128 3895 tutis,
144 3847 162 3886 a
176 3829 239 3901 pari
254 3829 349 3902 (episi.
367 3830 408 3900 6).
431 3851 442 3878 s
460 3829 678 3895 Cumadversus,
690 3828 787 3900 inquit,
801 3835 858 3881 sta-

69 3925 111 3972 tuta
124 3919 237 3974 Petrum
253 3919 372 3984 venitur,
388 3917 672 3973 nontantumillorum
682 3916 859 3988 providentia

70 4014 132 4079 atque
147 4005 303 4073 sententie,
325 4006 372 4077 qui
396 4006 424 4060 iu
451 4022 539 4061 aerum
570 4006 673 4062 victura
701 4013 857 4070 sanxerunt,

72 4095 106 4149 sed
116 4095 167 4167 ipsi
182 4095 387 4168 quodammodo
408 4093 472 4149 srdei
495 4103 521 4149 ct
547 4093 687 4149 catholicae
709 4092 859 4164 disciplinae

73 4180 190 4257 irrogatur
200 4183 310 4253 inJuria.
324 4203 336 4235 ι
350 4184 384 4238 Et
399 4189 507 4239 sanctus
520 4182 629 4237 llilarus
644 4199 721 4254 papa,
740 4189 859 4252 utsupra

74 4273 228 4335 ostendimus,
245 4271 312 4327 dicit
326 4272 419 4342 (epist.
439 4272 505 4341 lll:
525 4272 614 4327 «Non
636 4271 726 4325 minus
748 4269 776 4325 in
792 4286 858 4325 sau-

76 4365 154 4415 tlarum
169 4360 343 4416 traditionem
357 4359 520 4430 delinquitur
540 4358 704 4425 sanctiones,
730 4376 811 4430 quam
832 4358 859 4412 in

906 3477 1072 3541 paratarum,
1089 3470 1149 3525 siue
1170 3472 1222 3527 hoa
1244 3471 1398 3543 primicerio
1423 3472 1466 3529 rel
1484 3473 1597 3545 primate
1611 3474 1706 3531 asede

907 3556 1056 3628 apostafica
1071 3555 1293 3629 delegatoannos
1307 3560 1416 3616 circiter
1443 3561 1540 3632 viginti
1568 3570 1622 3617 tres
1637 3564 1705 3631 (imo

907 3663 997 3702 annas
1015 3647 1183 3719 rroaapt'nta)
1200 3657 1370 3715 manserunt,
1388 3656 1415 3705 et
1431 3650 1643 3723 metropolitanis
1654 3650 1709 3706 sin-

908 3734 979 3808 gulis
995 3735 1117 3804 suajure
1136 3742 1251 3802 seruate,
1275 3735 1433 3809 apostolicas
1461 3738 1536 3794 sedis
1562 3737 1664 3807 lavore,
1681 3747 1709 3796 et

907 3823 1060 3894 principum
1085 3840 1197 3881 suorum
1226 3824 1412 3895 dispositione,
1440 3827 1589 3884 secundum
1613 3842 1707 3885 sacros

908 3926 1037 3979 canones,
1054 3920 1081 3970 et
1090 3912 1201 3970 decreta
1230 3914 1353 3983 ejusdem
1371 3922 1473 3972 sancte
1495 3916 1569 3973 sedis
1595 3915 1706 3988 pontisi-

909 4015 979 4066 curn,
999 4016 1112 4073 queque
1126 3999 1236 4059 luerunt
1259 4004 1375 4075 agenda,
1397 4005 1565 4062 venerabiles
1585 4005 1706 4076 episcopi

908 4105 958 4160 per
969 4089 1155 4147 auctoritatem
1170 4105 1305 4147 canonum
1316 4107 1464 4161 sacrarum,
1482 4101 1509 4149 et
1537 4093 1645 4152 decreta
1661 4110 1707 4152 se-

909 4177 951 4233 dis
965 4175 1094 4234 Romanae
1107 4177 1264 4251 pontificum
1278 4189 1453 4252 peregerunt.

944 4265 1047 4321 xlm.
1063 4268 1157 4338 Droga
1171 4267 1277 4325 interea
1290 4269 1450 4325 lletensium
1466 4269 1620 4341 episcopus,
1637 4270 1708 4326 fastu

911 4354 995 4427 regia
1008 4355 1145 4427 prosapia
1157 4355 1313 4423 subvectus,
1330 4358 1401 4414 hanc
1415 4357 1601 4428 praelationem
1621 4358 1649 4412 in
1660 4360 1706 4414 Ci-

76 4442 186 4513 injuriam
202 4449 289 4520 ipsius
305 4447 414 4504 Domini
428 4447 578 4519 prosilitur.
601 4449 851 4519 »Etsanctuspnpa
863 4437 892 4502 D
902 4442 1400 4518 salpinisregionibus,nactaquadam
1410 4445 1563 4511 occasione,
1576 4453 1710 4516 temperet

78 4530 233 4602 Symmachus
248 4537 284 4592 ad
312 4536 459 4593 Caesarium
483 4535 672 4591 arelatensem
697 4536 856 4608 episcopum

78 4620 220 4697 licitlepist.
239 4626 266 4697 l)
284 4644 317 4681 z«
344 4625 412 4681 Cum
434 4625 468 4681 ad
490 4624 628 4681 Trinitatis
656 4624 751 4692 instar,
780 4626 856 4694 cujus

10 4726 12 4767 ;
79 4722 161 4769 tuest
175 4723 258 4786 atque
273 4712 413 4769 individua
436 4720 556 4785 potestas
581 4729 664 4768 unum
685 4714 719 4768 sit
742 4730 792 4784 per
815 4714 856 4768 di-

79 4812 149 4858 ltrsas
163 4804 299 4859 antistites
311 4802 505 4870 sacerdotium,
530 4802 759 4874 quemadmodum
781 4802 855 4874 prio-

79 4900 119 4943 tun
138 4901 235 4949 statuta
260 4909 276 4947 a
299 4892 476 4964 sequentibus
499 4892 625 4948 convenit
648 4891 765 4947 violari?
796 4893 855 4947 Huc

78 4981 159 5035 eraut
171 4981 245 5054 quod
258 4983 319 5037 haec
333 4981 357 5035 si
376 4980 483 5036 eveniat
506 4981 701 5036 sententiarum
726 4979 852 5047 varietas,

77 5065 188 5140 idipsam
202 5077 407 5128 sacrosanctam
433 5069 593 5125 catholicam
609 5068 769 5141 religionem
790 5084 853 5125 ore-

76 5151 143 5214 dimus
156 5160 304 5231 pertinere,
326 5159 403 5228 cujus
425 5158 515 5215 omnis
539 5164 658 5228 potestas
687 5157 850 5230 infringitur,

906 4530 1025 4587 Lotharii
1037 4530 1209 4602 imperatoris
1228 4533 1300 4605 apud
1314 4533 1441 4607 Sergium
1455 4548 1554 4604 papam
1575 4532 1706 4602 obtinuit,

906 4628 954 4684 sed
970 4628 1042 4701 quod
1057 4627 1155 4685 affectu
1170 4629 1272 4696 ambiit,
1289 4629 1389 4687 effectu
1403 4644 1457 4687 non
1472 4629 1580 4697 habuit;
1597 4637 1623 4685 et
1633 4630 1708 4702 quod

904 4716 1030 4773 efficacia
1044 4732 1105 4786 usu,
1127 4732 1182 4774 non
1200 4718 1432 4789 consentientibus
1456 4718 1554 4789 quibus
1571 4718 1703 4774 intererat

904 4805 1027 4861 obtinere
1051 4822 1106 4861 nou
1131 4807 1226 4878 potuit,
1250 4806 1445 4877 patientissime
1469 4815 1497 4861 ut
1520 4809 1590 4862 eum
1611 4807 1703 4864 decuit

905 4893 1039 4964 toleravit,
1055 4911 1091 4952 ne
1106 4895 1267 4950 scandalum
1283 4893 1413 4951 iratribus
1423 4902 1449 4950 et
1459 4896 1700 4952 consacerdotibus

903 4997 1049 5055 generans,
1066 4983 1187 5038 schisma
1201 4982 1227 5037 in
1243 4989 1368 5038 sanctam
1381 4983 1535 5040 Ecclesiam
1550 4984 1700 5041 introduce·

903 5079 951 5128 ret.
969 5070 1146 5141 Quemtnntae
1169 5070 1362 5141 generositatis
1384 5086 1417 5127 ac
1443 5072 1583 5145 dignitatis
1610 5073 1699 5129 virum

903 5159 1018 5232 quisque
1032 5169 1153 5217 nastrum
1171 5159 1271 5216 imitari
1289 5159 1430 5229 debuerat,
1448 5176 1483 5217 nc
1491 5161 1610 5217 indebite
1618 5177 1701 5233 appe-

10 5280 12 5299 .
76 5241 112 5299 uisi
132 5249 260 5305 universa
288 5263 350 5319 quae
377 5262 394 5302 a
422 5246 608 5303 sacerdotibus
636 5245 744 5301 Domini
767 5246 852 5303 semel
901 5255 970 5306 teret
983 5248 1055 5320 quod
1078 5263 1134 5303 non
1162 5248 1270 5316 lrabeat,
1300 5249 1347 5322 qui
1370 5249 1429 5306 sine
1456 5249 1629 5306 contentione
1642 5266 1698 5308 nou

73 5339 202 5394 curuantur
229 5343 364 5409 perpetua
388 5335 453 5390 siut.
495 5335 574 5405 Quod
602 5335 667 5390 alias
694 5336 852 5409 contingere
901 5337 1013 5409 exsequi
1026 5335 1135 5408 pertulit
1149 5353 1219 5409 quac
1232 5338 1348 5411 adeptus
1363 5338 1456 5396 iuerat.
1472 5339 1540 5393 Cum
1563 5339 1697 5413 legamus,

72 5425 158 5496 paura,
175 5427 199 5481 si
213 5441 363 5483 successor
376 5425 530 5482 decessoris
539 5425 643 5481 actibus
657 5440 711 5480 uon
727 5425 851 5479 tribuerit
900 5425 962 5498 quia
976 5441 1122 5496 pratorum
1136 5428 1322 5500 presumptio,
1335 5443 1391 5484 non
1404 5427 1492 5483 solum
1507 5443 1541 5484 ex
1564 5445 1614 5484 sua
1637 5438 1698 5488 tor-

72 5506 216 5585 fiauitatem,
233 5523 262 5572 et
276 5514 430 5572 roborando
446 5531 507 5587 quae
520 5521 597 5586 gesta
612 5521 683 5581 seint,
701 5513 781 5570 iaciat
796 5522 851 5570 rata
898 5515 1021 5581 titudine,
1046 5530 1142 5571 verum
1165 5517 1245 5572 edam
1270 5534 1303 5574 ex
1329 5516 1534 5588 comparatione
1548 5526 1693 5593 rectorum,
