3794 6104
148 234 199 293 tar
524 232 654 292 orosa.
682 216 728 290 st
749 216 859 290 h'tl's'r.
882 222 921 287 tn
942 218 1056 289 elusa
1082 220 1424 291 mensunusum.
1746 240 1800 299 sss

151 358 256 433 perlicit
280 359 310 414 in
333 336 487 414 lnbrnlttate
508 354 644 414 virtutem.
670 356 821 413 Periculum
843 370 951 429 quoque
967 355 1057 419 Adina
1080 356 1165 411 livore
1187 357 1365 428 insequimur,
1394 358 1532 415 imitantes
1558 358 1634 414 illurn
1660 362 1707 432 mni
1733 365 1802 419 mei

152 447 307 515 discordie,
324 462 406 521 quam
427 454 521 504 contra
545 447 734 503 auctoritatem
759 454 786 501 et
807 446 951 509 rationem,
1003 444 1083 499 etiarn
1098 458 1149 516 pro
1164 445 1281 502 inimicis
1296 454 1419 514 venerat,
1443 455 1470 501 et
1486 454 1575 502 tamen
1598 448 1748 518 positurum
1771 464 1801 506 ae

152 544 302 609 contraque
318 536 430 592 salutern
446 543 519 590 tuam
535 550 602 608 erga
617 550 662 590 mc
676 534 777 589 rideris
800 534 910 598 habere,
936 549 953 587 a
1002 532 1121 587 animam
1134 548 1185 604 pro
1199 534 1293 589 amicis
1306 534 1424 599 dicebat,
1449 543 1479 589 ut
1503 535 1625 606 protecto
1649 537 1730 592 nobis
1752 552 1799 594 os-

152 634 177 680 te
191 625 356 697 quantocius
381 638 477 680 amore
494 641 501 678 :
518 622 670 679 certissime
695 622 794 691 sciens,
824 622 952 692 quoniam
1000 621 1141 689 tenderet,
1169 621 1230 693 quia
1258 637 1320 676 cum
1349 621 1487 693 diligendo
1515 624 1619 679 lucrum
1647 623 1739 682 iacere
1764 626 1800 681 de

152 713 326 787 quantislibet
348 711 491 768 vinalibus
512 711 624 782 polleas,
649 709 778 780 spiritalis
799 709 952 765 nullatenus
1000 708 1119 762 inimicis
1132 723 1289 779 possumus,
1311 711 1391 765 etiam
1412 711 1464 780 ipsi
1478 711 1559 767 amici
1581 720 1644 767 sunt
1668 713 1714 783 qul
1733 729 1799 784 per·

151 800 208 857 lieri
225 810 316 873 potes,
332 800 355 855 si
369 800 441 855 uniri
456 816 507 871 per
520 799 696 855 concordiam
710 798 776 852 mihi
800 806 826 852 et
845 797 952 853 caeteris
1002 803 1160 867 sequuntur.
1184 796 1250 864 Qum
1273 813 1327 852 non
1352 798 1413 853 ideo
1437 798 1509 865 dico,
1532 807 1561 852 ut
1581 800 1798 870 persecutionem

152 889 280 945 tratribus
307 889 363 951 tuis
390 888 555 961 neglexeris.
587 887 720 957 Scriptum
750 886 850 958 quippe
879 893 949 941 est:
1001 891 1074 938 tuam
1103 886 1130 939 in
1159 886 1265 939 damnis
1294 887 1488 957 temporalibus
1510 888 1554 942 rel
1576 886 1604 942 in
1628 889 1800 946 contumeliis

150 979 272 1035 Fructus
285 977 409 1051 Spiritus
421 980 462 1033 est
473 979 608 1037 alacritas.
620 975 766 1048 pendium,
774 991 835 1046 par
845 974 949 1030 (Galat.
999 971 1120 1041 timeam,
1136 982 1182 1027 aut
1196 989 1363 1046 magnopere
1379 975 1504 1041 sentiam,
1525 974 1623 1046 quibus
1642 975 1721 1030 etiam
1747 977 1799 1032 etsi
1821 987 1824 991 ’

151 1066 180 1127 vt
204 1084 210 1119 :
234 1066 281 1139 qui
305 1071 396 1120 autern
419 1080 529 1120 serrare
557 1080 651 1134 pacem
680 1080 733 1118 non
762 1069 849 1126 curat,
877 1060 951 1117 terre
1001 1060 1076 1115 voles
1090 1077 1134 1115 rue
1155 1078 1255 1117 nocere
1280 1079 1333 1117 non
1355 1073 1432 1133 potes
1448 1082 1455 1117 ε
1473 1064 1521 1118 sed
1541 1064 1576 1118 de
1599 1064 1644 1118 illa
1667 1080 1797 1135 persecu·

148 1153 265 1210 fructum
279 1152 396 1225 Spiritus
411 1160 526 1208 recusat.
543 1152 638 1206 Certus
654 1151 726 1206 enirn
746 1167 785 1214 cs,
811 1151 834 1203 si
855 1165 950 1204 sanum
999 1147 1072 1202 tione
1087 1149 1158 1215 dico,
1175 1150 1237 1205 licet
1252 1151 1303 1205 sim
1327 1151 1451 1218 injustus,
1477 1152 1522 1221 qui
1547 1167 1590 1205 me
1619 1152 1749 1208 veraciter
1771 1160 1799 1208 et

150 1241 235 1314 sapis,
254 1242 384 1314 qnoniam
398 1241 490 1295 tandiu
506 1240 609 1294 nullum
623 1240 687 1293 boni
708 1238 799 1309 operis
821 1237 879 1292 Deo
903 1253 949 1292 sa·
998 1250 1031 1289 ex
1048 1238 1131 1291 eorde
1145 1247 1315 1308 paccatorem
1330 1238 1469 1308 profiteor,
1493 1239 1528 1293 de
1551 1254 1604 1311 qua
1627 1238 1722 1295 beatus
1742 1240 1796 1296 Pe·

151 1327 283 1385 orificium
297 1327 433 1393 immolas,
451 1326 569 1400 quandiu
583 1343 599 1381 a
613 1342 798 1397 proximorum
820 1326 949 1380 charitate
999 1330 1058 1377 trus
1067 1326 1143 1379 dicit:
1154 1328 1446 1398 Quoniamlntcrpuos
1454 1328 1522 1382 loth
1529 1327 1681 1391 habitabat,
1687 1328 1796 1401 iniquis

149 1416 294 1473 discordas
311 1435 317 1470 :
334 1414 523 1471 multominus
538 1422 639 1481 etitem,
662 1415 686 1469 si
702 1432 717 1467 a
732 1414 874 1469 dilectione
888 1428 949 1467 mea
999 1414 1125 1482 operibus
1140 1415 1174 1470 de
1188 1415 1232 1469 die
1247 1417 1276 1469 in
1291 1416 1571 1487 ‹tiemejnsnnimam
1581 1416 1795 1484 cmctnbnat(ll

149 1504 302 1571 discordas,
318 1504 364 1577 qui
381 1513 407 1558 te
427 1503 545 1575 benigne
568 1502 740 1557 nutriendum
763 1501 881 1572 suscepi,
906 1516 949 1555 or·
999 1502 1074 1554 Pstr.
1093 1502 1132 1569 nt,
1151 1510 1177 1556 et
1192 1503 1226 1556 de
1241 1518 1294 1573 qua
1310 1503 1456 1573 Apostolus
1471 1502 1596 1557 recolens
1610 1502 1730 1557 historie
1744 1519 1793 1559 ve-

148 1592 269 1665 phanum
285 1589 357 1646 dulci
382 1590 527 1646 dilectione
555 1589 665 1655 nutrivi,
695 1590 721 1642 in
750 1587 880 1643 clericum
909 1596 949 1641 to·
998 1588 1063 1642 teris
1080 1608 1085 1642 :
1104 1591 1250 1658 Quomodo,
1266 1591 1361 1661 inquit,
1379 1591 1795 1661 toacla,patscceadumcor·

148 1679 233 1747 tondi,
251 1677 348 1734 litteris
361 1692 413 1750 per
424 1694 470 1733 me
485 1687 512 1733 et
526 1693 574 1749 per
589 1692 764 1748 quoscunque
786 1676 861 1746 potui
884 1690 948 1730 eru·
965 1696 1070 1768 Bnem
1086 1679 1383 1751 erct,persrpuebatar
1396 1695 1461 1734 eum
1477 1681 1525 1751 poi
1536 1678 1696 1734 secundans
1710 1679 1795 1750 spiri·

148 1766 212 1834 diri,
228 1767 416 1839 persingulas
440 1766 543 1840 gradus
567 1765 602 1820 ad
630 1765 753 1820 ordinem
778 1764 950 1834 episcopatus
1000 1774 1070 1829 tam.
1081 1769 1122 1822 ito
1133 1769 1161 1822 et
1171 1783 1248 1821 nnnc
1263 1767 1335 1825 t'Gat.
1348 1766 1398 1836 rr).
1411 1766 1490 1835 eria,
1507 1764 1787 1833 diiudicandum

146 1855 270 1928 provexi,
303 1854 513 1910 familiaritatem
542 1860 569 1908 et
598 1853 769 1909 dulcedinem
798 1851 950 1907 dilectionis
997 1874 1058 1912 rnru
1074 1863 1174 1910 nostrre
1188 1854 1285 1908 anirnae
1299 1867 1473 1924 nequaqnam
1488 1853 1696 1924 perduciturad
1710 1853 1795 1908 subti-

147 1944 240 2000 domni
256 1943 345 1999 nostri
360 1943 436 2016 regis
449 1943 497 1997 tibi
513 1942 625 1997 obtinui.
651 1943 770 1995 Pensare
794 1941 948 1995 enimcum
998 1945 1099 2000 litatem
1114 1942 1256 2005 acuminis,
1281 1942 1304 1994 si
1326 1943 1378 1996 hoc
1400 1956 1455 1995 non
1479 1940 1592 1996 nmserit
1615 1939 1711 1997 alienae
1732 1941 1795 1996 lima

147 2046 249 2107 magno
270 2024 370 2086 timore
394 2029 479 2086 debes
500 2030 572 2102 quod
597 2028 806 2099 scriptumest:
823 2028 948 2098 Sioffcrs
996 2031 1146 2103 pravitatis.

146 2136 253 2177 nunnus
269 2125 352 2176 tnarn
363 2118 512 2187 adnitere,
524 2118 599 2175 stibi
611 2117 947 2188 recordatasttccrisqno·
1299 2134 1412 2190 cpppp
1433 2134 1490 2189 XL,

146 2210 225 2265 'llam
234 2208 265 2281 1⁴²*
265 2212 330 2264 αἴθ’
341 2212 407 2264 ‘W
418 2204 498 2262 ham
508 2206 616 2278 “silum
626 2207 810 2261 “dl'mumlt'
820 2205 948 2276 ''flimilae
1001 2228 1100 2281 l'crom
1115 2241 1173 2279 cion
1188 2239 1246 2278 esse
1261 2225 1332 2295 qnod
1346 2223 1437 2279 dicere
1446 2220 1561 2289 solebat,
1569 2222 1716 2279 Hincnsart
1726 2230 1794 2278 con-

145 2298 182 2354 itt
196 2312 306 2354 manus
321 2298 404 2354 taam
420 2298 487 2351 ante
501 2296 603 2359 attare,
615 2296 643 2349 ct
655 2293 723 2350 rude
733 2295 813 2365 prius
822 2296 947 2349 reconci-
1135 2296 1200 2349 silio
1213 2309 1308 2363 repom
1322 2295 1377 2365 tpst
1392 2294 1574 2350 adrimetum
1587 2304 1656 2349 erse.

146 2386 212 2441 liert
227 2386 319 2458 fratri
339 2388 396 2450 loo,
411 2386 438 2439 0!
454 2387 523 2438 lunc
538 2383 653 2438 dement
668 2382 737 2453 ‘’ff‘'
753 2385 946 2436 manustram
1032 2393 1066 2447 Et
1083 2391 1145 2463 quia
1160 2390 1262 2445 dictum
1278 2397 1318 2444 cst
1333 2390 1409 2458 mihi,
1423 2396 1450 2444 te
1459 2388 1583 2460 plurimis
1591 2390 1682 2445 solere
1690 2388 1794 2453 disere,

144 2474 256 2539 (narrt.
275 2469 621 2544 unamquamlibet
647 2469 830 2540 praeccptione
853 2470 946 2524 consi·
997 2480 1126 2552 quoniam
1152 2476 1283 2549 quidquid
1308 2477 1366 2543 tihi,
1391 2477 1426 2532 de.
1448 2478 1500 2531 tuis
1523 2477 1690 2545 hominihus,
1714 2482 1741 2533 et
1763 2478 1798 2533 tle

145 2562 240 2618 derare
255 2552 352 2629 debes,
375 2574 454 2632 quau
479 2556 660 2613 intolerabilis
684 2557 743 2627 eius
768 2557 847 2628 uurpu
869 2573 946 2612 mon·
995 2568 1152 2623 nouarurnus
1167 2566 1224 2620 suis
1239 2566 1272 2619 ua
1290 2566 1448 2620 caudunum
1463 2565 1582 2629 cruens,
1595 2566 1796 2638 escensurus

144 2657 256 2716 Smlur·
282 2650 358 2719 cujus
386 2646 474 2703 ²¹⁰⁵&
503 2646 653 2717 repellitur·
684 2646 755 2700 Nam
784 2660 844 2700 cnm
873 2645 946 2699 mala
996 2663 1022 2710 te
1038 2653 1236 2711 commendarit
1253 2652 1389 2717 Conrado,
1402 2651 1797 2710 contrariumdomrtusr'toster

145 2746 239 2795 cuncta
249 2732 332 2792 1³0⁰ss
347 2736 524 2809 sequentibus
538 2734 683 2802 diluamur,
709 2733 876 2804 pensandum
896 2749 945 2786 no·
996 2759 1043 2798 rex
1060 2742 1158 2815 egerit,
1173 2743 1225 2796 hoc
1239 2756 1301 2795 meo
1315 2740 1443 2794 instinctu
1459 2746 1485 2795 et
1500 2740 1614 2796 consilio
1631 2747 1711 2813 etque
1724 2748 1794 2797 oon·

144 2826 184 2881 bis
199 2832 243 2882 est
259 2828 360 2898 quonia
386 2824 437 2878 Sint
460 2822 531 2878 mall
555 2820 711 2888 dlSCOPdtaeu
735 2837 796 2893 quae
818 2819 870 2875 nisi
896 2837 945 2875 et·
996 2846 1078 2886 sensu
1094 2830 1195 2902 egisse,
1212 2828 1260 2882 tibi
1275 2829 1366 2883 retero
1381 2844 1435 2883 non
1460 2844 1522 2884 esse
1544 2844 1650 2896 renim,
1675 2829 1746 2885 siout
1767 2837 1796 2886 et

145 2915 241 2970 diocto
257 2912 380 2968 funditus
393 2906 503 2977 fuerint,
533 2909 635 2965 honum
660 2909 736 2980 sequi
758 2924 813 2965 1¹⁰³
833 2908 945 2979 permit·
996 2916 1103 2990 scriptis
1118 2918 1152 2972 ad
1167 2917 1293 2972 cumdem
1308 2917 1438 2971 domnum
1453 2923 1577 2972 nostrum
1587 2922 1692 2990 regent,
1703 2916 1754 2973 'sed
1767 2926 1797 2973 et

144 3008 199 3058 tunt
217 3021 223 3056 :
241 3000 307 3073 quia
323 2999 448 3073 quelibet
462 2999 490 3054 in
504 2999 585 3054 nobis
600 2998 670 3053 bona
686 3013 770 3068 opera
787 2996 897 3064 hierint,
922 2998 944 3052 si
995 3008 1030 3063 sd
1056 3006 1125 3061 ulios
1149 3005 1211 3060 inde
1235 3006 1261 3058 in
1287 3005 1384 3060 eodum
1406 3011 1528 3074 tempore
1551 3004 1661 3060 dimotis
1680 3016 1793 3076 passum

131 3085 264 3147 'charitas
280 3088 353 3153 elisit,
370 3104 421 3160 per
433 3087 535 3142 malum
555 3086 700 3141 discordiae
723 3086 799 3140 locus
823 3085 943 3156 aperitur
994 3095 1150 3160 mnam,
1168 3102 1194 3147 ec
1209 3107 1300 3148 coram
1317 3092 1440 3164 plurimis
1455 3091 1592 3163 episcopis
1613 3092 1686 3164 apud
1706 3092 1794 3147 ΗΜ

142 3179 164 3236 ln
179 3181 253 3245 acie,
271 3186 299 3233 ut
315 3179 349 3232 ad
364 3177 515 3232 ledendum
530 3191 580 3232 110⁵
608 3174 695 3230 valeat
718 3174 805 3229 b0⁸tis
829 3175 939 3230 introre-
993 3184 1093 3238 domno
1109 3189 1204 3236 nostro
1218 3182 1276 3252 regi
1291 3180 1345 3234 dixi
1356 3196 1400 3234 me
1414 3178 1524 3235 audisse
1534 3180 1607 3251 quod
1617 3180 1791 3248 sicdeoetes,

140 3266 209 3341 Ego,
228 3266 314 3323 crede
330 3265 405 3333 mihi,
420 3278 475 3319 non
492 3273 591 3329 tecum,
612 3264 661 3318 sed
684 3278 746 3319 cum
765 3262 818 3316 tuis
842 3263 941 3333 impro-
992 3279 1019 3327 et
1035 3272 1107 3326 idem
1123 3271 1239 3326 domnus
1256 3278 1349 3324 noster
1363 3284 1410 3322 rsx
1426 3280 1517 3323 coram
1537 3267 1640 3323 eisdem
1655 3258 1793 3338 episeopis

139 3352 282 3412 habilibus
295 3353 418 3409 moribus
433 3360 459 3408 et
474 3360 582 3407 actuum
597 3351 724 3420 motibus,
749 3351 784 3405 de
803 3350 941 3421 quibuste
993 3357 1141 3429 respondit,
1166 3357 1235 3412 sieut
1265 3363 1290 3411 et
1319 3371 1368 3426 pro
1396 3362 1470 3410 certo
1494 3364 1588 3410 vnmm
1611 3355 1693 3420 dixit,
1717 3356 1791 3426 quod

135 3460 210 3517 saepe
228 3450 257 3498 et
274 3442 363 3499 verbis
379 3450 406 3496 et
419 3439 515 3494 litteris
529 3437 691 3511 reprehendi
721 3444 747 3492 et
761 3438 899 3508 castigari,
916 3447 943 3493 et
991 3462 1043 3502 nec
1062 3460 1124 3500 mes
1146 3445 1283 3510 instinctu,
1309 3458 1361 3498 nes
1383 3458 1445 3498 meo
1468 3442 1592 3508 consitio,
1617 3456 1706 3514 nsque
1727 3452 1790 3498 meo

131 3542 158 3589 ut
175 3530 277 3595 doleo,
292 3529 376 3591 dolui,
393 3526 559 3583 discordiam
572 3525 670 3582 haheo.
696 3527 747 3581 Fac
773 3527 844 3597 quod
869 3526 942 3580 salu·
992 3549 1127 3590 consensu
1143 3535 1195 3587 hcc
1211 3533 1307 3604 egerit,
1324 3531 1387 3587 licet
1407 3529 1530 3602 quaedam
1554 3529 1652 3586 brerlut
1674 3535 1701 3585 et
1724 3531 1789 3596 sint,

129 3618 224 3678 briter
238 3617 291 3673 tibi
305 3618 396 3688 cupio.
412 3625 437 3671 et
453 3624 497 3672 tun
512 3616 639 3672 convenit
659 3614 822 3675 ministerio,
849 3620 875 3668 et
898 3629 941 3669 me
992 3624 1025 3677 du
1050 3621 1148 3693 quihus
1171 3620 1379 3690 metropolitana
1404 3619 1572 3683 anctoritate,
1598 3619 1641 3674 rel
1665 3619 1790 3689 synodali

125 3707 306 3780 placabilem
321 3720 352 3759 ac
366 3703 549 3776 praestabilem
565 3704 591 3757 in
607 3704 710 3758 cunctis
724 3702 846 3757 habebis.
869 3701 941 3756 Alio
991 3709 1190 3774 conventione,
1221 3723 1253 3763 ac
1280 3708 1354 3780 regia
1383 3714 1515 3779 potestate
1536 3707 1638 3776 corripi
1659 3707 1790 3763 debueris

127 3797 203 3871 quin
219 3793 400 3865 exspectabo,
419 3792 441 3845 si
462 3806 513 3863 per
533 3791 583 3846 bet
607 3790 720 3864 gratiam
746 3790 860 3844 terbum
887 3789 941 3844 Do·
993 3807 1074 3869 atque
1089 3797 1199 3851 debeas.
1219 3795 1285 3864 Quae
1300 3813 1353 3850 non
1369 3796 1431 3850 ideo
1454 3795 1525 3863 dico,
1551 3803 1579 3848 ut
1601 3810 1646 3848 me
1667 3794 1738 3864 apud
1762 3801 1788 3847 te

123 3884 214 3955 mini,
232 3884 309 3955 quod
325 3880 395 3936 inter
408 3894 453 3935 me
478 3885 504 3935 et
527 3888 554 3934 le
578 3877 667 3933 adhuc
692 3879 807 3945 lobomb
833 3877 940 3933 tandem
993 3901 1126 3941 excusare
1140 3899 1233 3955 operae
1247 3883 1363 3955 pretinm
1378 3883 1485 3949 ducam,
1509 3896 1572 3938 cum
1592 3881 1704 3938 stultum
1726 3897 1788 3937 esse

123 3973 320 4046 requiescere
330 3968 428 4024 caleat.
444 3970 474 4023 Si
482 3968 648 4040 peccaverit,
658 3967 753 4038 inquit,
766 3968 796 4021 in
814 3971 840 4021 tr
850 3968 942 4037 frater
992 3975 1111 4042 Μῄονος
1135 3973 1221 4028 nostri
1245 3972 1440 4038 demonstrent,
1464 3972 1488 4025 si
1512 3972 1552 4027 eis
1574 3971 1685 4041 placere
1712 3982 1789 4041 otn-

124 4068 214 4129 tans,
233 4062 352 4130 increpa
366 4056 817 4128 tttnrn:siponttcatinmeperit
830 4056 941 4109 dimitte
991 4060 1087 4121 rimus,
1113 4060 1156 4115 vsl
1171 4060 1315 4130 displicere
1339 4061 1474 4117 timemus,
1501 4072 1571 4130 quos
1594 4059 1726 4114 hanam
1747 4058 1790 4127 tn-

122 4152 175 4207 iili
185 4149 306 4214 tntutrtu.
319 4146 410 4207 nvrrr't.
424 4144 534 4198 lntcrim
550 4152 648 4209 autem,
658 4144 745 4197 donec
760 4143 811 4196 hoc
826 4142 942 4196 uerbum
993 4149 1071 4204 dicits
1085 4164 1139 4204 non
1155 4148 1266 4219 places-e
1281 4146 1474 4219 cognoscimus
1490 4162 1497 4200 :
1513 4146 1789 4217 seductaquihuus

125 4236 251 4294 Domini
268 4235 339 4288 inter
353 4249 397 4286 me
412 4241 439 4288 et
451 4240 478 4288 te
492 4231 636 4299 laborabit,
661 4240 721 4283 utar
746 4231 872 4285 continue
898 4246 940 4284 sa·
991 4237 1106 4291 veritate
1135 4250 1256 4306 possum,
1287 4244 1417 4306 quantum
1444 4248 1476 4289 er
1501 4242 1620 4300 maest,
1645 4241 1792 4305 quantum

124 4325 227 4383 lubris
242 4321 360 4378 antidoti
370 4320 505 4376 medicina
525 4326 620 4374 contra
638 4318 807 4373 mortiterum
832 4318 940 4373 discor·
993 4340 1045 4396 que
1059 4324 1173 4389 sufficio,
1190 4323 1318 4376 idoneum
1333 4323 1445 4376 reddam
1460 4322 1562 4376 bonurn
1583 4334 1694 4385 nornen
1718 4322 1790 4391 quod

123 4416 187 4469 dine
203 4411 336 4482 poculum
349 4409 416 4463 mihi
430 4424 446 4464 a
462 4416 487 4463 te
502 4407 686 4478 propinatum,
706 4422 787 4477 quam
810 4407 940 4461 Dominus
955 4399 1138 4483 DApostolus
1153 4412 1232 4465 etiarn
1247 4411 1283 4462 al)
1298 4410 1339 4462 his
1356 4409 1481 4479 quiteria
1504 4415 1567 4462 sunt
1589 4409 1693 4463 hebere
1714 4408 1791 4476 jubet

124 4512 157 4559 et
174 4500 308 4555 Salvator
322 4504 416 4553 noster
429 4496 555 4551 conscius
575 4494 735 4549 infirmitatis
763 4502 864 4548 nostrae
884 4494 940 4546 lar·
991 4502 1158 4571 episcopum.
1174 4497 1245 4566 Quin
1260 4513 1327 4552 vero
1342 4496 1501 4552 auctoritate
1521 4496 1613 4551 divina
1632 4495 1695 4569 sept
1717 4495 1787 4549 sps.

124 4588 185 4665 giri
203 4586 402 4659 dignatusest,
420 4583 514 4639 dicens
530 4601 536 4636 ε
556 4582 744 4639 conestabilis
755 4580 790 4637 od
802 4583 939 4637 orandum
991 4587 1047 4643 dire
1072 4587 1216 4655 jubemur,
1239 4586 1323 4656 ipsius
1344 4584 1467 4654 jussione
1490 4583 1666 4655 respondisse
1684 4596 1730 4638 me
1752 4596 1786 4637 ax

125 4676 281 4733 remittite
296 4673 401 4746 siquid
416 4672 523 4728 barbatis
539 4672 672 4727 odrrcrsus
686 4672 808 4742 aitpoeta
834 4672 864 4724 in
881 4688 940 4725 ror·
990 4674 1139 4745 Scripturis
1154 4683 1178 4728 et
1193 4675 1277 4730 sacris
1291 4673 1399 4746 legibus
1414 4682 1495 4744 atque
1518 4678 1674 4727 sanctorum
1695 4666 1787 4727 verbis

128 4763 339 4826 ‹li-buseestris,
354 4759 940 4816 utetl'atrrocstercoetrstisdiricittotoo-
989 4764 1043 4818 tuis
1058 4762 1155 4818 litteris
1170 4762 1203 4817 ad
1219 4780 1280 4817 eum
1295 4763 1405 4817 directis
1427 4776 1480 4816 non
1502 4774 1584 4832 nego.
1611 4761 1641 4814 ln
1663 4770 1719 4832 qus
1738 4772 1786 4817 η-

127 4856 175 4910 br's
184 4853 408 4926 peccatorrrstru
420 4846 516 4917 (llnrc.
528 4854 579 4918 rr).
592 4847 625 4901 Et
640 4846 939 4901 scilicetssonditorno
990 4852 1137 4922 sponsione
1162 4852 1184 4905 si
1212 4851 1274 4922 quid
1298 4865 1413 4921 perpere
1438 4849 1540 4903 dixisse
1564 4849 1608 4904 rel
1630 4849 1722 4922 agisse
1741 4860 1786 4903 me

127 4950 204 5010 ster,
219 4939 288 4993 dum
302 4937 354 4992 tale
368 4936 497 5007 placitum
511 4945 610 4990 nostrae
629 4935 728 4989 mentis
752 4936 896 5005 aspexerit,
924 4951 940 4989 a
989 4940 1115 4995 invenisti
1130 4940 1254 4995 ostendo.
1271 4946 1297 4993 et
1311 4946 1356 4992 aut
1370 4935 1566 4991 rationabiliter
1591 4937 1650 4993 sine
1671 4946 1787 4993 conten

126 5036 252 5102 peccato
266 5041 317 5081 nos
332 5023 428 5090 solvet,
453 5025 515 5096 quia
536 5038 636 5077 munus
659 5039 710 5093 pro
733 5024 812 5094 culpa
836 5031 934 5078 sumet.
989 5029 1062 5083 tione
1092 5027 1245 5087 delendam,
1277 5032 1323 5078 aut
1351 5022 1488 5079 humiliter
1510 5024 1569 5080 sine
1590 5022 1786 5096 disceptatione

130 5115 217 5186 Quod
232 5128 334 5169 munus
348 5113 429 5169 etiarn
442 5108 630 5167 holocaustum
646 5111 734 5184 gratia
759 5110 808 5165 [tei
833 5113 940 5166 miseri·
989 5129 1193 5186 recognoscam.

131 5204 229 5261 cordis
244 5200 303 5269 fiet,
320 5202 344 5255 si
358 5199 435 5255 tuerit
450 5198 539 5254 simila
553 5199 616 5255 oleo
629 5215 787 5269 conspersa,
806 5208 833 5253 et
847 5198 874 5252 in
890 5200 940 5253 zeti
1286 5218 1398 5274 (Ἄρῃ
1417 5220 1486 5274 pm¹

119 5292 275 5377 'aanagine
298 5289 367 5343 frixa
393 5305 400 5343 t
425 5288 529 5343 scilicet
556 5302 617 5343 cum
640 5288 854 5343 misericorditer
878 5304 939 5342 eum
992 5310 1067 5375 Quod
1082 5311 1107 5362 5,-
1121 5300 1235 5378 puppam
1250 5313 1421 5378 ,qnosmep
1435 5325 1486 5383 pro
1510 5307 1605 5362 pipino
1621 5306 1720 5362 ΜΨ
1737 5304 1785 5362 pn.

133 5378 287 5454 diligimus,
304 5384 331 5433 et
345 5377 414 5431 inter
429 5391 505 5431 sacra
520 5391 570 5446 pro
585 5392 618 5430 eo
640 5391 759 5440 oramus,
783 5392 864 5447 quern
889 5376 939 5430 zeli
1214 5377 1391 5449 dolpenttem
1406 5383 1560 5450 repeteret.

115 5461 267 5522 'ulands
281 5464 391 5520 terrore
405 5462 511 5534 insequi
524 5462 657 5530 ridemur,
682 5464 723 5517 rel
748 5480 764 5517 a
788 5479 842 5534 quo
868 5464 939 5517 invi·
1027 5467 1170 5526 ducenum,
1188 5465 1210 5517 si
1225 5480 1269 5520 me
1290 5474 1386 5522 contra
1408 5465 1597 5522 auctoritatem
1621 5470 1648 5520 et
1671 5464 1788 5520 &buum
