3794 6104
135 221 186 279 aid

799 223 946 279 sonabis·
964 226 1058 281 Pde'
1075 230 1142 282 l'lll.

1728 238 1773 290 tii

132 348 172 403 rie
184 345 346 418 cognovisti,
362 346 455 410 lector,
472 363 526 416 quo
541 346 819 426 tartideruprogressa
834 348 923 428 impo-
939 349 1043 419 Aejus,
1061 370 1107 405 seu
1125 354 1273 407 insuetas
1294 353 1348 408 tilio
1372 356 1539 422 inridenda,
1579 359 1694 428 ejusque
1717 375 1773 427 ger·

134 417 214 472 storia
223 416 349 479 audacia,
359 423 387 470 ct
395 430 464 470 ausa
473 416 507 469 sit
516 415 619 470 falsarii
628 432 752 471 ammosa
763 428 924 487 procacitas,

132 495 160 541 ut
173 487 261 541 tribus
276 487 401 542 versibus
416 486 473 540 istis
489 486 523 540 ad
538 486 679 556 epistolam
694 488 805 542 Joarinis
834 488 928 544 ultimo

129 557 190 612 loco
215 557 323 616 additis,
354 564 457 610 tantam
484 556 583 610 molem
611 557 684 610 illam
719 560 926 626 rucuuieuieam,

129 627 251 699 iuquam,
262 635 385 681 octavam
395 627 539 696 synodum,
550 643 632 697 quam
640 627 776 682 Occidens
784 629 925 696 etOricus,

130 697 251 767 pontifex
265 705 295 759 et
306 697 455 766 imperator
470 711 524 751 uua
535 712 597 751 cum
607 697 743 768 episcopis
754 708 781 753 et
790 716 831 752 nia
854 698 928 754 istra·

130 766 401 823 tibus.tnntolabor·e
423 775 487 822 sunt
509 767 597 822 conati
617 768 722 837 erigere
744 777 771 823 et
794 717 926 834 staiilire,

178 840 182 846 ’
213 837 299 892 amin
313 837 373 907 ipso
387 835 475 897 fierit,
505 837 615 892 Photius
643 838 766 893 mendaci
795 839 866 909 stylo
894 841 928 895 sit

127 846 283 963 ffintus.
300 909 336 963 Ut
348 907 433 978 ptam
440 907 540 961 iterum
554 909 718 977 repetenda,
735 909 800 979 quin
814 919 841 964 et
869 910 928 967 aliae

128 978 278 1047 mnumeim
291 978 346 1032 sint
360 978 475 1049 agenda
500 978 557 1032 Deo
583 979 688 1047 gratia),
714 980 786 1048 quod
812 981 846 1034 ad
872 990 927 1034 tarn

128 1048 246 1104 immane
259 1048 415 1119 perieulum
426 1047 590 1112 evitandum,
607 1056 633 1102 et
657 1048 819 1103 immensum
843 1066 926 1106 sean-

128 1119 218 1174 dalum
241 1118 477 1185 antevertendum,
499 1117 616 1172 voluerit
638 1118 728 1172 divina
754 1119 927 1188 providentia

128 1194 269 1246 remanere
284 1188 393 1268 integra
411 1203 490 1243 exem
510 1187 577 1241 laria
600 1188 712 1242 Jeannis
736 1187 924 1259 epistolarum,

127 1259 238 1315 amcam
252 1260 408 1314 remedurm
418 1259 455 1312 ad
466 1205 593 1313 faisatem
608 1258 726 1312 hominis
768 1260 925 1315 orditissimi

126 1331 293 1401 arguendam
308 1337 337 1384 et
350 1328 526 1398 imposturam
542 1328 727 1396 aperiendam.
744 1275 804 1396 tino
816 1332 925 1387 nomine

123 1401 237 1523 ῇιιιίιει,
253 1408 283 1453 ut
296 1399 422 1465 vidimus,
440 1406 466 1452 et
480 1398 539 1468 ipse
553 1398 587 1452 de
603 1414 657 1468 quo
672 1399 788 1470 egimus,
806 1400 925 1469 pontifex

151 1488 160 1523 1

161 1470 387 1529 eolaussummas
409 1468 511 1540 gratias
538 1468 597 1523 Deo
624 1469 758 1538 rependit,
790 1471 862 1540 quod
890 1470 924 1526 ad

125 1540 335 1596 conveucendas
347 1538 480 1593 falsitates
490 1538 609 1605 ejusdem
619 1538 706 1592 Pliotii
716 1539 743 1593 in
754 1540 810 1593 suis
819 1540 925 1596 litteris·

125 1610 297 1679 impudenter
311 1609 452 1674 adipiscas,
469 1624 564 1663 earum
579 1608 747 1731 exemyilaria
762 1611 855 1666 Romae
869 1627 926 1666 ser·

979 456 1078 493 nauus.

1015 529 1140 598 deceptis
1169 539 1249 600 abyrre
1270 532 1395 600 perlectis
1430 532 1526 586 litteris
1556 534 1669 596 vestris,
1714 549 1774 604 quas

979 625 1070 671 nostro
1085 618 1223 687 pontitieio
1239 619 1385 684 direxistis,
1404 629 1503 691 ‹ynanta
1520 638 1590 691 pace
1601 623 1774 678 etcoacordia

978 722 1026 758 vos
1040 714 1101 775 post
1124 706 1226 761 obitum
1253 707 1373 761 Laudulti
1397 710 1474 763 boum
1496 710 1642 767 memoriae
1663 711 1774 780 Capuan

977 793 1107 862 episcopi,
1124 810 1184 848 eum
1202 795 1367 849 l’audeuull'o
1396 798 1620 867 conjunxissetis,
1652 807 1681 852 et
1696 799 1773 867 jusju-

978 880 1090 934 randum
1106 880 1222 937 lraterno
1239 899 1270 938 ae
1286 883 1441 938 indivisibili
1456 884 1560 940 [erdere
1576 886 1715 941 intervos
1732 889 1772 941 ha-

977 967 1031 1022 bito
1046 968 1211 1034 firmassetis,
1230 971 1289 1026 luce
1305 972 1405 1027 clarius
1421 974 1547 1028 novimus
1566 991 1572 1028 :
1591 975 1642 1028 sed
1654 975 1773 1033 suadente

976 1056 1086 1111 burnaui
1101 1058 1210 1129 perieris
1235 1059 1354 1123 inimico,
1386 1069 1412 1115 et
1442 1061 1608 1116 zizaniorum
1636 1063 1709 1118 inter
1735 1080 1773 1120 sos

976 1145 1078 1198 semina
1093 1144 1270 1211 diffundente,
1289 1163 1399 1202 omnam
1415 1151 1592 1204 concordiam
1609 1159 1636 1204 et
1653 1152 1773 1206 unanimi·

976 1239 1057 1286 tatem
1073 1250 1133 1304 quae
1148 1233 1218 1288 iuter
1235 1252 1283 1289 vos
1298 1236 1390 1291 divino
1407 1245 1530 1307 respectu
1548 1239 1694 1294 exstiterat
1710 1239 1773 1295 vide·

975 1337 1036 1373 inus
1048 1331 1205 1391 corruptam
1220 1331 1302 1394 atque
1326 1325 1477 1380 contusam.
1501 1326 1553 1380 Per
1577 1344 1635 1398 quo
1661 1328 1772 1385 videlice

975 1416 1054 1463 tautae
1070 1408 1217 1465 inimicitiae
1232 1412 1304 1466 malo
1320 1413 1397 1467 vobis
1409 1415 1465 1481 jani
1486 1415 1585 1469 litteris
1609 1416 1712 1470 nostris
1732 1433 1771 1486 per

974 1496 1147 1551 Dominieurn
1162 1500 1348 1554 venerabilem
1364 1500 1524 1571 episcopum
1541 1512 1670 1557 nostrum
1686 1505 1719 1558 ad
1734 1519 1786 1561 vot-

974 1583 1081 1652 detatis,
1106 1585 1317 1647 innotescentes,
1348 1589 1537 1644 mandavimus
1567 1591 1697 1663 quoniam
1725 1594 1781 1654 Deo,

127 1680 240 1747 vaverit,
258 1680 299 1734 sic
312 1679 408 1734 dicens
422 1680 449 1732 in
464 1678 578 1747 epistola
593 1679 654 1732 adb
668 1678 797 1734 ichaelenr
809 1681 923 1750 impera·
938 1671 1091 1756 Bpropitio
1107 1690 1157 1743 pro
1174 1684 1296 1729 Vsssslfflffl
1312 1676 1433 1730 Omnium
1450 1677 1538 1733 Salute
1554 1695 1588 1734 ⁰⁰
1610 1695 1682 1750 1³3⁰e
1703 1680 1770 1737 l01u·

125 1759 233 1805 tarem:
256 1752 451 1806 Verumtamen
471 1765 522 1804 nor
543 1749 786 1820 quornodacotupue
799 1752 923 1820 falsitati
974 1776 1035 1813 mus
1053 1760 1183 1815 Kalendis
1198 1762 1366 1818 Octobribus
1391 1765 1545 1832 Traiectum
1571 1768 1669 1823 venire
1692 1769 1770 1840 ibique

126 1820 377 1890 oetdeproouttoni
386 1819 483 1874 eudem
493 1819 532 1873 sit
543 1818 818 1887 epistotoeubmlssa
828 1825 923 1891 proter

976 1848 1115 1902 vobiscum
1132 1857 1158 1904 et
1175 1865 1236 1904 eum
1253 1850 1395 1906 Guailerio
1409 1852 1532 1924 glorioso
1542 1855 1678 1925 principe,
1703 1865 1771 1928 atque

122 1892 314 2030 issmzssp
345 1891 486 2029 3·ῧέἔὲ
495 1893 778 2025 gffiffiffssffi
781 1891 922 2031 31ξῖῗὲ
973 1949 1036 1987 cum
1051 1935 1189 2006 capuanis
1204 1938 1367 2008 eaeterisque
1383 1941 1551 1995 vestratibus
1567 1942 1654 2014 loqui,
1671 1952 1696 1998 et
1709 1942 1770 1999 ordi

121 2029 338 2107 mmmmm*
346 2030 391 2084 val
400 2030 598 2085 authenticam
608 2031 853 2154 dptdlttwristdrd,
870 2047 922 2088 sua
972 2038 1037 2077 lidio
1053 2024 1169 2093 primulii
1186 2040 1219 2080 08.
1234 2043 1295 2097 quae
1310 2027 1389 2082 nobis
1403 2037 1430 2082 Oi
1445 2029 1525 2084 vobis
1541 2038 1606 2085 suni
1620 2032 1768 2107 necessdih

120 2100 231 2169 peram
239 2100 482 2178 noscunturthaec
496 2098 564 2168 lpse·
582 2099 637 2154 Sed
647 2115 697 2154 110⁸
708 2100 762 2169 dun
775 2099 852 2156 iciter
862 2101 921 2180 Deo
971 2119 1122 2182 vestraeque
1139 2113 1204 2182 paci
1218 2121 1244 2168 et
1259 2115 1365 2169 utilitati
1380 2115 1510 2185 prolicua,
1528 2127 1677 2189 quatenus,
1700 2121 1768 2175 odas

119 2170 221 2241 gratim
235 2169 386 2241 rependere
400 2169 563 2240 obbgamus,
579 2177 607 2224 et
620 2171 693 2239 quod
707 2170 836 2237 loannes,
852 2179 923 2226 sicut

138 2240 194 2294 tN.
231 2240 291 2295 hus
325 2239 471 2295 missuum
494 2254 512 2294 a
534 2255 564 2294 se
587 2238 736 2294 Haemum
759 2241 832 2296 exeri
855 2241 920 2296 sem
971 2198 1313 2256 ‹liseordiaescandalode
1335 2204 1424 2257 medio
1448 2205 1531 2259 vestri
1556 2207 1661 2273 ablato,
1684 2216 1708 2261 et
1729 2224 1766 2262 re·

120 2255 148 2365 {2
162 2255 301 2365 ,gg-,qumi
313 2309 488 2379 exemplaria,
504 2317 531 2363 εἰ
544 2310 616 2389 qnod
632 2310 729 2364 eadem
743 2326 804 2364 cum
814 2258 917 2379 0ng
970 2294 1047 2384 cepta
1063 2289 1112 2343 Dei
1129 2304 1207 2359 pace,
1224 2306 1284 2387 errae
1298 2299 1406 2388 aulierat
1415 2307 1525 2348 omnem
1537 2310 1651 2349 sensum
1665 2296 1766 2366 (Philip.

121 2395 205 2451 quem
219 2388 360 2452 regestum
370 2387 477 2443 vocant,
490 2379 657 2434 sintmhanc
668 2379 740 2433 etiem
754 2381 782 2433 in
792 2382 920 2436 vaticana
970 2383 1019 2445 iv),
1037 2392 1064 2428 ιιι
1080 2375 1199 2431 fraterna
1214 2378 1358 2433 dilectione
1380 2389 1406 2434 et
1434 2381 1463 2434 in
1490 2380 1610 2452 pristina
1638 2383 1767 2440 devotione

122 2450 286 2505 bibliotheca
301 2450 407 2519 integra
421 2458 484 2519 post
499 2457 536 2503 tot
551 2450 697 2521 naufragia
715 2451 845 2530 Romanae
866 2452 920 2506 Ec·
968 2477 1063 2517 omnes
1079 2466 1230 2519 concordes
1255 2474 1280 2520 et
1304 2467 1444 2522 unanimes
1468 2485 1583 2524 mmrere
1608 2471 1764 2533 valeads;et

121 2520 214 2576 elesiae
229 2528 410 2585 conservata3
426 2528 454 2573 ut
468 2519 541 2590 quod
565 2536 658 2574 aarum
681 2520 820 2575 translatio
848 2520 919 2575 laeta
967 2558 1029 2604 ,unc
1044 2552 1101 2605 ΒΜ
1115 2552 1149 2606 d,
1164 2553 1280 2607 Landuyf

118 2590 305 2671 perl‘hotium
320 2589 918 2669 fraudulenterpossetarguitalsitatis,eum
1034 2638 1067 2670 ·.
1132 2639 1149 2675 λ,
1279 2556 1457 2653 ⁰⁹⁰¹¹²sf¹b¹i¹
1483 2558 1665 2657 prffibi'iemg
1687 2575 1756 2664 ‘luffa'

117 2676 145 2715 m
161 2661 252 2715 mulus
266 2661 336 2728 apis,
352 2668 409 2714 mm
422 2676 449 2713 m
464 2675 497 2714 „s
512 2676 573 2730 Μ
588 2668 716 2729 operatus
727 2668 769 2715 es,
779 2661 813 2715 ,d
823 2661 917 2716 demo,
967 2652 1085 2691 omuuan
1102 2640 1151 2692 Der
1166 2642 1334 2696 sacerdotum
1351 2652 1377 2697 et
1387 2644 1522 2711 judicum,
1541 2661 1590 2700 seu
1619 2655 1698 2701 totius
1721 2654 1762 2703 ta-

116 2731 235 2785 lieudam
258 2730 379 2786 funditus
400 2731 597 2785 oecmemeam
619 2738 741 2785 octavam
770 2731 915 2801 synodum,
964 2742 1060 2794 puanm
1074 2726 1161 2796 plebis
1177 2736 1238 2783 roto
1249 2729 1361 2801 [rarique
1373 2731 1645 2805 eonsensu3electum
1657 2735 1758 2807 habetis,

119 2808 172 2855 tam
189 2801 263 2870 qaod
275 2801 430 2856 citationem
458 2800 581 2869 ejusdem
612 2800 708 2870 SyBOdi
736 2809 838 2856 Octat'ae
867 2800 916 2855 Stlb
965 2814 1070 2868 sivede
1085 2814 1145 2885 aliis
1165 2818 1329 2871 necessariis
1345 2819 1446 2883 causis,
1469 2829 1591 2876 vestram
1618 2824 1756 2878 secundun

120 2869 239 2925 Adriano
254 2870 353 2925 liabitae
368 2885 430 2939 quae
456 2869 625 2925 convincitur
652 2885 711 2923 eam
741 2871 859 2940 recipere
888 2879 915 2925 et

119 2939 297 3010 comprobare
325 2941 467 3005 loannem,
497 2939 607 2994 omnino
627 2939 709 2994 erasit
723 2948 803 3020 atque
835 2941 915 3010 peni-

118 3015 163 3063 tus
191 3007 330 3074 abolevit,
360 3023 441 3079 quam
470 3008 550 3062 etiarn
579 3008 652 3080 quod
677 3009 787 3064 disertis
825 3011 955 3102 verbisC

964 2917 1056 2956 sacros
1071 2917 1189 2957 canones
1204 2904 1411 2975 adimplebimus
1426 2907 1616 2970 voluntatem:
1632 2911 1754 2967 etidcirco

965 3004 1117 3060 gravenon
1133 2990 1254 3046 videatur
1280 2993 1414 3049 nobilitati
1443 3005 1544 3051 vestrae
1575 3006 1704 3065 nostrum,
1730 3007 1751 3052 ut

116 3078 259 3143 addiderit,
289 3079 324 3134 ab
351 3079 449 3134 eodem
477 3078 580 3133 toanue
607 3079 735 3160 pontilice
759 3081 816 3148 jam
844 3081 916 3136 illam
970 3076 1129 3133 dictumest
1157 3078 1301 3149 specialem
1318 3082 1471 3151 praestolari
1487 3084 1651 3141 adventum.

116 3164 215 3220 prosus
229 3149 396 3215 domanam,
413 3149 534 3214 irratam,
550 3156 578 3204 ut
593 3157 640 3214 art,
656 3165 688 3204 ae
703 3149 806 3206 nullam
830 3151 919 3205 reddi·

119 3228 174 3275 tarn
190 3235 261 3275 ease.

151 3290 181 3344 ln
196 3291 249 3346 hoc
262 3290 352 3360 ipatun
366 3289 440 3344 enim
455 3296 527 3344 totus
541 3288 660 3345 incubuit
668 3289 750 3345 homo
778 3290 917 3362 profanus,

117 3368 146 3415 ut
161 3361 306 3416 adversum
323 3376 352 3414 se
367 3359 506 3415 collectam
522 3359 720 3415 aecumenicam
735 3361 880 3430 synodum,
891 3362 918 3416 in

116 3446 169 3502 qua
182 3430 346 3486 cubitalibus
359 3429 466 3493 litteris,
483 3430 560 3485 atita
583 3430 706 3498 dixerim,
730 3432 790 3498 eius
813 3431 920 3487 scelera

119 3499 742 3572 multipliciternotaessent,abolendamexsti
784 3502 918 3556 uendam-

138 3576 173 3625 ue
186 3570 304 3642 penitus,
320 3578 350 3624 ut
362 3585 414 3625 nec
428 3571 613 3626 nominaretur
627 3571 757 3641 amplius,
784 3572 918 3627 aboraret.

118 3587 173 3696 ded
202 3655 236 3696 or
264 3640 338 3712 quod
366 3640 482 3695 sciretur
509 3639 699 3696 testificatione
727 3641 919 3697 historicorum

118 3711 290 3774 (insacrum,
307 3719 366 3765 tum
379 3711 546 3776 Latinorum,
562 3718 657 3767 octava
667 3713 787 3781 synodus
798 3727 919 3767 meume-

118 3781 185 3837 nica
199 3779 341 3837 celebrata
356 3796 417 3835 esse
433 3781 668 3851 Constantinopoli
683 3799 690 3835 :
706 3781 766 3851 ipse
779 3783 876 3838 eodem
891 3782 919 3837 in

118 3850 180 3906 laco
206 3850 309 3915 haberi,
340 3850 491 3920 eodemque
518 3866 625 3922 quoque
663 3852 772 3906 nomine
804 3851 917 3922 apellari

120 3919 295 3974 voluitsuaru
309 3919 560 3989 pseudosynodum,
577 3936 659 3991 quarn
683 3931 847 3991 supponeret
867 3937 918 3991 pro

117 3988 241 4058 legitima
265 3997 361 4043 octava
382 3989 549 4044 aecumenica
568 3989 660 4042 hahita
678 4007 727 4059 per
758 3992 916 4056 adrianum,

117 4072 183 4113 usus
206 4058 241 4112 ad
262 4056 440 4128 decipiendos
463 4074 559 4113 omnes
579 4058 697 4113 recitatis
726 4061 849 4130 superius
882 4062 917 4116 ad

117 4129 207 4199 ipsum
221 4127 341 4199 scriptis,
357 4129 407 4183 sed
422 4129 455 4181 ab
471 4128 531 4198 ipso
554 4127 661 4184 falsatis
682 4129 780 4185 litteris
803 4131 917 4187 ioannis

172 4212 204 4263 ta,
221 4213 254 4253 ex
269 4198 369 4270 quihus
383 4198 485 4269 pariter
498 4199 613 4269 detegas
628 4200 696 4253 alias
718 4201 841 4269 eJusdem
864 4218 916 4257 ne·

117 4213 229 4324 idionis
242 4268 424 4323 versutissimi
437 4268 608 4338 imposturas.
620 4269 749 4337 Quamvis
761 4272 833 4326 enim
843 4271 916 4327 idem

116 4340 237 4395 loannes
250 4338 381 4410 pontifex,
398 4347 454 4394 orm
469 4338 575 4410 inipso
595 4340 710 4409 epistola
733 4341 765 4395 ad
791 4342 916 4396 Photium

119 4409 231 4480 scripta,
256 4417 314 4463 orm
335 4410 365 4463 iu
386 4410 496 4465 recitata
519 4411 645 4480 superius
666 4411 701 4464 ad
724 4411 916 4481 imperatorem

121 4480 229 4535 clantio
252 4479 354 4534 dictem
372 4479 570 4535 oecumenicam
593 4481 737 4550 synodum,
760 4489 789 4535 ut
818 4482 920 4538 dictum

123 4557 174 4608 est.
191 4564 251 4604 eam
266 4549 341 4604 visus
356 4557 397 4604 est
411 4549 604 4619 comprobasse
620 4568 627 4613 ;
650 4558 676 4604 ct
703 4550 878 4607 nibilominus
894 4553 922 4608 in

124 4617 316 4674 additamentis
325 4619 413 4674 Photii
427 4619 498 4674 idem
515 4619 573 4688 ipse
592 4619 650 4688 ejus
671 4621 798 4676 damnato
820 4623 920 4677 asseri-

124 4697 167 4743 tur
182 4706 188 4743 :
205 4704 259 4744 non
275 4689 326 4743 ista
341 4689 393 4759 ipsi
407 4688 469 4743 latis
483 4697 546 4743 sunt
560 4688 627 4752 visa,
643 4690 692 4745 sed
707 4699 733 4745 et
747 4691 922 4761 abjllosalsa·

124 4767 181 4882 gam
195 4759 487 4882 esitcommotiitorium
507 4759 657 4814 abeodem
677 4760 805 4830 pontifice
828 4763 921 4817 datum

137 4836 205 4899 ‚etro
228 4836 319 4902 egeto.

451 4925 591 4999 coxan.

274 5028 311 5067 Al>
325 5028 491 5069 cananaeus(
506 5030 541 5069 ET
563 5028 725 5079 manaan.

435 5105 525 5170 (Anno
540 5106 614 5172 879.)

125 5191 226 5255 Scribit
238 5190 670 5263 Trojeetumseiterum,etpuoe
699 5193 921 5249 oeieorumcoa¹

161 5262 277 5328 ducunt,
294 5260 653 5332 curaturum5iiipueeurrr
687 5262 793 5330 celiis,
807 5267 869 5319 tum
888 5263 921 5320 de

161 5329 299 5404 modetia
311 5328 450 5405 Cupuuuu
460 5331 591 5388 necesse
601 5333 725 5406 episeopo
735 5334 822 5390 eleeto
837 5338 920 5389 octu-

163 5416 236 5455 rum.

164 5502 273 5560 Dilectis
288 5506 353 5561 viris
368 5507 495 5562 aaaron
510 5506 565 5562 filio
579 5508 725 5577 landonis,
742 5518 768 5564 et
791 5509 920 5566 iratribus

1048 3321 1083 3359 in
1106 3320 1276 3362 aumruurcu
1299 3324 1450 3364 aniucrrsu
1472 3325 1698 3372 sauunnrraaou.

1287 3398 1377 3464 (duno
1393 3400 1468 3466 879.)

970 3497 1072 3551 darbia
1082 3516 1142 3569 porr
1153 3500 1334 3569 insuperiori
1345 3521 1354 3556 :
1365 3508 1505 3571 pretereo
1516 3507 1616 3577 orpuit
1628 3507 1694 3580 quod
1702 3522 1750 3563 eoa

1005 3570 1050 3622 tro
1063 3569 1207 3637 Coprrouos
1219 3587 1301 3626 ormo
1309 3575 1467 3642 sumpserit
1478 3580 1577 3647 ‚rapot
1588 3579 1621 3633 ut
1632 3591 1750 3633 merresa

1004 3638 1103 3693 ribiou
1112 3639 1293 3708 Aruotfitooir
1305 3644 1422 3698 restitui
1431 3649 1524 3700 curet.

1006 3751 1110 3807 Dilecto
1126 3751 1181 3807 tilio
1197 3753 1353 3809 Gnirraiuo
1364 3756 1486 3828 glorioso
1501 3759 1631 3833 principi.

1004 3839 1076 3893 Sient
1091 3840 1170 3895 nobis
1185 3840 1281 3896 litteris
1296 3843 1394 3898 vestris
1408 3846 1572 3914 mandastis,
1591 3849 1663 3921 quod
1683 3849 1749 3904 deve

969 3935 1022 3979 tam
1037 3927 1107 3982 eirea
1122 3945 1173 3984 nos
1188 3929 1341 3984 amicitiam
1357 3939 1382 3986 et
1398 3932 1535 3988 sinceram
1552 3932 1748 3993 conservetisdi·

968 4012 1121 4081 lectionem,
1139 4016 1190 4070 boc
1214 4017 1305 4070 multis
1322 4019 1377 4087 jam
1402 4019 1576 4077 evidentibus
1599 4021 1745 4080 documentis

968 4100 1028 4157 luee
1044 4101 1143 4157 elarius
1157 4104 1330 4175 agnoscimus
1345 4113 1372 4160 et
1384 4114 1509 4164 tenemus
1524 4111 1613 4176 3unde
1625 4119 1652 4168 et
1676 4119 1748 4167 nodo

967 4190 1133 4260 apostolicus
1148 4191 1254 4247 animus
1268 4193 1341 4249 circa
1357 4194 1527 4252 nobilitatem
1538 4207 1670 4268 vestram,
1679 4203 1750 4273 utpote

968 4277 1042 4333 eirea
1057 4278 1248 4334 charissimum
1265 4279 1360 4349 tilium,
1378 4283 1515 4357 benignus
1531 4287 1635 4355 existit,
1658 4288 1751 4360 cupiens

930 4366 1099 4449 Dbonorem
1114 4376 1139 4420 et
1154 4368 1274 4439 gloriam
1296 4377 1414 4424 vestram
1444 4388 1558 4445 semper
1587 4376 1752 4432 immutatur

970 4452 1127 4523 conspicere
1143 4463 1169 4509 et
1184 4456 1288 4512 audire.
1305 4458 1344 4512 De
1359 4458 1446 4515 electo
1461 4469 1557 4517 autern
1573 4463 1710 4534 Landnlio,
1722 4460 1752 4519 vi·

970 4539 1067 4595 delicet
1080 4542 1228 4597 venerabili
1239 4544 1399 4616 presbytero
1413 4547 1553 4618 Capuanae
1568 4552 1705 4620 Ecclesiae.
1718 4564 1753 4623 pst

971 4645 1025 4699 quo
1037 4629 1092 4697 jam
1108 4630 1190 4685 toties
1205 4640 1300 4688 nostro
1328 4633 1466 4704 pontificio
1495 4641 1688 4712 suggessistis,
1712 4653 1751 4695 non

970 4716 1060 4786 aliquo
1075 4718 1154 4774 malae
1168 4719 1314 4775 voluntatis
1329 4721 1428 4779 affeetu
1443 4739 1493 4779 vos
1509 4742 1585 4784 nunc
1607 4746 1693 4802 usque
1715 4743 1751 4782 ar·
1800 4762 1802 4771 ·

971 4805 1030 4859 dire
1045 4808 1292 4875 pretermissimus,
1309 4810 1357 4864 sed
1372 4811 1433 4866 sola
1446 4812 1525 4882 pacis
1549 4831 1625 4871 veros
1647 4819 1751 4874 musnet
1800 4830 1802 4867 :

972 4893 1042 4946 inter
1055 4894 1194 4963 proximos
1210 4898 1343 4968 augenda
1356 4897 1523 4955 dilectionis.
1536 4902 1608 4971 Nam
1619 4904 1686 4981 sicut
1695 4899 1751 4959 vobit
1800 4938 1802 4943 ,

972 4996 1043 5035 nuuc
1057 4982 1154 5036 litteris
1169 4984 1278 5053 nostris,
1295 5001 1345 5055 per
1360 4986 1537 5059 Dominicuny
1552 4991 1706 5065 episcopum
1725 4986 1749 5042 ad
1800 4982 1802 5001 “

972 5084 1020 5122 vos
1044 5068 1148 5138 delatis,
1173 5072 1371 5139 mandavimus,
1390 5075 1528 5146 cupimus,
1552 5079 1613 5136 Deo
1644 5078 1748 5153 propitio,

971 5172 1022 5227 pro
1036 5167 1156 5213 vestrum
1169 5160 1290 5216 omnium
1304 5161 1400 5228 salute,
1416 5166 1575 5236 concordia,
1591 5177 1620 5225 et
1638 5165 1749 5233 auenni-

971 5252 1025 5299 tate
1040 5245 1170 5301 Kalendis
1185 5247 1347 5304 Octobribus
1361 5251 1518 5319 Traiectum
1546 5255 1653 5327 venue,
1679 5255 1749 5326 ibiqtt

972 5333 1114 5389 vobiscum
1129 5343 1155 5390 et
1170 5351 1232 5390 eum
1249 5337 1386 5408 Capuanis
1414 5340 1580 5415 caeterisque
1608 5342 1748 5402 vernans

971 5420 1056 5493 loqui,
1072 5430 1099 5477 et
1113 5423 1240 5480 ordinare
1254 5424 1371 5496 primum
1387 5441 1420 5483 ee
1441 5444 1504 5500 quae
1531 5430 1615 5489 uoltis
1640 5441 1666 5490 et
1689 5427 1748 5488 reni

972 5519 1032 5564 sunt
1047 5511 1200 5568 necessaria
1213 5520 1240 5569 et
1254 5522 1352 5570 vestre
1367 5514 1430 5585 paci
1444 5515 1612 5594 abbatique
1626 5521 1737 5594 proficus
