3794 6104
47 238 98 291 385
425 230 546 288 OPUSC.
563 229 609 286 ET
623 229 733 286 EPIST.
750 230 786 284 ΙΝ
802 230 915 286 CAUSA
930 229 1102 286 tttrtctttltt
1117 231 1272 289 leubus.
1670 232 1723 286 386

50 372 102 430 que
117 357 264 424 majorum,
282 354 351 411 iacta
368 354 454 409 semel
477 354 691 427 congregatione
708 361 866 437 sanxerunt,
881 356 909 414 Α
921 354 992 409 tibus
1016 355 1195 425 temporibus,
1214 355 1250 409 itn
1275 355 1346 409 utin
1361 355 1401 410 eis
1429 354 1611 421 continentur,
1626 354 1719 411 omnia

51 444 243 501 inconvulsum
273 442 419 498 voluerunt
443 442 574 513 deinceps
606 441 770 513 firmumque
799 457 865 499 con.
916 450 941 496 et
971 442 1078 497 insimul
1107 443 1236 498 custodiri
1251 441 1380 507 valerent,
1398 450 1424 497 et
1451 441 1557 496 servari
1584 441 1717 498 acteneri

52 544 134 599 stare,
162 534 264 588 necin
294 532 390 587 eadem
419 547 501 587 causa
535 531 626 586 denuo
654 548 716 603 quae
753 528 865 601 praestxa
915 539 1107 601 congruerent,
1125 533 1219 587 Patres
1233 531 1328 598 nostri,
1344 529 1470 587 catholici
1485 529 1611 586 videlicet
1629 530 1717 587 docti·

54 621 160 677 luerent
190 620 332 676 retractari
362 619 480 690 qualibet
509 619 612 674 recenti
650 620 864 689 praesumptione
916 636 968 689 que
990 619 1141 689 pontifices,
1165 621 1192 674 in
1217 619 1340 675 conciliis
1361 618 1445 674 sacris
1468 618 1545 691 leges
1560 635 1719 675 mansuras-

53 710 249 781 pet-miserunt.
269 708 437 777 »Quantum
460 707 533 762 enim
555 708 637 762 distet
651 708 719 762 inter
745 706 792 761 illa
808 707 863 761 sei·
916 722 1001 778 usque
1017 707 1044 760 in
1060 708 1152 762 saeculi
1176 706 1257 762 tinem
1272 724 1326 761 uon
1346 707 1506 762 conderent.
1524 707 1718 778 suscipiendas

54 798 116 854 licet
129 796 264 865 concilia,
281 812 341 869 quae
357 795 539 851 custodienda
552 805 579 850 et
595 795 752 866 recipienda
769 794 864 850 decre·
916 810 984 866 ergo
1000 795 1060 849 illas
1074 797 1203 865 epistolas
1219 796 1410 851 venerabiliter
1432 811 1494 850 cum
1509 796 1590 850 beato
1605 797 1717 853 Gelasio

55 888 99 951 n't,
116 895 142 941 et
157 885 319 940 inconvulsa
334 882 466 955 firmaque
474 885 605 954 deinceps
626 886 721 938 Patres
736 878 863 938 catholici
915 883 986 950 dico,
1003 892 1029 936 et
1045 900 1107 939 cum
1123 884 1260 957 leguntur,
1278 885 1345 938 sicut
1361 884 1419 954 ipse
1443 884 1564 954 praecipit
1579 885 1716 952 Gelasius,

56 990 165 1030 manere
181 974 336 1041 voluerunt,
345 981 372 1027 et
386 973 438 1027 ilas
449 972 658 1044 epistolasque}
668 971 785 1026 diversis
796 980 863 1025 tem·
914 970 1062 1039 apostolica
1079 971 1123 1024 illa
1139 972 1272 1041 pracedat
1287 971 1431 1039 sententia,
1447 987 1501 1042 qua
1511 971 1576 1026 dicit
1592 987 1598 1026 :
1618 973 1719 1029 Omnia

57 1063 168 1135 poribus
181 1078 232 1133 pro
247 1062 420 1116 diversomm
443 1061 629 1116 consolatione
658 1061 729 1114 datm
756 1058 863 1114 luerunt
914 1059 1037 1130 probate,
1055 1060 1126 1131 quod
1142 1060 1244 1115 bocum
1259 1065 1301 1116 cst
1316 1065 1408 1115 terrete
1420 1060 1445 1121 ll
1454 1059 1545 1114 Thess.
1560 1064 1598 1128 v).
1611 1060 1645 1114 Et
1659 1061 1718 1118 haec

56 1167 121 1223 quas
143 1149 338 1206 venerabiliter
357 1149 546 1219 suscipiendas
574 1149 650 1214 dicit,
677 1165 757 1203 nemo
771 1149 799 1200 in
815 1147 864 1202 do-
918 1146 990 1211 dico,
1007 1163 1062 1201 uon
1079 1164 1132 1217 quo
1148 1148 1272 1218 quadam
1290 1149 1316 1202 in
1332 1149 1371 1202 eis
1385 1147 1475 1201 dicam
1490 1164 1551 1202 esse
1566 1164 1620 1204 non
1634 1148 1716 1216 bona,

56 1239 194 1313 gmatibus
217 1237 414 1294 ecclesiasticis
433 1237 595 1293 exercitatus
608 1237 726 1309 ignorat.
745 1237 772 1292 si
789 1236 862 1291 euim
914 1235 962 1288 sed
978 1251 1032 1290 uon
1047 1252 1097 1305 per
1105 1237 1197 1290 omnia
1207 1237 1292 1290 sacris
1303 1236 1467 1303 canonibus,
1478 1236 1642 1309 Patrumque
1652 1254 1718 1294 con·

57 1329 182 1399 quaedam
211 1344 246 1382 ex
270 1327 322 1393 his,
340 1343 400 1398 quse
426 1327 454 1380 in
470 1326 633 1397 quibusdam
655 1325 707 1379 illis
739 1324 862 1395 epistolis
914 1323 975 1376 cilis
986 1339 1118 1388 consona,
1131 1325 1200 1378 sicut
1216 1333 1242 1378 et
1257 1325 1404 1395 Apostolus
1418 1323 1484 1378 dicit
1509 1326 1718 1397 :lexquidem

56 1417 238 1480 continentur,
255 1424 348 1469 tenere
370 1423 397 1470 et
421 1414 559 1469 custodire
575 1413 644 1468 velle
666 1413 860 1483 inceperimus,
913 1412 993 1467 bona
1008 1416 1157 1470 elscnctu.
1174 1418 1201 1467 el
1218 1414 1386 1468 cicendelum
1401 1415 1544 1477 abactam,
1556 1418 1584 1469 ct
1592 1417 1716 1486 justam,

58 1503 219 1560 contraalia
243 1504 360 1574 plurima
382 1502 490 1557 illarum
518 1502 692 1572 epistolarum
720 1501 862 1556 sacerein-
914 1502 941 1552 et
958 1500 1224 1568 tentatationum,
1242 1504 1296 1570 ll),
1314 1501 1406 1554 sedin
1428 1500 1719 1569 temporibussuisEt
1812 1537 1814 1540 >

58 1593 200 1664 cipiemus.
217 1593 372 1656 Etrursus,
391 1590 479 1644 sialia
503 1599 596 1645 contra
621 1607 681 1661 quae
696 1588 859 1657 leceramus,
911 1587 1045 1640 Dominus
1066 1586 1100 1642 de
1129 1588 1238 1652 ludaris,
1270 1589 1369 1660 quibus
1385 1591 1444 1662 ipsa
1473 1605 1505 1644 ex
1533 1593 1596 1647 data
1619 1590 1717 1659 lucrat,

58 1690 150 1736 tenere
166 1689 195 1735 et
219 1680 359 1735 custodire
382 1679 584 1749 inceperimus,
599 1678 732 1733 adversus
754 1694 785 1732 ea
801 1694 861 1748 quar
875 1675 981 1764 Bdicit
996 1692 1002 1730 2
1019 1676 1102 1730 Dcdc’s
1117 1679 1157 1731 eis
1171 1682 1313 1750 praecepto
1328 1697 1385 1735 non
1401 1682 1472 1738 bono
1483 1683 1594 1749 (Erech,
1611 1681 1674 1751 xx),
1690 1680 1718 1734 id

59 1779 135 1824 antea
160 1785 273 1824 servare
313 1767 446 1823 voluimus
474 1766 621 1830 iaciemus,
645 1774 671 1820 et
696 1781 713 1820 a
740 1766 861 1820 conciliis
914 1772 965 1827 est,
981 1764 1105 1834 quaedam
1121 1772 1242 1835 tempore
1267 1767 1394 1823 revelatae
1418 1774 1517 1842 gratiae
1537 1770 1717 1836 immutanda,

58 1858 140 1914 sacris
153 1900 161 1923 ,
174 1874 238 1928 quae
260 1864 393 1927 perpetuo
408 1854 487 1911 nobis
504 1855 673 1925 recipienda,
690 1855 816 1918 tenenda,
832 1869 864 1910 ac
914 1852 977 1922 quia
989 1852 1032 1906 lex
1046 1851 1146 1908 dicitur
1160 1853 1187 1906 in
1206 1853 1348 1926 allegoria,
1366 1865 1394 1910 ut
1409 1859 1600 1928 Apostolusde
1612 1857 1719 1914 duobus

59 1946 250 2010 custodienda,
268 1953 349 2016 atque
365 1944 505 2015 sequenda
525 1952 586 1998 sunt
599 1943 771 1998 deviabimus
790 1958 796 1996 τ
814 1942 863 1996 sed
914 1939 1031 1993 abranae
1046 1938 1108 1994 filiis
1124 1940 1325 2011 interpretatur.
1343 1945 1378 1998 st
1386 1949 1494 2016 patres,
1513 1946 1610 2018 iuquit,
1627 1946 1721 2002 nostri

58 2043 81 2090 et
95 2033 323 2091 aconsuetudine
351 2049 432 2104 quam
452 2031 584 2087 catholica
612 2030 737 2086 Ecclesia
758 2030 862 2096 habuit,
914 2029 1067 2082 omucssub
1079 2030 1323 2099 aeterternam
1335 2035 1718 2100 omuesmcretrottsicrant‚

59 2139 88 2178 ex
104 2139 160 2194 quo
176 2123 206 2176 in
221 2137 333 2177 sacrum
347 2121 489 2176 Nicaenum
504 2119 650 2176 concilium
670 2120 763 2173 Patres
779 2117 865 2173 nostri
914 2120 942 2170 ct
952 2117 1185 2188 ontttesiollopsc
1198 2119 1337 2189 baptizoti
1351 2122 1458 2176 suntin
1469 2123 1540 2177 nabe
1553 2127 1581 2177 et
1591 2124 1622 2177 in
1632 2123 1718 2188 mati,

58 2219 265 2276 convenerunt,
282 2209 329 2280 qui
353 2210 452 2274 adhuc,
468 2210 538 2263 sicut
561 2209 615 2263 Leo
629 2207 694 2262 dicit
708 2209 801 2280 (epist.
819 2210 863 2274 st,
915 2206 1454 2278 etomneseamceotsptritatemescam
1464 2211 1718 2280 manducaverunt,

59 2300 98 2354 rel
113 2303 160 2368 53,
173 2299 211 2354 cd
224 2299 339 2353 Anatol.
356 2300 376 2366 ),
393 2297 537 2353 nobiscum
553 2296 580 2350 in
596 2295 864 2350 suisconstitutioui-
916 2295 942 2345 et
956 2294 1192 2349 omneseumdem
1203 2299 1301 2367 potam
1316 2298 1476 2368 spiritalem
1487 2299 1616 2354 biberunt
1629 2315 1634 2354 :
1648 2299 1719 2355 tibe-

57 2387 104 2442 bus
122 2388 220 2442 vivunt
237 2429 245 2454 ‚
261 2385 493 2457 perniciosissime
518 2384 712 2448 discedemus,
744 2391 771 2438 et
799 2382 865 2437 nihil
916 2379 1094 2436 tentantem
1110 2381 1720 2460 despiritaliconscquentecospetto,petra

59 2476 123 2532 certi
138 2482 267 2531 tenentes
293 2475 319 2529 in
334 2482 435 2529 sectam
460 2472 758 2540 Genethliacianornm,
775 2471 802 2525 id
825 2479 866 2525 est
916 2471 1013 2522 cutem
1024 2478 1085 2523 erat
1095 2470 1308 2538 Cbrt'stustticl.
1321 2487 1359 2540 ιι,
1371 2474 1406 2529 il
1418 2492 1425 2539 ;
1439 2474 1454 2529 l
1463 2475 1523 2531 Cor.
1536 2491 1566 2539 x,
1582 2477 1619 2545 l).
1631 2476 1666 2530 Et
1676 2475 1720 2531 len

59 2564 312 2620 llathematiccrum
326 2561 506 2625 offendemus,
527 2561 573 2632 qui
594 2560 759 2616 diffinierunt
775 2559 866 2614 omnia
916 2554 1090 2628 iullecalogo
1102 2559 1174 2629 quod
1186 2575 1240 2614 non
1251 2569 1292 2614 est
1302 2560 1471 2616 immutatum
1482 2563 1623 2634 accipitur,
1636 2572 1662 2619 et
1676 2563 1719 2620 lex

59 2652 84 2705 in
97 2653 248 2707 incertum.
265 2652 336 2705 Nam
365 2658 391 2704 et
418 2651 513 2705 beatus
533 2649 658 2704 Gelasius
680 2648 789 2704 easdem
805 2648 866 2717 epi·
916 2645 1128 2699 incaeremoniis
1143 2655 1170 2701 et
1191 2647 1326 2720 legalibus
1355 2649 1497 2706 sacriticiis
1527 2651 1633 2717 dicitur,
1658 2669 1720 2723 quae

62 2740 151 2808 stolas,
168 2755 226 2794 non
253 2739 341 2793 solum
356 2738 444 2795 sacris
468 2737 618 2793 canonibus
646 2736 673 2789 in
702 2735 865 2807 quibusdam
916 2733 1081 2802 futurorum
1092 2735 1205 2789 crebras
1215 2736 1335 2806 appellat
1347 2738 1493 2808 Apostolus
1503 2740 1575 2810 (Col.
1595 2741 1636 2808 ιι),
1653 2748 1680 2795 et
1689 2747 1720 2796 ut

60 2829 211 2894 adversas,
229 2827 376 2883 sedetiam
417 2826 469 2880 sibi
495 2826 562 2896 ipsis
591 2825 712 2879 diversas
737 2824 864 2889 ostendit,
918 2819 1000 2892 longe
1016 2821 1143 2891 superius
1162 2823 1315 2893 praelibavi,
1326 2825 1466 2881 immutata
1477 2820 1549 2884 nuuc
1563 2827 1720 2899 spiritaliter

63 2932 121 2972 cum
131 2917 209 2978 dicit,
228 2915 289 2970 illas
307 2915 424 2971 diversis
439 2914 608 2985 temporibus
629 2929 679 2983 pro
695 2913 867 2967 diversorum
919 2907 946 2962 in
975 2908 1098 2964 Ecclesia
1125 2921 1331 2967 conservantur.
1356 2913 1427 2983 Quid
1456 2915 1528 2971 enim
1543 2917 1675 2988 agebatur
1691 2917 1719 2973 in

64 3005 250 3060 consolatione
266 3004 352 3058 datas.
383 3005 417 3058 Et
445 3003 508 3059 hinc
538 3001 607 3057 lorte
650 3002 795 3056 adversum
822 3017 867 3056 me
920 2996 968 3050 illo
983 2997 1083 3067 populo
1105 2989 1191 3054 indui
1206 3002 1370 3060 nescierunt.
1387 3003 1436 3058 sed
1456 3006 1603 3062 necmodo
1618 3005 1721 3062 sciunt.

65 3093 149 3149 dices:
163 3094 239 3164 Ergo
253 3091 428 3148 calumniaris
442 3091 621 3162 apostolicam
649 3091 743 3145 sedem
761 3089 788 3142 in
804 3105 869 3143 san·
922 3085 962 3140 De
978 3085 1031 3140 illis
1045 3087 1145 3158 quippe
1160 3090 1261 3145 dietum
1277 3100 1335 3146 est:
1351 3091 1481 3160 Quamdiu
1493 3094 1597 3164 legiter
1608 3096 1719 3167 Moyses.

64 3182 111 3236 ως
136 3181 196 3250 ejus
210 3179 406 3251 pontificibus,
423 3195 456 3236 eo
477 3180 549 3250 quod
571 3179 643 3234 male
672 3178 817 3242 senserint,
847 3186 873 3234 et
923 3175 1050 3229 uelamen
1066 3192 1205 3234 seuercor
1214 3195 1311 3234 corum
1317 3181 1442 3250 positum
1457 3186 1499 3235 est
1509 3183 1546 3250 (ll
1556 3182 1616 3238 Cor.
1625 3183 1721 3253 111);ibi

65 3285 115 3325 non
138 3269 259 3325 tenenda
274 3267 454 3324 decreverint.
472 3268 551 3323 Unde
566 3266 614 3320 tibi
631 3266 871 3337 respondeo,quod

65 3357 167 3431 delege
182 3373 239 3412 non
253 3357 367 3412 iudaice
384 3356 531 3421 servanda,
557 3353 805 3410 contradicentibus
820 3344 870 3407 sibi

66 3453 88 3500 et
113 3445 271 3502 dicentibus
289 3461 295 3498 :
311 3446 370 3500 lec
390 3460 453 3515 erpo
488 3443 621 3499 aduersus
639 3443 779 3515 proruisse
798 3443 872 3497 Dei?

66 3535 139 3592 (δαὶ.
162 3548 213 3598 ιιι,
229 3533 287 3603 21).
299 3532 451 3602 Respondit
464 3531 624 3602 apostolus:
641 3531 729 3586 Absit.
741 3532 800 3584 lea
810 3532 872 3603 qui-

65 3622 124 3678 dem
138 3625 253 3686 sancto,
273 3625 301 3676 et
315 3620 484 3676 mandatum
508 3624 651 3684 sonetum,
666 3623 694 3674 et
703 3620 826 3690 justum,
842 3622 871 3675 ct

63 3710 166 3767 bosam
187 3712 265 3766 Rom.
289 3714 349 3778 (vu,
368 3710 423 3778 ta),
436 3709 485 3764 sed
504 3708 629 3779 personis
652 3715 678 3762 et
702 3707 870 3778 temporibus

64 3799 251 3868 suiscongrua
259 3814 266 3851 ε
275 3798 462 3870 Quapropter
474 3797 711 3868 transgressiones
716 3797 810 3867 posito
816 3801 868 3858 est,

63 3884 870 3957 domcueairetsemencatrepromiseratbeus,ordinata

60 3992 113 4047 per
124 3975 283 4046 oupcloain
297 3990 387 4029 mono
401 3972 565 4030 mediatoris
581 3973 685 4043 (Galat.
706 3987 746 4038 ιιι,
765 3972 819 4039 ts).
836 3971 871 4025 Et

60 4063 124 4119 illas
141 4060 273 4134 epistolas
288 4070 445 4118 sanctorum
460 4070 486 4116 et
507 4061 720 4131 apostolicorum
736 4059 868 4125 virorum,

62 4151 185 4207 diversis
209 4150 378 4221 temporibus
397 4165 446 4220 pro
477 4150 650 4205 diversorum
671 4148 867 4214 consolatione,

64 4240 137 4295 sicut
161 4246 189 4294 et
212 4239 307 4294 beatus
336 4239 462 4294 Gelasius
494 4239 607 4299 dicit,a
631 4238 696 4291 sede
719 4236 869 4307 apostolica

63 4327 173 4392 datas,
202 4335 229 4382 et
249 4344 300 4398 per
323 4327 435 4382 eosdem
456 4326 563 4381 Domini
586 4326 743 4381 sacerdotes
773 4325 818 4396 qui
842 4333 868 4380 et

923 3261 1048 3317 velamen
1062 3263 1151 3336 figura
1167 3274 1217 3329 est,
1231 3266 1280 3321 sed
1295 3266 1387 3321 ablata
1397 3276 1438 3322 est
1454 3266 1551 3341 figura.
1567 3277 1594 3324 et
1607 3279 1721 3340 apparet

921 3350 1032 3406 veritas.
1055 3353 1125 3406 Audi
1149 3354 1308 3423 Apostolum
1334 3355 1441 3426 quando
1456 3355 1574 3411 ablatum
1590 3366 1630 3412 est
1644 3358 1721 3414 vela·

922 3454 993 3493 men.
1006 3443 1074 3497 Cam
1082 3443 1241 3507 transieris,
1254 3441 1349 3514 inquit,
1359 3443 1395 3497 cd
1404 3445 1722 3516 Dominam,cuseretttr

920 3532 1049 3586 velatura
1063 3530 1151 3599 (idid).
1171 3530 1335 3600 Propitiatus
1358 3547 1426 3603 ergo
1443 3533 1678 3602 peccatisnostris
1694 3542 1721 3590 at

920 3617 1104 3688 impietatibus
1127 3633 1177 3688 per
1214 3617 1281 3671 illud
1318 3617 1481 3675 sacrificium
1524 3622 1720 3692 vespertinum,

921 3706 1029 3776 quando
1053 3705 1177 3760 Christus
1191 3706 1311 3761 extendit
1329 3723 1425 3762 manus
1447 3708 1476 3762 in
1491 3724 1590 3776 cruce,
1603 3718 1632 3764 ut
1646 3711 1720 3768 dice·

921 3803 994 3848 retur
1009 3813 1015 3848 :
1033 3795 1180 3865 Dirigatur
1194 3797 1284 3851 oratio
1293 3812 1356 3851 inec
1367 3798 1641 3854 sicutimeustcmt'n
1651 3817 1720 3856 con-

920 3886 1019 3954 spectu
1035 3886 1093 3946 tuo,
1114 3883 1231 3938 elevatio
1247 3900 1386 3939 munaum
1401 3902 1530 3941 mennam
1547 3887 1721 3957 sacrificium

920 3971 1210 4043 vespertinathsul.
1228 3975 1303 4041 exn),
1320 3972 1388 4028 sicut
1411 3975 1538 4030 novimus
1552 3975 1615 4048 quia
1629 3976 1722 4032 Domi-

920 4076 971 4113 nus
986 4059 1058 4114 circa
1072 4075 1214 4130 vesperam
1228 4060 1355 4131 pependit
1366 4061 1393 4115 in
1404 4078 1495 4131 cruce,
1507 4063 1565 4134 ipse
1580 4066 1720 4131 sacerdos,

921 4147 979 4218 ipse
995 4147 1113 4210 victima,
1130 4147 1189 4217 ipse
1204 4148 1320 4215 oblator,
1338 4149 1396 4219 ipse
1412 4151 1523 4207 oblatio.
1546 4153 1608 4223 lpse
1626 4170 1720 4210 sacer·

920 4237 981 4299 dos,
999 4244 1049 4304 est,
1075 4235 1121 4306 qui
1145 4251 1214 4291 nunc
1238 4236 1381 4308 ingressus
1404 4247 1445 4292 est
1461 4240 1489 4293 in
1503 4239 1632 4296 interiora
1654 4242 1717 4307 veli,

920 4326 994 4380 solus
1009 4325 1046 4379 ibi
1069 4341 1100 4378 ex
1119 4323 1160 4377 his
1177 4324 1341 4394 quicarnem
1369 4336 1545 4397 gestaverunt
1565 4328 1721 4399 interpellat

64 4415 158 4487 angeli
173 4417 324 4472 secundum
345 4415 512 4485 scripturam
534 4414 705 4485 appellantur
717 4414 866 4482 ordinatas,
880 4409 905 4468 D
921 4430 972 4484 pro
987 4413 1075 4468 nobis.
1093 4414 1123 4466 ln
1137 4413 1212 4480 cujtrs
1228 4413 1268 4467 rei
1290 4411 1387 4484 figura,
1404 4414 1431 4468 in
1447 4414 1494 4469 illo
1508 4416 1596 4485 primo
1606 4417 1718 4487 populo,

67 4520 130 4559 cnm
147 4504 230 4560 beato
251 4503 363 4559 Gelasio
384 4502 533 4574 apostolico
548 4502 608 4556 viro
622 4501 813 4556 venerabiliter
826 4518 872 4555 su·

75 4593 228 4663 scipiendas
243 4592 314 4648 dico.
345 4591 412 4661 Quae
435 4592 491 4647 suis
507 4591 673 4661 temporibus
688 4600 870 4663 congruentes

72 4679 186 4747 inerunt,
202 4682 291 4737 donec
320 4697 370 4752 per
398 4696 477 4735 sacra
504 4679 617 4735 concilia
633 4680 725 4733 Patres
742 4679 828 4733 nostri
842 4678 871 4732 in

75 4785 153 4824 unum
171 4769 373 4835 convenientes,
399 4769 468 4824 sicut
490 4768 611 4835 ejusdcm
627 4767 782 4837 apostolicae
798 4766 871 4821 sedis

79 4856 210 4923 pontifices
239 4865 432 4928 protestantur,
457 4863 625 4929 suggerente
641 4855 761 4909 siblimet
776 4862 871 4910 sancto

84 4941 182 5012 Spiritu,
198 4945 327 5018 quoniam
349 4945 427 5000 aliter
451 4944 616 5000 credendum
646 4929 775 5008 nonest,
792 4959 871 4997 man-

89 5043 152 5087 suras
171 5050 258 5106 usque
280 5034 307 5087 in
325 5033 405 5088 finem
424 5032 516 5088 saeculi
530 5032 608 5104 leges
632 5031 872 5086 conciderentur

90 5116 144 5174 sicut
156 5123 187 5178 de
198 5123 261 5195 lege
270 5121 334 5177 dicit
347 5139 353 5175 :
365 5121 513 5191 Apostolus
527 5121 573 5176 :Si
583 5122 661 5176 cuim
670 5125 743 5175 esset
752 5122 799 5175 lux
810 5136 870 5192 pute

91 5214 162 5272 posset
184 5212 338 5280 ricimere,
356 5225 418 5265 vere
441 5211 548 5281 exlege
576 5212 648 5264 essct
664 5208 781 5279 justitio
801 5208 870 5276 (Ga-

95 5290 129 5350 lat.
149 5314 184 5365 nt,
206 5299 254 5369 ati
267 5342 274 5366 ,
288 5298 327 5355 ita
346 5298 421 5353 salva
445 5297 597 5354 reverentia
622 5296 695 5351 sedis
712 5296 870 5366 apostolicae

93 5375 144 5453 dico,
157 5389 219 5462 quia
232 5389 256 5444 si
271 5387 326 5453 illa,
342 5404 402 5459 quae
416 5387 443 5441 in
467 5387 572 5443 eisdem
587 5385 709 5457 epistolis
724 5385 869 5441 continen-

94 5479 129 5546 tar,
141 5494 164 5541 et
175 5487 219 5543 sui
236 5483 404 5556 temporibus
418 5499 538 5556 congrua
562 5483 679 5544 luerunt.
697 5482 868 5553 subsequen-

923 4510 950 4556 et
964 4502 992 4555 iu
1008 4501 1054 4555 illo
1068 4500 1158 4571 prImo
1174 4501 1295 4571 templo„
1312 4518 1383 4557 uuus
1398 4504 1528 4558 sacerdos
1553 4505 1671 4560 intrabat
1690 4506 1718 4561 in

922 4591 1022 4646 Sancta
1048 4598 1215 4644 sanctorum.
1240 4591 1358 4661 Populus
1380 4592 1468 4647 omnis
1484 4591 1550 4647 loris
1571 4593 1675 4658 stabat,
1693 4602 1721 4650 et

921 4680 977 4745 ille,
995 4679 1041 4751 qui
1063 4678 1139 4733 solus
1157 4678 1364 4751 ingrediebatur
1376 4681 1403 4735 in
1426 4681 1554 4736 interiora
1569 4681 1632 4752 veli,
1648 4681 1719 4738 offe·

922 4769 998 4824 rebat
1020 4767 1184 4823 sacrificium
1206 4784 1256 4839 pro
1272 4769 1372 4839 populo
1387 4769 1454 4823 loris
1468 4778 1566 4826 stante.
1584 4771 1720 4843 Propitiu-

923 4857 955 4911 tis
973 4874 1040 4928 ergo
1063 4857 1182 4927 peccatis
1204 4857 1305 4911 nostris
1328 4865 1354 4911 et
1376 4858 1560 4927 impietatibus
1582 4877 1631 4932 per
1653 4861 1719 4917 illud

921 4944 1083 5001 sacrificium
1126 4945 1339 5016 vespertinum,
1368 4946 1517 5002 tmnsimus
1553 4950 1588 5004 ad
1626 4950 1720 5006 Domi-

921 5051 985 5089 uum
1014 5044 1040 5089 et
1067 5036 1190 5090 aufertur
1219 5035 1350 5089 velamen.
1376 5037 1523 5106 Propterea
1551 5048 1577 5093 et
1604 5039 1720 5094 Domino

921 5123 1051 5179 cruxifixo
1066 5124 1156 5177 velum
1171 5122 1263 5193 templi
1280 5124 1395 5180 scissum
1411 5135 1462 5181 est.
1485 5127 1578 5198 ltaque
1594 5143 1644 5182 nec
1657 5142 1719 5183 car·

921 5227 983 5266 nem
1003 5211 1128 5281 praeputii
1148 5210 1368 5267 circumcidimus
1388 5214 1466 5282 juxta
1486 5216 1568 5269 ritum
1592 5215 1719 5272 ilosaicse

920 5300 999 5372 legis,
1014 5315 1064 5354 nec
1080 5298 1246 5354 abstinemus
1261 5301 1389 5357 carnibus
1403 5318 1472 5374 quas
1487 5303 1583 5358 eadem
1597 5304 1640 5360 lert
1653 5304 1719 5362 dicit

919 5387 1083 5453 immundas,
1099 5402 1151 5442 nec
1161 5387 1285 5455 sabbata,
1303 5398 1330 5445 et
1344 5389 1512 5461 neomenias,
1521 5401 1548 5448 et
1562 5392 1621 5450 dies
1635 5391 1719 5453 festos

919 5491 1011 5531 eorum
1032 5476 1178 5532 carnaliter
1205 5477 1402 5544 observamus,
1418 5494 1468 5535 nec
1492 5481 1614 5538 victimas
1636 5497 1717 5554 peco-
