3794 6104
57 262 111 319 ΥΒ
805 258 996 316 EPISTOLAE.
1657 259 1711 317 att

57 384 156 454 rapiat.
174 384 200 439 lt
217 397 272 454 quo
285 382 379 451 verbo,
393 382 529 453 accipere,
544 398 619 448 aves,
635 398 695 453 qnae
709 381 778 436 alias
792 396 858 436 aves
872 383 901 442 A
914 399 944 437 re
959 384 1099 447 voluerint,
1116 383 1240 452 accipere
1254 398 1309 439 non
1331 383 1474 453 prohibeat
1491 399 1497 438 :
1514 385 1568 453 peti
1583 399 1649 437 vero
1664 393 1710 440 aut

60 473 179 544 capiunt,
197 472 342 543 accipitres
359 471 533 526 nominantur
550 487 556 524 :
574 486 636 526 cum
661 470 782 541 episcopi
797 486 861 525 suos
911 470 983 541 exigi
998 471 1100 542 aliquid
1114 471 1272 526 omnimodo
1292 477 1364 526 vetet
1383 488 1389 527 :
1405 488 1449 536 ne,
1466 471 1539 542 quod
1552 470 1632 526 valde
1646 471 1713 527 irre·

60 562 183 616 subditos
197 575 254 614 non
268 568 296 613 nt
317 559 462 629 accipitres
482 574 592 628 capere,
609 559 658 613 sed
673 559 744 614 sicut
759 558 861 631 gallina
909 559 1038 630 ligiosum
1052 569 1093 614 est
1108 567 1152 613 ant
1165 559 1278 628 venalis,
1295 560 1369 629 quod
1392 560 1473 626 absit,
1498 559 1603 614 dicatur
1617 560 1707 615 ecele-

60 649 147 722 pnllos
169 663 236 703 suos
261 647 365 712 lovere,
381 655 406 702 et
422 662 546 717 quosque
571 645 694 702 infirmos
708 655 738 700 ut
756 646 861 717 peritus
911 647 962 713 sia,
986 655 1030 700 aut
1050 648 1084 702 dc
1109 647 1233 702 humanis
1258 647 1436 703 sacerdotalis
1465 647 1562 720 religio
1586 648 1710 703 videatur

61 738 183 795 medicus
204 736 377 792 convenienti
398 735 600 791 medicamento
625 751 657 790 ac
671 743 793 804 ternpore
809 734 861 789 de-

62 828 141 882 beant
177 839 291 890 curare;
321 832 348 879 et
383 839 451 895 qnos
490 839 587 879 curare
624 838 678 877 non
713 822 859 893 potuerint,

61 922 102 970 aut
142 913 280 984 patienter
321 911 451 976 tolerare,
489 918 535 965 ant
572 911 736 982 regulariter
773 927 860 981 usquc

63 1002 93 1057 ad
115 1001 315 1057 correctionem
341 1000 540 1054 sustinentesa
563 1015 629 1053 sano
653 1014 769 1069 corpore
792 998 859 1069 snb-

61 1105 180 1146 movere.
204 1088 337 1161 Regulam
359 1088 503 1159 siquidem,
531 1104 591 1158 quar
607 1089 640 1140 de
666 1096 758 1157 quarta
783 1094 860 1158 parte

62 1178 214 1234 reddituum
244 1176 377 1241 ecclesia,
400 1176 475 1243 juxta
498 1175 723 1230 consuetudinem
746 1175 860 1229 aliarum

63 1266 215 1338 regionum,
232 1265 270 1318 ita
284 1272 313 1318 ut
326 1272 366 1319 est
382 1265 481 1334 scripta
507 1264 650 1335 intelligat,
667 1272 761 1317 elnon
776 1279 859 1333 prave

62 1354 131 1409 illam
155 1354 350 1423 interpretans
373 1352 485 1423 perinde
508 1353 534 1405 in
559 1353 601 1405 his
626 1351 859 1422 regionibusque

911 735 1042 789 mortibus
1057 736 1196 808 gratulari,
1213 736 1235 789 si
1252 751 1285 790 ex
1298 751 1394 790 eorum
1408 735 1586 791 cadaveribus
1601 735 1710 791 studue-

910 823 946 877 rit
961 839 1082 895 quaerere
1098 823 1217 894 quolibet
1231 824 1313 879 modo
1328 824 1529 895 compendium,

947 908 988 961 Ab
1003 907 1074 962 omni
1089 923 1195 979 qnoque
1210 908 1332 975 avaritia,
1349 915 1376 962 et
1390 924 1480 974 usura,
1496 922 1528 962 ac
1539 908 1609 978 turpi
1618 908 1706 975 lucro,

911 996 1061 1051 secundnm
1077 1009 1172 1050 sacros
1187 1011 1314 1059 canones,
1331 995 1429 1065 etipse
1453 996 1597 1062 abstineat,
1614 1003 1641 1050 et
1654 996 1709 1050 mi-

910 1085 1011 1139 nistros
1039 1083 1163 1138 ecclesiae
1186 1084 1323 1137 abstinere
1353 1083 1442 1149 iaciat,
1466 1092 1492 1138 et
1516 1084 1597 1138 etiam
1624 1084 1708 1141 laicos

910 1172 1047 1227 abstinere
1077 1171 1199 1234 suadeat,
1228 1187 1257 1225 so
1282 1179 1380 1240 antem,
1410 1179 1436 1226 et
1465 1172 1516 1225 sibi
1544 1172 1706 1227 commissos

909 1261 1050 1314 ministros
1072 1258 1282 1324 ecclesiasticos,
1308 1259 1432 1325 solerter,
1459 1260 1628 1330 solliciteque
1643 1275 1708 1316 cns·

910 1348 1002 1411 todiat,
1027 1364 1061 1402 ne
1084 1356 1180 1402 eontra
1203 1363 1297 1403 sacros
1321 1363 1439 1402 canones
1463 1349 1641 1404 conductores
1665 1348 1709 1404 vel

62 1451 119 1497 sunt
132 1441 361 1512 presbyterorum
376 1448 468 1495 contra
492 1439 603 1511 regulus
627 1455 720 1496 sacras
740 1440 856 1510 diripiat.
909 1446 1101 1508 procuratores
1131 1437 1279 1491 alienarum
1309 1436 1514 1506 possessionum
1543 1435 1616 1491 liant.
1651 1437 1708 1492 Nec

62 1527 135 1584 Unde
151 1526 175 1579 si
190 1541 244 1596 qna
261 1523 367 1580 fuorunt
383 1524 542 1597 gravamina
565 1523 618 1578 illis
633 1523 768 1593 imposita,
786 1532 857 1577 tem·
910 1525 979 1595 turpi
996 1523 1115 1595 negotio,
1133 1533 1179 1579 aut
1193 1524 1337 1578 inhonesto
1361 1524 1438 1579 lucro
1463 1524 1562 1579 victum
1577 1533 1708 1595 quaerant.

62 1623 132 1686 peret
150 1632 157 1668 :
174 1614 238 1684 quia
263 1621 289 1668 et
312 1612 489 1684 inpraesenti
513 1613 587 1666 etin
609 1611 697 1666 lutura
729 1612 783 1667 vita
807 1612 859 1666 sibi
909 1614 1003 1684 Neque
1026 1613 1157 1667 secularia
1180 1613 1287 1684 negotia
1312 1613 1363 1666 sub
1388 1628 1455 1667 cura
1477 1627 1526 1666 sua
1550 1612 1707 1682 suscipiant,

62 1702 216 1774 prospiciet,
233 1701 256 1755 si
271 1717 329 1766 eos,
344 1700 390 1771 qui
405 1700 457 1754 sibi
471 1700 609 1754 commissi
626 1708 697 1765 sunt,
717 1699 775 1755 sine
790 1714 857 1772 gra·
873 1701 1014 1789 BDeique
1030 1701 1210 1756 ministerium
1225 1701 1465 1771 parvipendentes,
1481 1717 1531 1771 per
1545 1701 1709 1757 secularium

63 1790 168 1845 vamina
185 1804 350 1847 conservare
366 1789 507 1843 studuerit.
534 1788 670 1843 llinistros
684 1803 759 1854 vere,
775 1788 802 1842 id
818 1795 859 1843 est
910 1791 1007 1844 domos
1019 1789 1244 1855 condiscurrant,
1258 1805 1308 1844 nec
1318 1790 1588 1860 propteravaritiam,
1600 1790 1706 1862 gratias,

61 1878 328 1949 archipresbyteros,
343 1885 369 1931 et
384 1876 601 1941 archidiaconos,
623 1877 772 1931 secundum
788 1876 861 1946 quod
911 1878 1092 1943 anthenoris,
1109 1878 1152 1932 rel
1166 1877 1288 1948 pecuniae
1304 1878 1528 1946 patrimoniorum
1544 1876 1708 1932 sollicitudi-

60 1966 213 2038 providere‚
224 1966 342 2020 Domino
356 1965 503 2037 inspirante
513 1972 539 2019 et
550 1973 722 2034 cooperante,
735 1963 859 2031 valuerit,
911 1983 969 2035 nes,
987 1975 1031 2021 ant
1047 1966 1198 2020 alienorum
1213 1972 1435 2020 testamentorum
1451 1964 1709 2020 defensionesassu·

58 2055 124 2110 tales
138 2055 298 2120 constituat,
314 2054 360 2125 qui
381 2051 486 2108 oderint
509 2053 660 2118 avaritiam,
677 2060 703 2106 et
719 2068 773 2106 non
795 2053 859 2106 dili·
909 2063 992 2122 mant,
1009 2069 1059 2109 nec
1074 2053 1293 2122 fideiussionibus
1307 2052 1466 2108 inserviant.

58 2151 118 2216 gant
141 2158 269 2211 munera,
294 2157 346 2198 nec
360 2151 511 2212 sequantur
533 2141 744 2206 retributiones,
770 2157 859 2212 neque
946 2145 968 2197 Α
983 2141 1164 2197 familiaritate
1179 2141 1354 2197 nihilominus
1368 2156 1398 2196 ac
1409 2140 1600 2196 conturbernio
1613 2140 1707 2196 illicito

59 2247 104 2303 pro
118 2230 281 2286 ordinandis
304 2229 419 2295 clericis,
437 2229 480 2285 vel
496 2228 704 2299 reconciliandis
719 2230 859 2299 poeniten-
910 2238 936 2286 et
956 2230 1037 2286 vetito
1061 2230 1222 2284 seminarum
1239 2245 1268 2283 sc
1283 2235 1309 2284 et
1332 2228 1533 2283 comministros
1556 2244 1628 2295 snos,
1658 2229 1707 2285 sed

59 2320 138 2386 tibus,
162 2335 264 2374 munus
288 2317 432 2389 accipiant,
450 2326 476 2372 et
490 2318 549 2388 ipso
570 2333 684 2373 munere
709 2334 771 2372 eum
794 2332 858 2372 cor·
910 2328 937 2375 et
951 2334 966 2373 a
981 2319 1108 2384 tabernis,
1125 2317 1274 2373 secundum
1290 2332 1381 2372 sacras
1396 2317 1517 2390 regulas,
1538 2316 1707 2372 eeclesiasti-

59 2423 185 2479 rumpere
220 2414 355 2479 satagant.
384 2407 419 2459 Et
447 2405 621 2476 presbyteros
650 2405 677 2459 in
706 2405 805 2477 paratis
833 2413 859 2460 et
910 2423 958 2463 eos
985 2407 1125 2462 ministros
1153 2405 1232 2461 iaciat
1264 2405 1411 2472 abstinere,
1449 2405 1569 2460 attendat
1597 2421 1706 2477 qnoque

59 2496 144 2552 xeniis
172 2495 304 2550 indebitis
330 2510 385 2550 non
412 2493 531 2564 allligant
549 2511 555 2546 :
571 2502 598 2548 et
619 2493 687 2548 sicut
715 2510 797 2564 snpra
824 2495 858 2549 de
910 2496 982 2567 quod
998 2496 1159 2551 beatuslob
1174 2495 1238 2550 dicit
1253 2513 1261 2548 τ
1276 2497 1305 2552 Si
1319 2496 1468 2551 aduersum
1483 2512 1528 2551 rac
1552 2499 1627 2550 terre
1642 2511 1706 2550 mee

59 2586 188 2656 episcopo
213 2582 341 2648 diximus,
357 2598 405 2653 per
428 2581 552 2636 diversas
574 2581 727 2652 petitioneS,
754 2590 782 2635 ut
806 2581 858 2635 illis
909 2587 1025 2652 clamat,
1042 2589 1070 2641 et
1084 2601 1149 2640 cum
1160 2601 1193 2639 eo
1203 2586 1278 2639 salci
1291 2587 1351 2656 ejus
1362 2584 1477 2651 delient,
1487 2586 1513 2639 si
1522 2587 1635 2651 fruetus
1645 2587 1705 2655 ejus
1733 2642 1738 2651 ,

59 2671 221 2742 adjutorium
244 2670 354 2736 iaciant,
381 2686 441 2741 quae
463 2676 524 2724 sunt
544 2671 766 2741 presbyterorum
785 2670 858 2725 unde
909 2673 1017 2730 comedi
1032 2674 1133 2742 ubsque
1146 2674 1269 2744 pecnnia
1285 2673 1352 2742 (lob.
1362 2687 1430 2736 xxx,
1443 2674 1499 2740 38).
1517 2671 1593 2728 Unde
1609 2671 1705 2727 beatus

58 2760 105 2832 ipsi
130 2760 237 2825 virere,
253 2767 280 2813 et
303 2757 423 2828 hospites
447 2758 580 2830 recipere,
597 2766 623 2813 et
639 2773 702 2812 snas
727 2757 858 2813 ecelesias
909 2761 1077 2832 Gregorius(
1083 2761 1176 2816 derel.
1186 2761 1217 2815 in
1226 2761 1282 2828 lob,
1292 2760 1338 2814 lib.
1349 2774 1421 2825 xxix,
1431 2775 1492 2830 cap.
1503 2762 1547 2822 lat
1558 2776 1564 2814 ε
1575 2757 1704 2830 «Omnis,

59 2848 197 2906 continere
212 2846 324 2912 debent,
347 2846 465 2902 colludio
490 2861 652 2917 quocunque
677 2846 814 2917 diripiant,
831 2854 858 2901 et
908 2849 1002 2921 inquit,
1020 2849 1066 2920 qui
1088 2856 1198 2919 praeest,
1214 2847 1237 2901 si
1251 2864 1381 2918 perversa
1396 2848 1423 2903 in
1439 2847 1561 2903 subditos
1582 2856 1702 2918 exercet,

60 2948 83 2994 ut
97 2937 206 2992 eisdem
229 2936 264 2991 ab
277 2934 452 3006 inquisitione
467 2935 508 2989 sui
531 2934 674 2989 ministerii
697 2943 815 3005 parcant,
832 2943 858 2989 et
907 2946 1003 2993 eontra
1017 2939 1089 2993 hunc
1104 2944 1175 2992 terra
1188 2936 1297 3002 clamat,
1314 2944 1340 2992 et
1354 2937 1422 2993 sulci
1437 2937 1537 2993 dellent
1556 2937 1620 3008 qnia
1635 2953 1704 2993 con·

60 3042 103 3098 pro
117 3024 233 3080 infamia
246 3038 341 3078 eorum
364 3022 493 3079 calcanda
507 3022 551 3078 vel
565 3022 746 3094 cooperienda
767 3023 856 3093 quod·
908 3033 948 3080 tra
963 3027 1021 3095 ejus
1044 3025 1200 3094 injustitiam
1222 3026 1305 3080 rudes
1328 3025 1438 3097 quidem
1459 3025 1552 3096 populi
1573 3025 1601 3080 in
1625 3042 1704 3081 mur-

60 3129 163 3186 cunque
183 3112 398 3168 emolumentum
421 3127 475 3167 non
496 3111 640 3182 accipiant.
656 3112 690 3165 Et
706 3110 728 3164 si
742 3119 856 3183 agentes
905 3114 1189 3169 murationisvoeibus
1208 3121 1350 3184 erumpunt
1366 3131 1373 3167 :
1390 3114 1440 3169 sed
1463 3113 1576 3185 portuen
1602 3114 1703 3186 quique

60 3203 116 3258 talia
137 3201 279 3256 ministros
294 3199 434 3270 repererit,
452 3199 479 3253 in
502 3199 653 3254 ministerio
667 3214 779 3253 manere
800 3216 855 3254 non
904 3219 955 3274 pro
969 3217 1056 3275 pravo
1071 3203 1129 3271 eJns
1143 3217 1226 3272 opere
1242 3217 1303 3258 sese
1317 3201 1345 3256 in
1360 3201 1468 3256 lletibus
1483 3201 1614 3274 aliligunt.
1630 3202 1702 3257 Fru-

61 3291 133 3360 sinat,
150 3298 178 3344 et
192 3288 325 3344 canonica
346 3287 498 3343 invectione
513 3286 652 3359 corripiat.
670 3288 730 3357 lpse
747 3304 854 3359 qnoque
904 3299 963 3346 etus
978 3290 1049 3346 enirn
1069 3299 1148 3344 terrae
1169 3290 1273 3361 absque
1298 3290 1414 3360 pecunia
1437 3290 1585 3345 comedere
1601 3297 1651 3356 est,
1668 3306 1701 3345 ex

61 3395 106 3450 pro
147 3376 348 3435 constituendis
390 3376 609 3431 ministerialibus
651 3375 852 3440 ecclesiasticis,
904 3378 1021 3434 eeclesia
1035 3377 1145 3449 quidem
1170 3385 1293 3449 sumptus
1307 3378 1442 3448 accipere,
1460 3378 1507 3433 sed
1522 3378 1611 3432 cidem
1625 3377 1702 3433 debi-

62 3466 184 3523 videlicet
207 3479 362 3530 oeeonomo,
378 3463 406 3519 id
421 3472 463 3519 est
477 3464 600 3520 ecclesiae
623 3462 781 3518 facultatum
795 3463 853 3517 dis·
904 3476 960 3521 tum
987 3465 1185 3536 praedicationis
1208 3466 1325 3536 pretinm
1347 3481 1403 3520 non
1426 3466 1558 3536 praebere.
1584 3466 1624 3520 De
1647 3481 1701 3537 qua

62 3563 215 3626 pensatore‚
250 3553 491 3624 archipresbyteris
529 3560 553 3607 et
590 3551 797 3621 archidiaconis,
826 3552 854 3606 in
904 3555 1008 3611 scilicet
1021 3553 1212 3625 predicatione
1227 3553 1392 3609 auctoritatis
1407 3568 1474 3609 voce
1487 3553 1602 3608 dicitnr:
1617 3554 1701 3626 Opor-

62 3643 153 3714 quibus
167 3641 234 3697 lidei
260 3640 455 3704 sinceritatem,
472 3649 499 3695 et
513 3640 614 3695 orobos
635 3656 725 3695 mores
740 3656 772 3696 ac
787 3639 853 3694 reli-
904 3645 960 3699 tuit
967 3647 994 3698 le
1002 3644 1177 3698 committere
1182 3645 1333 3714 pecaniam
1342 3658 1436 3698 meam
1447 3643 1661 3709 rrummuleriia,
1672 3647 1700 3698 et

62 3731 159 3802 giosam
173 3730 258 3787 vitam
273 3728 355 3784 debet
365 3728 479 3801 eligere,
491 3729 604 3798 praemia
621 3743 675 3783 non
692 3728 852 3783 constituat:
903 3734 1019 3787 veniens
1033 3747 1081 3802 ego
1097 3733 1265 3803 recepissem
1276 3733 1372 3803 ulique
1383 3731 1555 3804 qnodmcem
1566 3735 1700 3787 aratrum

62 3819 116 3890 quia
129 3816 346 3874 ecclesiasticum
360 3815 530 3888 obsequium,
548 3816 620 3887 rpnod
633 3815 705 3870 male
716 3831 855 3886 compara·
903 3837 991 3874 usuro
1006 3819 1115 3889 (llullh.
1131 3834 1201 3884 xxv,
1217 3820 1273 3888 28).
1289 3819 1381 3875 Terrae
1390 3819 1473 3892 igitur
1480 3818 1584 3874 fructus
1594 3819 1699 3891 absque

62 3908 153 3974 rerinl,
175 3905 340 3977 accipientes
363 3920 461 3959 munus
475 3920 490 3958 a
505 3904 628 3972 subditis,
649 3905 727 3975 pejus
747 3920 853 3960 venun·
903 3908 1019 3979 pecunia
1046 3907 1172 3974 comedit,
1199 3909 1245 3979 qui
1269 3907 1454 3964 ecclesiastica
1483 3908 1627 3964 commoda
1664 3907 1700 3962 ad

62 3995 278 4050 darecnrabnnt.
302 3993 360 4049 Nec
374 4008 425 4064 pro
449 4007 611 4064 quocunque
636 3992 738 4061 judicio
759 4000 854 4048 contra
903 4012 981 4051 usum
996 3997 1118 4066 corporis
1137 3996 1259 4067 percipit,
1286 3996 1335 4051 sed
1359 3996 1554 4053 exhortationis
1577 3996 1701 4052 ministe-

63 4098 146 4140 sacras
168 4083 259 4155 leges,
275 4096 364 4154 neque
378 4096 462 4152 super
476 4080 648 4135 innocentem
668 4087 764 4135 eontra
779 4081 853 4136 veri·
903 4085 974 4140 rium
988 4085 1087 4156 populo
1101 4101 1155 4140 non
1170 4084 1310 4155 impendit,
1325 4085 1416 4156 Exigit
1432 4086 1504 4156 qnod
1520 4101 1569 4142 sno
1583 4086 1699 4142 debetur

63 4178 148 4238 tatem
163 4170 283 4243 pretium
296 4169 380 4224 ullum
405 4168 529 4238 accipiat.
546 4168 604 4224 Nec
628 4168 710 4223 etiarn
733 4169 795 4223 odio
810 4169 853 4223 vol
903 4173 1021 4244 corpori,
1038 4182 1065 4228 et
1079 4189 1133 4228 non
1148 4173 1278 4244 impendit
1293 4174 1365 4244 quod
1386 4173 1570 4243 subjectorum
1585 4174 1700 4230 debetur

63 4259 150 4330 gratia,
167 4259 256 4314 livore
270 4266 317 4313 aut
327 4257 477 4321 iracundia,
505 4265 633 4328 quantum
655 4256 746 4311 scierit
760 4265 787 4312 et
801 4273 853 4327 po·
903 4256 989 4311 cordi.
1007 4277 1018 4306 ι
1036 4256 1096 4311 Non
1119 4256 1202 4328 igitur
1225 4255 1439 4326 redemptionem
1463 4266 1510 4312 aut
1527 4256 1645 4327 pretinm
1663 4257 1698 4313 de

66 4347 145 4414 tuerit,
169 4346 309 4415 ajudicio
333 4357 409 4400 recto
430 4344 559 4409 declinet,
584 4345 689 4400 dicente
713 4345 852 4400 Domino:
904 4344 1284 4415 collationepresbyterornm
1307 4344 1452 4415 episcopus
1475 4344 1557 4399 debet
1576 4345 1697 4415 erigere,

68 4434 118 4490 don
130 4437 218 4506 facim
232 4435 304 4506 qaod
319 4434 450 4505 iniquam
464 4438 516 4498 est,
529 4448 580 4489 nee
590 4435 696 4504 injuste
702 4434 851 4505 judicabis.
864 4429 892 4490 D
904 4441 929 4488 et
945 4432 1073 4487 alimenta
1087 4432 1272 4487 ecelesiastica
1285 4441 1376 4487 mutus
1396 4432 1572 4487 manducare.
1588 4434 1622 4487 Et
1636 4448 1698 4488 cum
1745 4440 1746 4444 ’

69 4523 134 4578 laste
143 4523 248 4595 judica
260 4523 392 4594 proximo
403 4526 460 4586 teo,
477 4526 506 4576 ct
516 4523 594 4592 juste
609 4522 798 4594 quodjuslum
809 4526 851 4576 cst
901 4521 1033 4576 Dominus
1057 4520 1281 4591 predicatoribus
1307 4521 1447 4592 praecipiat
1471 4528 1499 4574 nt
1519 4520 1648 4575 intrantes
1671 4521 1698 4575 in

70 4614 219 4684 exequeris
232 4611 332 4682 (lenit.
350 4609 421 4679 xix).
438 4610 513 4664 Juste
527 4625 645 4681 namque
665 4610 736 4680 quod
749 4610 852 4679 justum

72 4705 103 4750 est
121 4699 283 4771 exsequitur,
311 4698 398 4770 quiin
421 4697 572 4753 assertione
593 4697 704 4765 jnstitiae
728 4699 851 4753 eamdem

73 4780 144 4854 ipsam
153 4786 285 4855 justitiam
300 4786 407 4858 qnaerit.

102 4873 146 4930 Pro
162 4875 331 4947 baptizandis
356 4874 473 4947 deniqne
495 4873 651 4941 infantibus,
671 4874 714 4930 vel
736 4891 786 4947 pro
811 4891 853 4930 se·

77 4959 171 5032 pultare,
193 4963 345 5020 obaudiens
368 4964 478 5019 decreta
493 4964 565 5018 beati
584 4963 720 5034 Gregorii,
736 4964 854 5035 pretium

78 5046 102 5101 de
113 5057 176 5106 terra
186 5067 321 5108 concessa
331 5051 470 5123 putredini
482 5067 645 5123 quemquam
656 5069 710 5106 non
720 5053 855 5123 permittat

78 5130 223 5207 i¹1par0chia
243 5156 293 5195 sua
318 5156 452 5212 quaerere,
470 5148 496 5195 et
511 5140 545 5195 de
560 5140 650 5196 alieno
673 5141 742 5196 velle
763 5140 855 5197 lacere

78 5219 131 5282 lacn
142 5229 342 5301 compendium.
368 5229 421 5284 Sed
438 5229 461 5283 si
478 5229 586 5300 qnando
605 5229 721 5301 aliquem
742 5230 856 5301 quisque

82 5316 166 5383 aretin·
179 5318 207 5374 in
221 5316 436 5375 commissosibi
450 5317 511 5372 loeo
526 5318 704 5384 concesserit,
722 5318 857 5390 siquidem

82 5412 183 5468 arentes
196 5407 284 5478 ipsius
301 5405 427 5478 proximi,
445 5405 488 5462 vel
510 5406 645 5473 haeredes,
670 5423 720 5477 pro
741 5408 857 5463 lumina·

81 5485 145 5561 abus,
160 5495 202 5553 vel
216 5495 245 5552 in
260 5494 439 5566 eleemosyna
453 5493 582 5562 defuncti,
592 5503 688 5568 sponte
698 5495 763 5568 quid
778 5495 860 5553 oller·

901 4610 997 4664 domos
1018 4623 1109 4664 eornm
1134 4608 1231 4681 quibus
1253 4623 1349 4680 pacem
1372 4608 1531 4680 praedicant,
1554 4607 1602 4662 illa
1617 4607 1700 4663 edant

902 4707 928 4753 et
944 4697 1038 4751 bibant
1052 4713 1113 4768 quae
1127 4698 1198 4767 apud
1212 4697 1274 4752 illos
1290 4706 1361 4762 sunt,
1384 4712 1434 4767 per
1452 4695 1610 4766 parochiam
1625 4712 1699 4767 prae-

902 4781 1018 4836 dicando
1041 4797 1073 4836 ac
1095 4780 1283 4837 consumendo
1316 4796 1433 4853 pergens
1461 4779 1615 4850 episcopus,
1645 4796 1700 4836 non

903 4868 984 4924 debet
999 4869 1150 4941 snperlluas
1166 4870 1311 4940 pensiones
1326 4868 1354 4922 in
1368 4867 1514 4940 pigmentis
1529 4875 1555 4923 et
1569 4867 1631 4923 aliis
1647 4868 1704 4939 qni·

905 4958 1009 5029 busque
1024 4975 1039 5011 a
1054 4958 1222 5028 presbyteris
1236 4973 1296 5027 quar
1310 4971 1364 5010 non
1387 4956 1487 5011 habent
1510 4956 1661 5028 requirere,
1678 4966 1704 5013 et

904 5046 978 5111 talia,
995 5062 1054 5117 qnoe
1069 5046 1138 5101 sorte
1153 5047 1179 5100 in
1195 5045 1276 5100 domo
1299 5060 1346 5098 sua
1371 5060 1427 5100 non
1440 5043 1546 5117 accipit,
1569 5046 1700 5117 voluptati

905 5135 995 5207 potins
1017 5135 1138 5189 serviens
1163 5148 1244 5204 quam
1267 5132 1431 5204 necessitati,
1455 5134 1573 5207 exigere,
1599 5143 1625 5188 et
1644 5135 1700 5190 suis

906 5239 1021 5295 parcens
1031 5221 1138 5293 opibus,
1150 5221 1183 5276 de
1197 5220 1333 5292 superllue
1343 5221 1461 5293 acceptis
1473 5231 1498 5277 et
1508 5221 1623 5277 venditis
1633 5222 1702 5277 dite-

907 5327 993 5368 scere.
1003 5312 1061 5365 Nec
1072 5310 1220 5366 ideodedet
1228 5309 1389 5379 praedicare,
1402 5319 1430 5365 ut
1438 5318 1560 5380 sumptus
1569 5310 1701 5381 accipiat,

908 5401 956 5456 sed
972 5399 1033 5454 ideo
1049 5406 1172 5469 sumptus
1187 5399 1319 5470 accipere,
1337 5407 1365 5453 nt
1380 5398 1493 5453 sufficiat
1506 5398 1665 5468 praedicare.

943 5497 1081 5556 Ecclesias
1112 5513 1220 5571 quoque
1253 5499 1281 5554 in
1308 5497 1520 5571 proprietatibus
1553 5497 1704 5559 liberorum
