3794 6104
126 227 179 282 299
642 215 813 273 tttttctthttt
833 212 1033 270 ttttuttttrtsts
1053 213 1328 270 ARClllEPlSCOPI.
1726 216 1780 269 3⁰0

132 344 272 412 cundosis,
286 358 319 398 ac
333 342 453 397 moribus
468 339 664 410 incompositis,
680 348 706 394 et
717 338 882 394 clamoribus
893 337 930 390 in·
944 337 1072 396 Amissae
1088 337 1115 390 in
1130 337 1233 392 eisdem
1249 337 1355 406 scriptis
1371 336 1465 401 direxi,
1482 337 1517 392 de
1528 336 1698 408 Evangelica
1712 337 1786 391 seri-

132 431 259 496 conditis,
269 438 363 486 contra
373 429 474 484 bonum
485 428 662 499 nomenquod
672 426 818 498 Apostolus
827 427 852 495 (l
862 427 929 480 Tira.
980 433 1045 493 tate,
1063 433 1089 480 et
1104 426 1254 495 apostolica
1270 433 1350 496 atque
1370 425 1540 495 prophetica,
1566 439 1674 480 necnon
1695 433 1721 480 et
1736 441 1785 480 ca-

133 519 260 591 111)jubet
270 518 371 573 habere
381 518 537 588 episcopum
548 515 696 573 incussisti.
707 514 932 583 Quamturpisrei
981 514 1079 569 ironica
1093 514 1262 580 auctoritate,
1278 514 1326 568 sed
1344 521 1371 568 et
1389 513 1424 567 de
1447 512 1606 583 apostolice
1621 512 1701 568 sedis
1716 528 1785 570 con-

133 605 439 679 episeopoindecentem
448 605 600 671 historiam,
610 604 678 675 proh
689 600 880 658 dolorlmultis
891 601 932 655 ni·
981 602 1128 666 stitutione,
1146 601 1215 657 sicut
1231 608 1374 672 acceperat
1389 601 1485 656 eadem
1502 609 1599 657 sancta
1622 601 1706 656 sedes
1720 602 1786 657 bea·

134 694 218 751 mium
234 695 379 765 cognitam,
396 693 468 765 pude
482 709 526 747 me
541 692 671 749 scribere.
981 699 1069 745 torum
1091 690 1278 760 apostolorum
1302 689 1459 756 traditione,
1485 698 1614 745 constant
1633 706 1697 745 esse
1716 705 1784 746 con-

441 780 554 837 cxPUT
573 780 620 834 111.
981 778 1092 847 scripta.
1109 779 1142 832 Et
1157 785 1268 833 sanctus
1283 777 1475 848 Hieronymus,
1491 795 1526 832 ex
1541 785 1703 833 sanctarum
1714 778 1784 834 Scri-

132 856 168 910 00
182 854 479 910 excommunicatione
494 853 524 905 57²
539 852 662 906 “mmm
678 850 931 921 0P5³⁶0P⁰mel
980 874 1121 937 pturarum
1149 866 1327 932 auctoritate,
1351 865 1513 936 comprobat
1544 867 1611 938 quia
1648 866 1784 939 ignoratio

371 923 519 978 rochienos
534 923 689 976 intentata.

166 1012 268 1067 Verum
288 1025 339 1066 nec
363 1010 407 1064 isti
432 1023 562 1066 excessus
584 1007 632 1061 tibi
648 1005 815 1061 suffecerunt
830 1005 930 1059 admit-

129 1107 197 1164 tere,
214 1099 267 1153 nisi
281 1099 362 1153 etiam
373 1098 415 1152 his
431 1096 499 1151 alios
515 1096 723 1165 superadderes.
746 1093 813 1163 Quae
827 1108 881 1148 non
896 1093 931 1147 atl

130 1195 215 1251 tuam,
233 1187 306 1258 quod
321 1186 401 1250 absit,
422 1184 635 1248 damnationem,
661 1183 684 1237 si
708 1197 762 1237 non
788 1190 814 1235 tu
830 1180 931 1251 ipsein

130 1275 301 1331 contumacia
316 1273 520 1344 perseverando
535 1271 668 1343 exegeris,
679 1270 728 1325 sed
738 1271 772 1324 ad
781 1269 931 1324 eorrectio-

131 1378 194 1418 nem
224 1362 291 1417 sicut
318 1368 344 1416 et
373 1361 515 1433 sequentia
535 1360 607 1425 dico,
623 1360 690 1414 Cum
713 1360 784 1413 enim
803 1358 930 1428 princeps

131 1448 317 1520 apostolorum
333 1449 429 1504 beatus
438 1450 533 1503 Petrus
542 1448 613 1502 dicat
628 1464 635 1500 :
656 1447 931 1516 Qoreestenimgra·

132 1539 182 1601 tie,
198 1539 224 1592 ai
228 1542 377 1609 peccantes
392 1537 598 1607 eteoluphizaii
608 1535 734 1605 suffertis
745 1535 840 1589 taedai
849 1535 931 1590 bene-

131 1625 270 1696 facientes
284 1625 597 1696 patienterseatinelis,
611 1625 669 1679 boec
686 1627 727 1678 est
746 1623 839 1693 gretia
854 1621 930 1693 apud

131 1712 929 1783 Deumt'll‘etr.rr,20).Causaminjuriarumtuarum,meos

133 1808 161 1856 et
176 1800 444 1870 aliorumprimatum
458 1809 538 1871 atque
553 1799 744 1869 episcoporum
761 1798 929 1853 diversarum

130 1888 335 1958 provinciarum
356 1887 546 1958 parochianos,
575 1903 630 1941 non
657 1886 809 1954 confessos,
840 1902 929 1956 neque

130 1977 270 2032 convictos
285 1976 320 2030 de
334 1976 425 2046 aliquo
441 1975 554 2031 crimine
568 1974 594 2028 in
610 1973 735 2044 parochia
754 1982 799 2028 tua
821 1972 864 2029 vel
880 1973 929 2028 ali-

129 2063 191 2119 cubi
206 2063 337 2132 admisso,
352 2064 411 2117 sine
425 2078 487 2119 meo
502 2062 546 2118 vel
559 2079 655 2118 eorum
665 2063 699 2117 ad
710 2077 825 2133 quorum
834 2077 929 2116 curam

130 2151 303 2223 pertinebant
326 2167 472 2218 consensu,
494 2159 588 2206 contra
611 2151 717 2206 divinas
748 2158 774 2205 et
798 2152 929 2205 humanas

128 2251 206 2310 leges
220 2239 460 2305 anathematizare,
476 2248 503 2294 et
517 2240 550 2292 ab
565 2239 640 2294 omni
654 2239 775 2294 omnium
793 2239 928 2293 Christia-

127 2337 226 2376 norum
241 2322 371 2376 societate
386 2322 504 2376 alienare
526 2321 732 2391 praesumpsisti.
755 2321 832 2375 Unde
856 2321 928 2374 mul-

127 2416 169 2464 tos
185 2408 384 2474 scandalizasti,
401 2416 427 2463 et
441 2409 589 2463 maximum
605 2408 764 2463 scandalum
775 2424 829 2463 uon
841 2408 928 2464 solum
979 2451 984 2462 .

128 2496 269 2565 Ecclesia,
279 2497 327 2551 sed
338 2504 364 2551 et
374 2496 472 2568 regiae
483 2512 569 2566 reguo
580 2496 702 2562 intulisti,
715 2511 776 2551 cum
785 2495 828 2551 lex
839 2496 929 2565 probi·

130 2585 202 2651 beat,
219 2585 254 2640 Ut
266 2600 316 2654 per
330 2584 445 2639 alienam
469 2600 589 2639 messem
611 2583 746 2639 transiens
762 2584 857 2639 falcem
873 2599 928 2639 non

126 2672 227 2738 mittas,
245 2673 294 2727 sed
308 2688 390 2727 manu
405 2673 496 2743 spicas
511 2673 823 2728 conterasetmenduces
833 2674 925 2740 (Dect.

127 2774 211 2826 xxxxi,
227 2763 283 2825 25).
303 2783 313 2811 x
330 2761 447 2824 Famem,
474 2761 559 2832 inquit
583 2761 679 2815 beatus
702 2760 851 2833 Gregorius
866 2760 924 2831 (lib.

130 2850 324 2919 x11,epist.32,
337 2849 373 2903 cd
383 2849 544 2919 interrupi)
559 2849 701 2918 Augusti,
711 2847 806 2916 judicii
820 2848 926 2903 mittere

128 2950 183 2990 non
197 2944 274 3004 potes
289 2935 316 2988 in
331 2951 363 2990 ea
378 2943 482 3006 segete,
498 2952 558 3005 quae
572 2935 649 2991 alteri
664 2935 768 2990 videtur
783 2952 844 2991 esse
852 2951 927 2990 com-

126 3023 212 3077 missa
228 3040 234 3076 z
251 3023 300 3077 sed
314 3039 364 3093 per
380 3021 506 3077 effectum
530 3022 593 3077 boni
608 3023 700 3093 operis
720 3022 856 3078 frumenta
870 3024 925 3078 Do·
942 3042 966 3106 G
976 3070 992 3123 d

127 3110 228 3166 minica
242 3111 368 3165 vitiorum
384 3126 493 3166 suorum
508 3111 594 3180 paleis
609 3111 706 3181 spolio,
722 3112 784 3165 etin
795 3112 925 3167 Ecclesiae

127 3213 227 3269 corpus
244 3200 381 3253 monendo
403 3206 430 3253 et
453 3199 653 3268 persuadendo,
674 3199 751 3270 quasi
771 3200 925 3255 mandendo

125 3295 264 3343 converte.
281 3307 292 3337 x
309 3288 397 3360 Leges
412 3287 492 3342 etiam
508 3287 696 3359 saeculi,‚quas
715 3288 812 3359 probat
825 3288 924 3344 Eccle-

124 3375 174 3440 sia,
199 3383 227 3431 et
249 3375 318 3431 sacri
341 3390 469 3443 canones,
495 3383 574 3446 atque
590 3375 698 3431 decreta
725 3384 827 3432 sauctae
851 3376 924 3431 sedis

123 3464 254 3519 Romanae
268 3463 436 3534 pontificum,
453 3472 527 3519 certa
545 3472 571 3518 et
593 3462 645 3518 fixa
668 3465 831 3535 depromunt
847 3465 923 3533 judi-

121 3550 162 3606 cia
178 3552 212 3606 de
226 3552 269 3606 his
283 3551 330 3623 qui
345 3551 476 3606 adversus
502 3565 535 3607 ea
558 3567 607 3621 per
627 3553 826 3608 contumacium
839 3552 923 3623 perti·

123 3639 226 3694 naciter
241 3647 335 3710 agunt,
356 3639 426 3693 sicut
440 3639 529 3709 egisti.

437 3734 550 3788 CAPUT
570 3735 614 3789 lV.

174 3807 214 3860 De
228 3820 258 3861 eo
269 3804 340 3876 qaod
354 3805 462 3876 scripta
475 3809 613 3859 centense
626 3805 739 3876 prolata
754 3805 869 3861 incendi

434 3874 607 3945 postulabat.

156 3962 197 4015 De
211 3960 272 4016 aliis
283 3960 376 4024 etiarn,
386 3976 445 4032 quae
456 3960 521 4014 mihi
529 3976 579 4030 per
589 3960 775 4031 supradictum
784 3963 921 4018 venerabi-

121 4047 174 4104 lem
195 4049 428 4118 archiepiscopum
452 4047 625 4105 Wanilonem
649 4049 792 4114 mandasti,
819 4050 921 4106 scilicet

121 4135 251 4208 quoniam
266 4134 288 4189 si
314 4135 422 4205 scripta,
444 4152 505 4206 quae
526 4136 574 4190 tihi
597 4145 623 4192 et
645 4138 767 4193 ecelesiae
781 4138 828 4193 tibi
843 4154 920 4194 corn·

121 4224 223 4290 missae,
240 4223 274 4278 de
289 4238 306 4278 a
321 4230 346 4278 te
362 4223 492 4279 intentata
513 4226 792 4281 excommunicatione
806 4234 858 4282 tuae
872 4243 919 4298 pa-

120 4313 223 4369 rochiae
237 4311 384 4378 transmisi,
401 4327 461 4383 quae
484 4312 586 4368 ibidem
606 4321 696 4369 tecum
720 4315 852 4380 habebas,
869 4330 919 4371 co-

981 954 1179 1025 Scripturarum
1195 953 1332 1026 ignoratio
1348 953 1447 1008 Christi
1462 961 1514 1009 est.
1531 953 1567 1009 Et
1580 954 1742 1024 Apostolus,
1757 954 1784 1009 Si

980 1042 1041 1112 quis
1049 1043 1166 1115 ignoret,
1174 1042 1355 1115 ignorabitur.
1374 1041 1509 1109 Proiecto,
1522 1041 1609 1114 inquit
1620 1043 1783 1115 Gregorius,

980 1130 1007 1184 hi
1016 1131 1098 1200 quiea
1106 1147 1166 1203 quie
1175 1139 1235 1185 sunt
1247 1129 1354 1185 Domini
1366 1130 1500 1200 nesciunt,
1508 1131 1784 1187 aDominonesciun·

981 1225 1033 1283 tur,
1044 1226 1070 1272 et
1082 1227 1238 1274 sanctarum
1248 1219 1450 1290 scripturarum
1459 1219 1607 1274 traditores
1618 1227 1647 1274 et
1657 1220 1782 1275 incenso·

980 1323 1026 1360 res
1040 1304 1112 1360 inter
1136 1307 1287 1379 sacrilegos
1310 1306 1461 1376 computari
1481 1307 1584 1361 debere
1607 1307 1741 1380 legimus.
1757 1308 1784 1363 Si

980 1410 1048 1466 ergo
1063 1394 1118 1460 illa,
1135 1411 1196 1466 quae
1210 1395 1244 1449 de
1259 1395 1421 1466 Evangelio,
1438 1403 1463 1449 et
1472 1394 1712 1467 apostolis,'atque
1722 1412 1782 1466 pro·

980 1483 1078 1553 phetis,
1095 1498 1214 1538 necnon
1229 1491 1255 1536 et
1271 1483 1357 1538 sacris
1372 1482 1474 1555 regulis
1482 1483 1583 1553 Spiritu
1594 1483 1647 1538 Dei
1656 1483 1780 1552 conditis,

980 1571 1038 1626 sine
1067 1571 1229 1626 admistione
1247 1571 1359 1640 alicujus
1388 1573 1525 1626 haereseos
1554 1572 1598 1627 vel
1627 1571 1782 1629 schismatis

981 1659 1140 1730 conscripsi,
1157 1659 1283 1714 videlicet
1298 1674 1454 1714 mensuram
1472 1658 1564 1726 tritici,
1581 1674 1598 1714 a
1614 1660 1781 1716 comburen-

980 1747 1022 1801 dis
1038 1746 1124 1817 paleis
1138 1755 1164 1801 et
1178 1747 1279 1802 zizania
1302 1747 1374 1818 puri,
1390 1763 1487 1802 revera
1508 1748 1542 1802 de
1567 1748 1672 1804 horreo
1687 1749 1781 1805 Domi-

979 1835 1040 1890 nico
1057 1835 1218 1905 intempore
1234 1836 1291 1903 tibi,
1309 1834 1479 1891 aeecclesiae
1502 1836 1551 1890 tihi
1572 1837 1741 1905 commissae,
1756 1845 1781 1894 et

980 1922 1155 1979 sollicitudini
1177 1940 1245 1979 meae
1272 1924 1411 1992 subiectae,
1428 1923 1533 1994 prolata
1546 1924 1727 1981 incenderem
1738 1967 1746 1995 ,
1757 1933 1789 1981 et

979 2027 1042 2065 vera
1058 2027 1200 2083 negarem,
1217 2012 1275 2066 sine
1291 2012 1374 2066 dubio
1389 2012 1532 2077 Christum,
1550 2012 1597 2084 qui
1612 2012 1642 2066 in
1657 2013 1699 2069 eis
1714 2030 1789 2084 prae·

979 2099 1116 2153 nuntiatus
1132 2108 1158 2154 et
1172 2107 1295 2154 ostentus
1310 2107 1360 2169 est,
1377 2108 1403 2154 et
1425 2117 1475 2171 per
1493 2116 1554 2172 quae
1576 2101 1719 2156 Christum
1732 2117 1781 2158 co-

978 2189 1133 2258 gnovimus,
1150 2189 1250 2260 quique
1266 2188 1311 2243 illa
1333 2188 1439 2244 locutus
1463 2197 1514 2255 est,
1535 2205 1579 2245 me
1594 2206 1681 2247 nosse
1705 2200 1731 2246 et
1752 2191 1780 2247 in

978 2293 1041 2331 eum
1056 2277 1178 2342 credere,
1194 2293 1227 2333 ac
1241 2294 1291 2348 per
1305 2278 1358 2333 hoc
1373 2293 1416 2332 mo
1430 2277 1616 2333 Christianum
1632 2295 1774 2353 negarem:

978 2373 1004 2418 et
1019 2364 1041 2418 si
1056 2380 1149 2420 sacros
1172 2380 1291 2419 canones
1314 2373 1340 2420 et
1359 2365 1471 2421 decreta
1491 2366 1635 2423 catholicae
1650 2367 1774 2424 Ecclesia

978 2453 1151 2508 incenderem
1167 2460 1192 2507 et
1206 2452 1369 2519 abdicarem,
1386 2469 1430 2508 me
1446 2455 1540 2524 procul
1560 2455 1647 2511 dubio
1662 2472 1718 2512 non
1731 2472 1771 2512 so-

978 2539 1033 2594 lum
1048 2541 1081 2594 ah
1098 2541 1253 2611 episcopatu
1269 2541 1327 2611 ipse
1343 2541 1499 2610 dejicerem,
1515 2559 1614 2598 verum
1637 2553 1665 2600 et
1684 2545 1718 2600 ab
1731 2561 1771 2602 cc·

977 2629 1061 2684 clesia
1076 2629 1209 2684 catholica
1225 2630 1341 2684 divisum
1357 2639 1383 2685 et
1399 2630 1526 2698 alienum,
1542 2632 1628 2687 idest
1643 2633 1771 2689 schisma·

978 2717 1060 2771 ticum
1075 2725 1100 2773 ct
1115 2718 1370 2773 anathematizatum
1393 2719 1510 2789 publicis
1531 2728 1559 2774 et
1582 2721 1771 2779 ecclesiasticis

976 2803 1083 2876 legibus
1098 2804 1246 2872 efficerem,
1263 2807 1332 2863 sicut
1347 2816 1457 2863 sanctus
1477 2808 1532 2864 Leo
1556 2824 1639 2880 papa,
1656 2811 1771 2867 scribens

976 2893 1009 2947 ad
1024 2895 1142 2948 Leonem
1151 2896 1312 2965 Augustum,
1326 2895 1407 2951 etiam
1422 2896 1456 2951 dc
1470 2911 1500 2950 se
1514 2896 1580 2952 dicit
1595 2898 1692 2970 (episi.
1709 2901 1770 2970 SD:

978 3005 988 3028 x
1007 2981 1034 3036 Si
1050 2983 1199 3038 secundum
1215 2982 1375 3052 Apostolum
1390 2985 1463 3055 (Gal.
1480 2999 1509 3050 11,
1532 2989 1587 3056 ta),
1603 2985 1704 3058 inquit,
1718 3003 1771 3060 qua

995 3071 1097 3125 astruxi
1112 3071 1169 3126 haec
1183 3070 1299 3137 aedifico,
1316 3072 1557 3142 prevaricatorem
1569 3091 1615 3130 me
1629 3077 1769 3142 constituo,

975 3166 1001 3211 et
1016 3158 1055 3212 eis
1071 3175 1113 3214 me
1135 3160 1334 3215 conditionibus
1359 3161 1492 3216 ultionum
1516 3163 1615 3232 subdo,
1633 3180 1704 3236 quas
1724 3181 1770 3220 non

974 3247 1062 3302 solum
1072 3248 1219 3303 auctoritas
1234 3249 1318 3304 beatae
1333 3250 1470 3307 memorie
1490 3251 1626 3323 principis
1640 3254 1770 3321 Martiani,

974 3336 1116 3392 sedetiam
1132 3353 1200 3409 ergo
1214 3353 1276 3393 mea
1292 3340 1473 3395 consensione
1485 3338 1604 3396 firmavi.
1624 3361 1636 3390 ι
1653 3341 1772 3414 Quapro

973 3432 1043 3495 pter,
1061 3425 1111 3479 etsi
1126 3441 1170 3480 me
1184 3424 1331 3493 infirmum,
1349 3443 1381 3482 ac
1396 3427 1522 3500 fragilem
1544 3436 1637 3500 atque·
1649 3429 1771 3488 imbecil-

973 3513 1036 3577 lem,
1054 3520 1083 3567 ut
1097 3529 1195 3568 revera
1219 3530 1290 3580 sum,
1316 3517 1386 3572 adeo
1405 3515 1554 3586 aestimasti,
1577 3524 1608 3572 ut
1631 3519 1715 3574 minis
1733 3519 1771 3575 rel

972 3601 1185 3671 promissionum
1199 3602 1336 3658 blanditiis
1351 3605 1387 3660 ad
1399 3605 1457 3661 haec
1472 3606 1580 3678 agenda
1595 3607 1668 3662 trahi
1677 3608 1721 3664 vel
1735 3609 1772 3664 iu·

972 3690 1193 3757 vitarimlerem,
1218 3706 1272 3746 non
1297 3700 1385 3748 tamen
1412 3694 1557 3766 episcopus
1577 3694 1707 3752 dubitare
1724 3697 1771 3752 de·

971 3777 1081 3843 bueras,
1099 3794 1192 3833 verum
1209 3781 1355 3851 essequod
1371 3782 1406 3836 ab
1420 3797 1453 3837 eo
1468 3783 1514 3854 qui
1529 3782 1639 3854 perlicit
1654 3784 1684 3840 in
1696 3783 1772 3840 infir-

971 3865 1064 3920 mitate
1080 3866 1217 3936 virtutem,
1233 3883 1279 3924 ore
1296 3869 1416 3925 veridico
1426 3871 1594 3942 promittitur
1611 3891 1619 3927 :
1636 3873 1772 3931 Dominus

971 3952 1068 4025 inquit,
1078 3955 1153 4011 debit
1163 3957 1275 4012 verbnm
1283 3960 1545 4031 evangelizantibus
1556 3963 1696 4020 uirtutem
1704 3963 1773 4020 mal·

973 4047 1031 4098 tam
1046 4045 1132 4111 (Paul.
1149 4059 1236 4112 nxvrr,
1255 4048 1312 4118 ta).
1328 4048 1522 4104 Verumtamen
1538 4049 1603 4122 quia
1618 4050 1692 4108 sicut
1705 4052 1773 4126 legi·

969 4147 1031 4185 mus
1046 4149 1053 4186 :
1069 4131 1243 4189 lndiscendo
1259 4151 1335 4190 mora
1350 4136 1424 4192 nulla
1435 4144 1488 4204 est,
1506 4138 1553 4192 ubi
1570 4138 1693 4210 Spiritus
1707 4157 1771 4196 san-

969 4228 1028 4275 ctus
1050 4220 1147 4276 doctor
1170 4223 1258 4289 adest,
1280 4223 1340 4295 ipso
1359 4224 1510 4296 inspirante
1532 4227 1578 4298 qui
1594 4228 1683 4285 dicit:
1700 4231 1771 4286 Dabo

969 4308 1082 4365 colicos
1098 4314 1127 4365 ei
1136 4312 1320 4383 sapientiem,
1333 4314 1380 4369 eni
1390 4319 1589 4387 nonpoterunt
1599 4319 1735 4374 resistere
1744 4322 1772 4375 et

121 4416 179 4455 ram
194 4399 254 4454 aliis
275 4400 461 4466 incenderem,
484 4409 511 4456 et
531 4400 696 4457 annullanda
718 4403 849 4468 dicerem,
861 4420 918 4459 me·
933 4390 1166 4455 Dconlrcdt'cere
1182 4401 1769 4476 omnesedversariivestritbttc.xx1,15),

121 4505 174 4560 que
188 4496 284 4544 contra
300 4488 430 4543 rationem
451 4489 675 4545 etauctoritatem
693 4489 789 4547 secisse
810 4489 920 4562 protite-
969 4500 1024 4540 11011
1039 4502 1100 4541 meo
1116 4488 1223 4558 meritc,
1240 4489 1288 4544 sed
1304 4491 1391 4562 gratia
1402 4507 1461 4558 sua,
1474 4492 1549 4548 dedit
1560 4494 1626 4548 mibi
1637 4495 1770 4552 Dominus

120 4593 173 4643 rer,
191 4591 299 4632 mecum
322 4590 417 4646 pacem
444 4575 545 4630 habere
574 4577 668 4647 velles,
691 4578 837 4634 meditatus
858 4596 920 4636 cum
969 4574 1059 4630 subito
1075 4566 1239 4648 recogitare,
1255 4578 1455 4650 quiascriptum
1470 4588 1527 4637 est:
1543 4583 1663 4656 Tempus
1676 4588 1770 4642 tacen-

121 4664 203 4719 corde
218 4680 289 4728 meo,
302 4662 366 4718 satis
380 4662 452 4733 apud
467 4679 511 4718 me
524 4662 618 4718 mirari
641 4680 695 4720 non
717 4668 793 4736 potui
807 4667 878 4722 unde
894 4675 920 4723 et
969 4661 1008 4728 di.
1026 4668 1054 4718 et
1070 4669 1181 4737 tempus
1191 4666 1320 4737 loquendi
1328 4668 1430 4739 (Eccle.
1438 4669 1525 4740 111,7).
1533 4670 1649 4743 thuod
1658 4687 1769 4743 praeno-

121 4751 256 4820 quomodo
271 4752 329 4808 haec
346 4750 393 4806 tihi
408 4751 435 4804 in
452 4767 561 4807 sensum
575 4752 708 4819 venerint,
729 4762 757 4808 ut
772 4754 836 4810 tolia
854 4755 919 4811 mihi
969 4761 1049 4801 500118
1062 4749 1249 4820 {equanimiter
1263 4758 1289 4805 le
1303 4758 1415 4821 portare
1437 4767 1493 4807 non
1517 4769 1600 4824 posse
1618 4755 1655 4810 ab
1677 4757 1769 4828 aliquo

120 4837 249 4893 mandare
264 4854 369 4908 posses.
394 4840 456 4895 Non
480 4839 605 4895 diabolus
626 4839 740 4912 loquens
761 4842 794 4896 ad
816 4843 918 4914 primos
969 4835 1133 4904 reprehendi
1161 4837 1204 4892 vel
1233 4839 1322 4912 argui,
1347 4847 1374 4895 et
1397 4856 1453 4896 non
1480 4841 1584 4897 audeus
1605 4844 1770 4901 authentica

118 4932 246 4994 parentes
260 4934 378 4996 nostros,
395 4928 442 4983 sed
466 4928 543 4984 etad
566 4928 776 4999 Redemptorem
798 4945 829 4987 ac
855 4932 918 4986 Sal·
968 4920 1114 4992 Scriptum
1127 4926 1212 4980 verba
1228 4935 1339 4994 mutate,
1357 4944 1391 4983 ne
1406 4945 1450 4984 mc
1472 4929 1557 5001 ipsius
1580 4938 1662 4987 notes
1685 4932 1769 4988 falsa·

121 5018 243 5066 valorem
259 5021 389 5081 nostmm,
404 5032 459 5070 uon
473 5032 506 5071 ex
521 5016 682 5086 dejectione,
699 5017 748 5073 scd
763 5035 795 5073 ex
816 5034 917 5088 prove·
967 5009 1048 5079 rium,
1064 5012 1170 5074 ratione
1184 5023 1303 5083 coaetus,
1319 5032 1381 5072 cnm
1397 5018 1475 5074 venia
1492 5019 1672 5076 sacerdotalis
1687 5038 1768 5078 rere·

118 5108 178 5157 ctus
193 5107 220 5154 et
235 5099 407 5156 sublimitatis
421 5104 532 5159 avaritia
549 5122 597 5160 eos
612 5106 733 5161 tentavit.
760 5107 799 5161 Tu
819 5123 917 5178 super·
966 5099 1061 5155 renliae
1075 5101 1165 5156 dicam
1178 5121 1184 5158 τ
1198 5105 1237 5160 Ne
1244 5107 1508 5178 respondeosslulto
1510 5111 1768 5181 jbetestnttttian

117 5204 240 5261 gressus,
256 5188 280 5243 si
290 5187 344 5244 dici
359 5187 400 5243 ios
419 5198 470 5255 est,
483 5192 584 5248 diaboli
599 5194 806 5265 malignitatem,
816 5195 916 5251 oblitus
965 5192 1767 5272 tfflmrnsssssficiart‘teititttilt's:etrespondettttllojtwlt

117 5277 247 5347 scriptum
262 5293 324 5333 esse
342 5293 348 5332 :
367 5276 419 5344 Oai
433 5279 631 5350 inelignontar
645 5284 917 5340 exterminabuntur
965 5277 1765 5357 stultitiam-illam,netibifflffl'tntvidssafflril'rov·fflh

115 5362 204 5433 (Psoi.
220 5380 322 5435 xxxvi,
339 5367 377 5436 9),
394 5381 438 5421 me
453 5365 610 5425 stultissime
625 5371 705 5426 nimis
719 5387 753 5428 ex
763 5371 915 5442 dejectione
965 5365 991 5429 l,
1009 5365 1046 5435 5),
1064 5365 1155 5422 distuli
1171 5369 1294 5443 tibique
1307 5381 1369 5427 tunc
1388 5381 1510 5444 poteram
1537 5377 1718 5446 respondere.
1734 5377 1768 5432 Et

115 5452 234 5521 tentasti,
251 5453 340 5510 sciens
360 5455 424 5527 quia
436 5469 496 5527 quae
512 5454 560 5511 tibi
575 5464 601 5514 et
621 5458 752 5517 Ecclesiae
774 5460 823 5517 tibi
838 5477 915 5519 com·
965 5459 999 5515 de
1015 5461 1057 5518 his
1068 5481 1129 5536 quae
1143 5465 1209 5521 mihi
1226 5469 1371 5537 mandasti,
1388 5470 1436 5526 tibi
1460 5487 1523 5526 mox
1547 5474 1719 5545 remandavi,
1739 5480 1767 5531 ut
