3794 6104
116 241 166 291 863

116 360 246 416 dilectum
257 371 284 414 ut
300 360 626 440 congregetiscpiscopos
641 370 664 415 et
681 363 856 440 presbp'oros
871 377 915 416 cu·
929 365 957 425 Α

114 430 265 511 juscuuque
282 432 384 485 ordinis
407 431 584 486 ecclesiastici
598 439 624 484 et
639 432 726 486 civilis
750 450 795 503 qni
810 432 915 487 anobis

117 500 262 556 dissentire
278 501 412 568 videntur,
429 502 584 571 ubicunque
594 501 690 556 luerint
701 503 771 556 intra
786 503 916 558 terminos

118 581 235 641 vestros,
252 587 353 642 eosque
369 573 403 626 ad
416 588 465 625 ros
480 572 619 626 ducendos
634 574 745 639 curctis,
761 582 786 627 et
801 588 916 627 monea-

119 642 154 696 tis
169 651 198 697 ut
211 643 262 712 ipsi
278 642 402 695 uniantur
415 642 545 697 Ecclesia
561 643 609 697 Dei
624 651 649 696 et
665 643 759 698 l'ltotio
775 644 916 700 sanctissi-

120 728 165 767 mo
188 712 348 783 patriarchae
371 712 448 766 fratri
469 720 496 766 et
517 713 702 768 comministro
723 722 815 768 nostro
837 715 917 770 nobis

120 782 205 836 unito.
222 783 347 852 Proprias
361 782 530 851 pontificales
545 792 569 837 ct
586 800 678 839 sacras
699 793 798 852 vestes,
816 786 917 856 gradus

121 853 199 906 etiam
224 853 277 906 illis
302 853 441 918 restituite,
467 863 493 907 et
518 854 624 909 viscera
648 855 843 910 misericordiae
865 856 918 908 illis

120 923 231 992 aperite,
249 931 277 976 ut
291 925 520 993 quemadmodum
545 941 613 979 unus
628 926 711 988 Deus,
728 942 812 979 unum
827 925 918 995 bapti-

121 1009 188 1061 sma,
206 1008 260 1048 una
275 993 352 1060 fides,
368 995 405 1048 ita
420 1003 446 1049 ct
461 1011 511 1049 nos
526 996 578 1066 ipsi
594 1012 677 1050 unum
699 996 780 1049 etiarn
794 997 822 1050 io
838 997 918 1050 Chri-

121 1072 172 1124 sto,
190 1072 216 1117 ct
230 1080 280 1134 per
302 1073 419 1119 vestram
442 1066 514 1135 piarn
537 1067 686 1120 doctrinam
711 1083 793 1120 unum
817 1068 919 1137 pariter

119 1134 262 1188 nobiscum
277 1135 338 1202 sint,
356 1145 381 1189 et
397 1136 424 1190 in
438 1136 570 1191 Ecclesiae
584 1136 633 1190 Dei
647 1136 814 1206 perfectione
837 1152 918 1192 coor-

120 1203 203 1258 dinati
218 1212 244 1259 et
257 1206 394 1273 conjuncti
409 1206 552 1260 nobiscum
567 1207 595 1259 in
609 1206 708 1260 Christi
719 1207 919 1262 sanctissimum

120 1289 230 1344 corpus,
248 1283 275 1328 nt
288 1276 316 1329 in
332 1277 426 1330 eadem
450 1284 541 1331 mente
564 1285 591 1330 et
615 1277 641 1329 in
663 1277 760 1331 eadem
784 1278 919 1334 voluntate

120 1355 323 1415 permanentes,
341 1348 428 1400 Deum
449 1347 571 1400 omnium
585 1345 778 1416 glorificemus.
794 1349 851 1402 Nec
867 1349 919 1402 ali-

121 1415 182 1486 quis
198 1416 225 1468 in
241 1425 381 1486 posterum
392 1417 463 1472 dicat
476 1434 481 1472 :
494 1419 549 1493 Epo
559 1419 669 1488 quidem
679 1435 743 1473 sam
755 1419 860 1490 Cephea,
873 1435 920 1489 epo

121 1502 185 1541 vero
208 1488 291 1541 Pauli
306 1487 332 1556 (l
344 1488 403 1542 Cor.
420 1488 439 1557 tl
456 1506 462 1542 :
481 1490 529 1542 sed
554 1497 581 1540 nt
604 1502 699 1541 omrios
722 1490 773 1543 hoc
797 1489 920 1544 dieamus

122 1557 195 1626 quod
222 1556 320 1624 Christi
344 1574 437 1611 sumus
458 1556 576 1612 crucilixi
601 1567 627 1611 et
652 1559 751 1613 mortui
766 1576 816 1628 pro
830 1560 919 1625 nohis,

123 1626 168 1696 qni
183 1643 232 1696 per
246 1642 323 1681 suern
347 1629 499 1698 passionem
524 1645 584 1699 qnae
599 1628 625 1681 in
649 1630 727 1682 terris
742 1637 804 1683 sunt
819 1638 845 1683 et
860 1646 921 1701 quaa

121 1697 149 1749 in
164 1698 241 1752 ecelis
255 1697 372 1753 invicem
385 1698 545 1762 conciliavit,
563 1707 588 1753 et
602 1714 653 1753 nos
668 1701 725 1754 Deo
740 1716 800 1769 oonJ

121 1767 194 1821 Patri
217 1785 267 1838 per
288 1786 317 1823 se
341 1769 429 1839 ipsum
445 1777 471 1822 et
485 1777 579 1823 nrutoa
594 1768 738 1825 dilectione
754 1779 779 1825 et
794 1787 919 1825 commu-

122 1836 213 1892 nione.
238 1838 265 1892 Si
287 1855 353 1893 roro
368 1855 384 1892 a
400 1839 477 1894 vohis
501 1855 548 1894 eos
570 1840 717 1894 advocatos
738 1850 879 1896 monentes
894 1849 920 1895 et

123 1907 262 1963 hortantes
278 1919 303 1964 et
314 1919 434 1978 orantes,
445 1910 480 1964 ad
495 1910 621 1965 unionem
634 1911 765 1966 Ecclesiae
775 1911 920 1967 convenire

122 1978 262 2034 vobiscum
278 1981 363 2035 semel
379 1981 518 2035 etiterum
534 1988 560 2034 et
575 1981 673 2050 saepius
688 1982 800 2038 obedire
814 1983 852 2036 illi
869 1997 920 2037 no-

121 2048 231 2114 luerint,
253 2067 340 2122 neque
356 2051 456 2105 nostris
470 2051 567 2105 litteris
583 2052 769 2121 obtemperare
784 2062 811 2108 ct
826 2069 932 2106 suamr

122 2128 177 2174 met
199 2120 296 2175 lucrari
322 2122 447 2182 salutem,
464 2122 512 2176 sed
527 2122 555 2175 iu
570 2121 652 2191 priori
668 2139 717 2175 sna
731 2123 880 2192 pertinacia
896 2130 922 2178 et

126 2190 278 2246 temeritate
294 2192 492 2263 permanserint
507 2191 659 2246 istiusmodi
675 2193 808 2258 hominos,
824 2193 921 2262 pracci-

123 2260 212 2330 pimns
227 2262 260 2316 ah
283 2262 448 2317 immaculati
471 2262 595 2342 corporis
611 2270 637 2316 et
652 2279 699 2316 san
722 2263 792 2317 uinis
814 2263 922 2318 Domini

123 2331 208 2384 nostri
218 2332 282 2386 lesu
294 2333 393 2386 Christi
404 2342 578 2403 perceptione
590 2332 694 2387 alienos
702 2281 772 2398 iore,
782 2349 922 2405 quousque

123 2400 250 2456 uniantur
264 2412 366 2458 sanctae
380 2404 429 2457 Dei
445 2403 584 2463 Ecclesiae,
602 2411 627 2458 ct
643 2404 737 2458 Plrotio
752 2405 922 2459 sanctissimo

125 2472 285 2542 patriarchae
307 2473 383 2528 lratri
395 2483 421 2527 ct
436 2474 622 2528 comministro
637 2483 737 2528 nostro.
754 2475 788 2528 Et
803 2484 898 2545 postca
915 2492 922 2528 :

124 2542 181 2597 Hoc
195 2553 304 2612 peracto
327 2561 387 2616 qnae
412 2552 562 2615 sequnntur
573 2544 673 2612 justam
686 2544 793 2598 illorum
808 2546 923 2599 damna·

124 2612 235 2677 licitam,
257 2615 284 2668 in
300 2615 342 2669 liis
361 2616 457 2669 litteris
479 2631 533 2668 non
557 2615 725 2737 scripsimus
750 2632 784 2670 ne
807 2616 924 2685 amplius

126 2694 320 2756 prorogaretur
342 2687 427 2741 oratio
442 2695 542 2755 prater
556 2700 610 2738 mot
622 2702 675 2750 nm,
693 2686 743 2740 sud
756 2687 783 2740 itt
800 2702 924 2742 commo-

124 2755 223 2809 nitorio
238 2756 451 2826 conscripsimus
469 2756 667 2827 religiosissimi
682 2756 755 2810 Petri
770 2757 922 2826 presbyteri

125 2833 152 2879 et
167 2826 311 2880 cardinalis
326 2827 411 2881 nostri
426 2827 519 2897 legati,
535 2841 589 2880 una
599 2842 661 2880 cum
671 2827 829 2897 Eugenioet
840 2827 925 2881 Paulo

127 2895 341 2966 religiosissimis
366 2896 511 2966 episcopis,
528 2904 555 2949 ut
576 2911 637 2950 curn
653 2897 720 2976 ipsis
734 2898 884 2966 praesidens
898 2897 924 2950 ia

128 2965 234 3035 synodo
249 2982 302 3021 una
322 2983 383 3022 cum
407 2965 578 3021 sanctissimo
593 2967 687 3020 Photro
703 2966 785 3021 tratre
810 2976 835 3021 et
848 2984 924 3023 corn-

789 237 936 292 tontttvts
968 241 1062 295 l’.ll'AE
1095 244 1161 297 t'ttt.

1715 257 1760 307 dol

968 399 1020 453 que
1031 384 1171 453 Srnmso,
1183 387 1286 441 loassr
1297 397 1323 442 et
1333 391 1520 444 lllsruoenarvr
1532 393 1763 446 reverendissimis

965 473 1153 542 metropolitis
1170 482 1195 528 et
1211 477 1317 529 ceteris
1333 477 1530 544 sacerdotibus,
1549 495 1598 533 seu
1622 480 1763 549 cujuscun-

966 576 1018 630 que
1034 560 1138 615 ordinis
1152 561 1260 618 clericis
1275 580 1322 618 scu
1337 565 1424 620 laicis.

1002 666 1129 720 Omnium
1150 669 1333 725 Ecclesiarum
1357 672 1408 726 Dei
1431 674 1580 729 secundum
1609 676 1764 744 Apostolum

967 753 1174 808 sollicitudinem
1189 756 1330 825 hahentes
1347 767 1374 812 et
1388 760 1506 828 pastoris
1520 761 1620 833 gregis
1637 762 1765 817 Dominici

967 841 1045 895 nohis
1060 842 1086 895 in
1102 843 1161 913 ipso
1184 845 1368 914 apostolorum
1391 847 1514 918 principe
1531 864 1627 903 curam
1645 851 1766 905 commis·

968 945 1025 984 sarn
1037 940 1174 1000 gerentes,
1187 933 1303 989 Domino
1311 934 1419 990 dicente
1432 954 1438 990 :
1450 937 1480 993 Si
1489 937 1587 1008 diligis
1604 955 1661 1001 mc,
1676 940 1766 995 Simon

968 1021 1060 1084 Petra,
1076 1037 1158 1091 posce
1171 1038 1233 1075 oves
1248 1039 1325 1077 erices
1341 1026 1430 1094 itone.
1442 1031 1512 1087 xxti,
1530 1026 1712 1081 condolemus
1725 1045 1766 1082 ro-

968 1106 1029 1172 his;
1046 1108 1174 1178 quoniam
1194 1110 1284 1163 multis
1296 1111 1351 1178 jam
1367 1111 1522 1167 labentibus
1537 1115 1619 1168 annis
1636 1117 1766 1188 usquead

968 1211 1090 1265 praesens
1112 1195 1138 1248 in
1162 1196 1306 1252 discordia
1328 1200 1461 1255 divisione
1484 1210 1509 1256 et
1534 1202 1561 1256 iu
1577 1203 1765 1258 scandalomm

969 1283 1172 1352 perturbatione
1195 1301 1244 1341 vos
1267 1287 1388 1342 videmus
1407 1298 1547 1360 promptos
1569 1307 1695 1355 manere,
1724 1310 1766 1348 nec

969 1388 1018 1442 per
1032 1371 1173 1427 charitatis
1193 1375 1343 1430 custodiam
1368 1378 1402 1432 ad
1423 1379 1554 1434 unitatem
1578 1380 1715 1435 Ecclesiae
1728 1397 1767 1435 re-

970 1460 1048 1514 vorti.
1065 1459 1151 1529 Quam
1174 1461 1298 1518 videlicet
1318 1464 1447 1520 unitatem
1469 1466 1515 1537 qui
1540 1483 1598 1521 non
1623 1476 1708 1539 tenet,
1723 1470 1767 1524 Dei

969 1547 1060 1619 legem
1075 1565 1128 1603 non
1144 1559 1227 1619 tenet,
1245 1552 1331 1606 Patris
1345 1561 1372 1607 et
1386 1553 1446 1607 Filii
1462 1553 1543 1610 fidem
1558 1571 1617 1610 nou
1631 1565 1716 1624 tenet,
1730 1559 1766 1611 vi·

971 1645 1025 1690 tarn
1049 1651 1103 1691 non
1124 1646 1198 1692 tenet
1217 1655 1268 1694 nee
1290 1641 1412 1696 salutem.
1443 1644 1500 1699 lloc
1524 1644 1646 1716 denique
1667 1646 1767 1700 unitatis

804 1709 878 1755 unilt
893 1708 920 1755 θῑ
933 1715 960 1775 Β
971 1733 1181 1791 sacramentum,
1198 1727 1249 1783 hoc
1264 1730 1418 1785 concordiae
1433 1731 1573 1786 viaculum
1589 1733 1768 1804 inseparabili

969 1821 1009 1866 ter
1022 1815 1163 1868 coltaerens
1178 1816 1338 1882 ostenditur,
1351 1818 1459 1888 quando
1475 1818 1502 1872 in
1516 1821 1673 1892 Evangelio
1683 1822 1766 1877 tunica

970 1901 1077 1955 Domini
1101 1902 1185 1957 nostri
1208 1904 1273 1958 lesu
1297 1905 1396 1959 Christi
1418 1922 1472 1961 non
1497 1907 1631 1963 dividitur
1652 1904 1770 1976 omnino,

970 2004 1021 2043 nec
1037 1989 1176 2057 scinditur,
1193 1993 1241 2047 sed
1257 1993 1431 2048 sortientibus
1445 1995 1479 2050 dc
1495 2004 1573 2051 veste
1588 1997 1699 2063 Christi,
1715 1999 1766 2069 quis

970 2077 1060 2147 potius
1084 2079 1217 2132 Christum
1242 2080 1374 2148 indueret,
1396 2082 1503 2153 integra
1524 2085 1611 2139 vestis
1631 2086 1765 2155 accipitur.

971 2174 997 2219 et
1011 2165 1178 2236 incorrupta,
1194 2175 1274 2239 atque
1288 2169 1404 2224 indivisa
1418 2172 1511 2227 tunica
1526 2173 1697 2242 possidetur.
1710 2175 1766 2228 Pos-

972 2253 1061 2307 sider·e
1090 2254 1160 2308 enirn
1190 2272 1243 2310 non
1266 2265 1355 2327 potest
1378 2247 1568 2314 indumentum
1592 2261 1705 2327 Christi,
1727 2263 1766 2332 qui

971 2341 1069 2395 scindit
1085 2351 1111 2396 et
1126 2342 1221 2398 dividit
1244 2345 1399 2401 Ecclesiam
1427 2347 1536 2402 Christi.
1562 2347 1633 2416 Quis
1655 2366 1721 2421 ergo
1734 2350 1766 2404 sic

973 2429 1120 2485 sceleratus
1143 2440 1169 2485 et
1192 2432 1335 2502 pertidus‘.l
1358 2435 1418 2507 quis
1441 2435 1480 2490 sic
1513 2436 1663 2493 discordie
1684 2437 1767 2493 lurore

973 2519 1114 2574 vesanus?
1127 2519 1193 2588 Quis
1222 2530 1268 2575 aut
1289 2524 1382 2577 credat
1405 2524 1491 2578 scindi
1513 2541 1597 2594 posse
1617 2535 1665 2580 aut
1679 2527 1767 2580 audeat

974 2607 1099 2676 scindere
1114 2609 1245 2663 unitatem
1262 2611 1334 2665 Dei?
1349 2619 1451 2666 vestem
1472 2613 1607 2667 Domini?
1622 2614 1767 2670 Ecclesiam

974 2694 1094 2749 Christi?
1115 2699 1205 2751 llonct
1227 2698 1333 2768 ipsein
1357 2700 1507 2771 Evangelio
1530 2718 1582 2756 suo
1606 2703 1704 2758 dicens
1718 2721 1724 2756 :
1738 2705 1767 2757 tt

974 2785 1030 2837 crit
1038 2800 1112 2838 erres
1120 2802 1200 2855 prce,
1211 2791 1237 2840 ct
1248 2803 1321 2842 arins
1332 2792 1429 2859 pastor
1439 2789 1531 2857 (loen.
1544 2791 1618 2858 xvtjt.
1630 2790 1768 2862 Apostolus

975 2879 1064 2925 antem
1090 2872 1188 2926 Paulus
1211 2875 1279 2929 lianc
1294 2876 1417 2930 eamdem
1432 2877 1510 2930 nohis
1525 2877 1673 2932 insinuans
1687 2880 1767 2932 unita-

975 2967 1039 3023 tem,
1057 2960 1180 3014 hortatur
1195 2961 1289 3016 dicens
1305 2981 1311 3016 ε
1329 2963 1443 3021 Obsecro
1465 2981 1511 3020 eos
1525 2982 1578 3037 per
1602 2983 1708 3022 nornen
1721 2968 1769 3022 lto·

127 3035 262 3091 ministro.
281 3037 330 3090 Dei
342 3036 451 3093 oculum
467 3036 512 3106 qui
528 3037 618 3090 onmia
633 3036 704 3090 videt
720 3046 745 3092 ct
761 3054 869 3108 semper
883 3038 959 3126 vti-C
976 3049 1049 3102 enini
1063 3050 1155 3103 nostri
1168 3052 1234 3105 lese
1246 3051 1359 3116 Christi,
1373 3056 1405 3107 et
1415 3053 1537 3124 idipso-m
1554 3055 1661 3110 dicetis
1671 3071 1768 3123 ornnes,

128 3105 195 3177 gilot
211 3115 272 3161 ante
286 3124 351 3162 snos
366 3109 460 3162 oculos
483 3106 623 3172 hahentes,
640 3114 666 3161 et
680 3107 864 3163 inevitabilem
879 3109 923 3163 di-

129 3177 220 3233 vinam
233 3178 364 3247 justitiam
379 3186 405 3232 et
420 3194 497 3232 suam
519 3178 713 3232 conscientiam
727 3179 923 3234 immaculatam
979 3225 985 3236 .

128 3256 155 3303 et
169 3248 333 3319 inculpatam
348 3256 552 3316 conservantes,
569 3264 665 3302 omnes
680 3265 723 3303 res
738 3250 925 3304 Constantino·

974 3140 1000 3190 et
1016 3153 1073 3191 aron
1083 3137 1143 3191 siret
1159 3139 1189 3192 in
1204 3140 1276 3194 robis
1290 3141 1446 3196 schismata
1455 3161 1464 3196 .·
1473 3143 1648 3198 sitisoutem
1659 3146 1769 3216 perfecti

976 3241 1006 3279 tn
1017 3225 1112 3279 eodem
1122 3242 1206 3281 sensu
1222 3231 1250 3281 et
1269 3230 1299 3283 ie
1316 3229 1412 3284 eodem
1429 3233 1576 3286 sententio
1592 3231 1620 3300 (l
1629 3233 1690 3287 Cor.
1703 3240 1730 3302 t).
1741 3231 1769 3285 Et

128 3318 255 3389 politanae
269 3319 399 3375 Ecclesiae
413 3329 439 3374 (31
453 3334 621 3390 quaecunque
644 3319 766 3390 indigent
780 3321 925 3375 com-ectio.
973 3311 1071 3366 iterum
1081 3313 1144 3368 tlicil
1155 3332 1161 3367 ἒ
1174 3317 1352 3371 Statiittt’ntes
1363 3319 1482 3373 invicem
1491 3320 1523 3373 iil
1532 3319 1698 3387 dilectione,
1707 3321 1771 3382 Sall}

129 3406 173 3455 ne,
192 3399 218 3444 ct
233 3407 303 3462 quar,
319 3400 346 3444 nt
360 3407 411 3460 par
426 3399 476 3459 est,
493 3389 630 3451 declinare
646 3390 755 3456 dehent,
770 3399 799 3444 nt
812 3391 838 3445 id
853 3392 924 3462 quod

129 3460 228 3514 melius
252 3471 293 3515 est
319 3471 344 3516 ct
367 3460 565 3517 conducibilius
585 3460 635 3514 Dei
648 3461 790 3527 Ecclesiae,
807 3478 926 3533 peraga-

130 3540 184 3654 ἕῳ.
201 3531 324 3586 Calcatis
338 3532 486 3604 imperator
500 3531 572 3601 piam
586 3531 734 3601 potentiam
749 3539 820 3585 tuam
836 3541 927 3587 custo·

150 3610 193 3655 tat.
214 3627 225 3650 n

167 3673 312 3743 llucusque
328 3689 360 3727 ex
374 3671 505 3725 Photiana
520 3673 645 3727 versione
659 3673 771 3727 loannis
786 3689 864 3743 papae
875 3672 928 3742 epi·

131 3743 209 3797 stola.
226 3744 280 3796 Cur
294 3753 384 3797 autern
400 3741 426 3795 in
442 3741 519 3795 titulo
533 3743 645 3795 loannis
661 3743 783 3813 epistolae
798 3760 850 3798 nori
865 3743 929 3796 insit

132 3813 302 3868 Constantini
317 3829 426 3876 nomen,
441 3811 468 3864 id
483 3813 581 3866 accidit
601 3814 683 3882 quod,
701 3814 770 3868 sicut
786 3830 818 3867 ex
833 3814 929 3869 Niceta

132 3883 234 3938 dictum
256 3891 306 3944 est,
333 3890 453 3937 mortuus
475 3881 546 3936 inter
566 3884 623 3936 haee
643 3881 722 3937 suerit
737 3885 930 3937 Constantinus

133 3953 191 4022 ipse
207 3956 345 4022 Augustus
360 3951 557 4022 primogenitus
573 3952 660 4005 llasilii
676 3953 856 4022 imperatoris.

169 4022 266 4076 Vidisti
281 4023 453 4093 imposturas,
470 4020 563 4086 lector,
581 4022 701 4076 veritatis
715 4032 822 4078 amator
836 4033 863 4078 et
878 4024 932 4079 cul-

134 4101 185 4152 tor,
209 4102 366 4147 exsecratus
389 4108 419 4146 os
439 4092 535 4162 procul
556 4091 648 4155 dubio,
671 4109 737 4163 quas
761 4094 788 4147 in
817 4094 931 4164 profano

135 4163 216 4218 etiam
231 4163 349 4229 homine,
366 4162 465 4217 nedum
486 4162 637 4226 sacerdote,
655 4171 680 4216 ct
696 4163 825 4234 episcopo
840 4174 866 4219 et
880 4180 931 4234 pa-

135 4234 264 4296 triarcba,
280 4235 327 4288 sed
342 4241 368 4288 et
385 4234 411 4286 in
426 4234 543 4299 ethnico,
568 4233 710 4304 omnisque
725 4234 824 4290 divinae
838 4245 864 4290 et
879 4238 932 4290 hu·

134 4321 221 4359 manto
236 4305 260 4360 le
283 4305 306 4358 is
328 4311 438 4374 experte
456 4305 572 4358 barbaro
588 4304 739 4374 improbare
754 4322 807 4360 non
822 4307 911 4376 possis
924 4325 932 4373 3

134 4383 227 4447 totque
242 4321 372 4431 saisitates
385 4375 515 4429 admistas
530 4375 626 4428 litteris
640 4391 695 4429 non
711 4376 808 4445 privati
818 4377 932 4445 alicujus

135 4456 160 4500 et
177 4446 263 4517 ignoti
277 4446 405 4514 hominis,
422 4445 469 4498 sed
484 4446 517 4498 alr
533 4446 681 4515 apostolica
698 4446 762 4501 sede
779 4464 809 4501 os
827 4448 932 4517 episco-

134 4534 232 4586 porum
257 4517 371 4572 concilio
396 4516 483 4580 datis,
499 4531 549 4571 nec
573 4516 606 4570 ad
622 4515 702 4570 vilem
723 4517 841 4587 aliquem
856 4528 934 4574 terra

134 4587 228 4651 tilium,
255 4589 303 4642 sed
327 4587 361 4642 ad
386 4587 473 4656 ipsum
504 4585 624 4641 Orientis
652 4587 852 4656 imperatorem,
883 4603 934 4643 neo

136 4659 222 4713 otioso
237 4660 280 4714 vel
295 4658 391 4713 leviter
405 4657 438 4710 dc
455 4656 536 4710 rebus
552 4656 651 4710 nullius
666 4659 793 4711 momenti
810 4659 934 4714 conscri-

135 4729 198 4798 ptis,
216 4730 264 4784 sod
280 4745 341 4800 quae
364 4727 472 4781 maximi
496 4727 617 4781 omniurn
632 4728 761 4795 ponderis
779 4738 889 4793 essent;
906 4737 935 4783 ut

135 4800 233 4854 merito
260 4800 326 4854 tanti
350 4807 488 4853 auctorem
510 4797 623 4852 sceleris
647 4797 800 4866 improbare
816 4808 842 4853 et
858 4816 935 4855 exse-

137 4870 217 4936 crari,
243 4869 385 4940 ipsumque
408 4867 512 4922 lacinus
540 4868 689 4922 abominari
719 4877 799 4938 atique
823 4872 936 4925 horrere

137 4947 264 5010 tanquam
288 4939 423 4993 funestum
438 4938 540 5009 aliquid
556 4939 591 4993 ab
615 4937 676 4991 irnis
691 4938 786 4993 inieris
800 4941 936 5009 proditum

137 5027 152 5065 a
163 5010 286 5081 principe
297 5010 471 5065 tenebrarum
482 5008 625 5078 persillum
637 5009 808 5063 tenebrarum
818 5012 937 5065 nornine-

137 5090 215 5135 tcmts
240 5081 309 5135 lueis
332 5081 457 5151 angelum
480 5081 655 5134 mentientem
680 5081 810 5148 Pliotinrn,
827 5082 937 5136 omnino

138 5152 250 5205 debeas

469 5220 606 5274 CCXler.

331 5307 366 5344 ,tn
386 5306 744 5345 revsrisrrvorocirisos.

442 5365 532 5429 thimo
549 5362 623 5429 879.)

141 5431 220 5484 dehet
236 5447 290 5497 cos,
307 5434 457 5487 schismate
472 5434 575 5495 sedete,
593 5433 629 5486 od
645 5434 776 5487 Ecclesia
795 5435 939 5487 ueritatem

294 5504 395 5570 redire,
412 5506 440 5556 et
454 5503 551 5560 Plotio
565 5505 786 5558 comanent'eorc.

177 5595 290 5650 Eximiis
305 5596 369 5650 viris
384 5599 495 5663 loimvt,
513 5598 600 5652 hcosr
616 5607 640 5650 et
656 5598 749 5651 Petico
759 5599 888 5669 patriciis.
901 5608 940 5654 at·

975 3405 1089 3472 operatas
1107 3419 1219 3458 certiore
1232 3405 1373 3460 lenitatem
1391 3407 1509 3477 spiritus
1527 3408 1560 3462 ic
1578 3410 1771 3478 conjttectr'ooe

973 3491 1053 3561 pacis
1061 3491 1233 3561 (Ephes.tv);
1243 3493 1427 3563 quoniamnec
1436 3493 1535 3549 hahere
1545 3510 1643 3565 pacem
1652 3512 1713 3551 cum
1721 3497 1770 3550 beo

976 3577 1082 3647 poterit,
1095 3579 1211 3648 quicum
1226 3578 1357 3635 fratribus
1371 3598 1466 3651 paoem
1481 3599 1533 3652 per
1548 3583 1599 3637 zeli
1616 3584 1769 3638 discordiam

977 3680 1030 3719 nou
1053 3665 1187 3720 hahuerit.
1213 3666 1299 3735 Quam
1323 3669 1404 3742 igitur
1427 3669 1479 3724 sihi
1501 3686 1601 3740 pacem
1624 3672 1773 3742 promittunt

978 3753 1078 3808 inimici
1094 3753 1204 3808 fratrum
1215 3755 1229 3809 ‘l
1239 3755 1306 3824 Quce
1321 3756 1452 3813 sacrificia
1464 3757 1612 3815 celebrere
1623 3777 1654 3815 se
1668 3760 1772 3815 credunt

979 3842 1147 3905 sacerdotes,
1157 3844 1295 3897 alteritatis
1311 3845 1359 3900 Dei
1375 3845 1420 3915 qui
1435 3862 1489 3900 non
1506 3855 1569 3900 sunt
1586 3856 1663 3903 veste
1678 3847 1770 3901 induti?

981 3929 1078 3983 Pacem
1093 3931 1172 3984 notris
1186 3931 1309 3986 Christus
1325 3932 1399 3987 dedit
1416 3951 1422 3986 ε
1439 3936 1552 4001 Pacem,
1574 3927 1673 4008 inquit,
1689 3951 1770 3990 mecm

981 4018 1014 4073 do
1025 4019 1107 4083 cobis,
1114 4035 1211 4090 paceni
1220 4021 1347 4094 relinquo
1357 4022 1429 4077 cobis
1438 4023 1531 4091 (loen.
1542 4025 1619 4092 xtv);
1632 4023 1770 4080 concordes

981 4114 1061 4176 atique
1077 4108 1218 4163 unanimes
1233 4125 1294 4163 esse
1314 4109 1462 4180 praecepit3
1482 4110 1640 4168 dilectionis
1654 4120 1680 4167 et
1693 4110 1769 4168 chari·

982 4194 1042 4248 tatis
1057 4194 1161 4250 laedere
1177 4196 1331 4266 incorrupta
1342 4205 1422 4268 atque
1438 4198 1567 4254 inviolata
1587 4198 1769 4255 mandavitllt

983 4283 1044 4338 ideo
1059 4292 1177 4338 vestram
1194 4285 1308 4340 salutem
1331 4286 1481 4356 cupientes
1504 4304 1661 4355 monemus,
1677 4297 1701 4343 et
1714 4301 1769 4357 apo-

985 4371 1078 4426 stolica
1099 4372 1265 4445 benignitate
1286 4374 1421 4442 jubemus,
1438 4391 1487 4430 sos
1502 4392 1601 4431 omnes
1616 4384 1714 4432 sanctae
1727 4373 1768 4428 llc·

985 4459 1076 4514 clesiae
1090 4460 1169 4525 liniri,
1186 4469 1333 4533 vestroque
1347 4462 1518 4532 patriarchae,
1536 4465 1634 4520 Photio
1649 4463 1767 4520 videliet.

984 4565 1066 4619 quern
1087 4565 1138 4618 pro
1162 4549 1292 4605 Ecclesiae
1313 4551 1363 4605 Dei
1377 4565 1445 4620 paco
1459 4559 1485 4606 et
1501 4553 1608 4607 unitate
1624 4553 1767 4624 recepimus.

985 4637 1124 4691 adherere
1139 4638 1393 4709 communicareque
1408 4639 1524 4694 studete.
1538 4641 1611 4695 Nam
1627 4641 1650 4695 si
1665 4642 1720 4695 haec
1731 4652 1768 4690 uo·

986 4733 1040 4779 stra
1055 4725 1202 4795 apostolica
1217 4728 1328 4793 monita,
1345 4728 1425 4783 tantis
1440 4728 1608 4797 supradictis
1624 4722 1767 4784 testimonis

986 4821 1084 4876 divinis
1114 4821 1228 4889 firmata,
1261 4825 1356 4879 andire
1387 4825 1619 4894 contempseritis,
1642 4825 1669 4879 ia
1695 4829 1767 4878 restra

986 4918 1136 4991 pertinacia
1158 4936 1269 4974 rnaaere
1284 4921 1422 4987 volentes,
1434 4921 1528 4975 scitote
1549 4922 1615 4993 quie
1629 4921 1717 4975 missis
1730 4932 1766 4972 no·

988 5018 1051 5072 stris
1067 5019 1239 5088 praecipimus
1250 5019 1342 5073 tandiu
1358 5035 1407 5073 ros
1421 5018 1496 5073 omni
1511 5019 1698 5075 ecclesiastica
1711 5028 1766 5072 cotu-

987 5115 1115 5168 niunione
1144 5114 1261 5185 privare,
1298 5115 1416 5186 quandiu
1444 5116 1478 5168 ad
1508 5114 1641 5169 unitatem
1666 5107 1766 5183 corporis

988 5212 1088 5265 Christi
1103 5221 1128 5265 ot
1143 5212 1177 5264 ad
1193 5219 1312 5266 vostrum
1335 5209 1556 5279 contempseritis
1579 5212 1670 5265 redire
1683 5201 1768 5281 pontifi·

989 5327 1058 5365 cem.
1073 5311 1130 5363 Nec
1145 5308 1243 5378 aliquis
1259 5316 1379 5361 restrum
1405 5308 1473 5360 hano
1496 5306 1596 5360 haheat
1611 5308 1638 5361 in
1654 5301 1770 5361 redeundo

988 5403 1202 5466 excusationem,
1218 5417 1267 5470 pro
1282 5399 1424 5470 scripturis
1439 5399 1473 5454 de
1488 5399 1540 5454 bac
1555 5415 1641 5455 causa
1654 5394 1770 5468 composi·

990 5501 1032 5567 tis,
1062 5499 1123 5573 quia
1145 5498 1235 5553 divina
1259 5504 1403 5569 potestate,
1430 5511 1513 5568 quam
1535 5498 1643 5569 accepit
1668 5490 1771 5551 Ecclesit

990 5596 1099 5656 Christi,
1117 5602 1214 5649 cnncta
1230 5594 1369 5648 solvuntur
1384 5592 1501 5657 rinenla,
1517 5593 1631 5664 quando
1643 5597 1773 5664 perpasto
