3794 6104
79 205 115 256 5³
767 201 954 261 EPISTOLAE.
1348 242 1351 247 -
1703 214 1739 269 bl

75 325 108 394 3)
122 341 206 395 jussu
221 325 296 381 sedis
311 325 466 397 apostolicae
475 325 604 382 refricato
615 325 717 396 judicio
733 327 885 397 restitutus,
900 330 1079 405 AQuamque
1092 333 1291 390 ordinationem
1301 352 1398 404 meam,
1412 345 1513 395 sanetae
1527 343 1666 396 memoriae
1682 356 1742 417 gra·

72 415 138 470 ullo
166 415 334 470 documento
355 415 485 471 canonico
504 415 651 471 iuvenitur.
668 415 841 487 Quapropter
855 417 890 473 ab

72 504 154 573 ipsa,
170 504 219 557 ubi
243 503 449 568 immorabatur,
473 506 604 574 parochia
625 514 721 560 contra
745 505 890 561 concilium

69 591 248 649 Africanum
262 593 408 663 appetitus,
425 601 453 646 ut
473 593 510 646 ihi
524 595 664 649 decretum
679 603 728 659 est,
756 602 890 666 potestate

64 681 227 752 judiciaria
242 698 290 752 per
306 690 440 737 rectorem
456 683 602 752 provinciae
625 684 749 753 protinus
772 683 888 749 excludi,

68 779 104 824 et
119 786 217 842 neque
233 770 268 825 ab
281 770 413 826 Ecclesiis
428 770 651 842 quibuspraeluit,
664 789 753 844 neque
767 789 784 826 a
799 772 888 844 quoli-

71 861 126 914 bet
144 859 259 914 homine
272 858 410 914 defensari
424 860 565 915 debuerat.
582 862 694 915 Constat
725 877 791 932 ergo
817 862 890 929 juste

70 948 222 1016 dejectum
246 964 279 1002 ea
302 965 362 1020 quae
386 964 434 1002 sua
456 964 510 1003 nou
530 948 638 1004 strarant
658 951 865 1020 praesumpsisse
883 965 889 1005 :

75 1038 162 1104 cujus
176 1053 233 1090 non
249 1052 364 1091 neeesse
375 1044 416 1090 est
425 1052 474 1090 nos
488 1038 581 1091 merita
597 1045 729 1109 actusque
740 1038 888 1104 discutere,

77 1142 147 1180 curn
164 1125 266 1179 habeat
287 1125 461 1180 eonscientiae
483 1133 509 1178 et
532 1127 623 1196 operis
639 1127 681 1180 sui
696 1135 793 1180 testem
809 1142 890 1198 quem

77 1214 168 1268 habet
195 1223 221 1268 et
240 1214 372 1281 jurlieem.
398 1214 476 1273 Nam,
504 1222 532 1268 ut
556 1216 611 1268 Leo
626 1215 689 1269 dicit
708 1216 792 1287 (epist
807 1216 841 1269 dl
855 1216 891 1272 od

79 1305 208 1358 Leonem
221 1303 399 1373 depastum),
412 1319 473 1373 quae
488 1301 624 1373 patefacta
634 1312 697 1356 sunt
711 1320 846 1375 quarere,
864 1310 890 1358 et

80 1408 146 1462 quae
168 1392 290 1461 perlecta
312 1399 373 1445 sunt
399 1399 561 1457 retractare,
583 1401 609 1445 et
626 1409 686 1462 cirtae
702 1400 761 1445 sunt
778 1391 890 1445 diffinita

80 1480 252 1544 convellere,
268 1480 333 1551 quid
347 1479 421 1534 aliud
436 1488 488 1544 est,
505 1481 636 1550 quamde
652 1481 756 1550 adeptis
772 1480 890 1551 gratiam

944 421 978 474 tia
994 431 1020 476 et
1035 424 1144 479 nomine
1159 424 1330 491 Benedictus,
1344 427 1392 481 sed
1401 435 1427 482 et
1435 427 1550 483 domnus
1560 445 1592 484 ac
1600 431 1679 485 Pater
1694 446 1743 486 no·

944 513 1219 582 sterpapaNicolaus,
1231 515 1285 569 suis
1292 516 1443 588 privilegiis
1452 533 1512 571 eum
1521 519 1742 575 corroborarunt.

944 596 1011 666 Quae
1026 601 1051 653 iu
1067 602 1214 672 episcopali
1229 604 1353 667 coneilio,
1371 613 1465 660 etante
1479 607 1679 662 ordinationem
1688 604 1744 664 cle·

944 688 1006 756 etio,
1024 698 1049 742 ct
1064 700 1158 759 postea
1172 691 1305 747 ordinatio
1321 694 1450 749 canonice
1465 703 1569 765 patrata
1584 694 1677 763 luisse,
1691 710 1745 751 non

943 785 1037 831 contra
1051 779 1233 851 cujuscunque
1249 782 1434 851 qtrmstioucm.
1448 784 1496 838 sed
1506 785 1638 840 attrei-sus
1649 802 1744 840 susur-

943 866 1058 920 rantium
1073 877 1152 938 atque
1167 870 1270 924 occulte
1285 871 1487 926 mussitantium
1503 873 1704 947 derogationes,
1716 882 1744 929 ut

943 956 1032 1009 orrrnis
1047 956 1175 1028 iniquitas
1190 958 1319 1028 oppilaret
1336 976 1464 1030 ossuum,
1482 978 1514 1015 cx
1531 963 1618 1017 sacris
1643 962 1746 1037 regulis

943 1052 984 1097 cst
999 1044 1193 1099 demonstrata.
1210 1046 1262 1099 Sed
1280 1054 1306 1099 ct
1321 1047 1386 1101 illurl
1402 1049 1429 1102 iu
1445 1065 1525 1103 carisa
1539 1059 1589 1119 cst,
1616 1067 1664 1106 our
1678 1050 1742 1106 inde

942 1131 969 1184 iu
986 1133 1088 1187 nullum
1103 1134 1307 1189 altercationem
1322 1145 1415 1190 contra
1441 1154 1638 1210 qrrenteumque
1661 1138 1743 1195 modo

942 1219 1045 1275 intrare
1062 1239 1115 1276 non
1130 1223 1289 1291 deliberem,
1321 1225 1448 1294 qaroniam
1464 1226 1580 1280 domnus
1600 1243 1671 1298 papa
1687 1227 1742 1282 suis

941 1309 1098 1380 apostolicis
1109 1311 1203 1365 litteris
1214 1312 1279 1365 mihi
1289 1328 1343 1366 non
1355 1313 1502 1383 scripsit,ut
1510 1315 1669 1388 cuicumque
1681 1316 1744 1372 iude

941 1415 990 1469 per
1005 1399 1184 1470 narrationem
1198 1400 1312 1453 debeam
1325 1401 1436 1455 reddere
1446 1402 1587 1457 rationem.
1600 1404 1679 1471 Quod
1689 1420 1744 1461 non

941 1487 975 1540 de
992 1486 1139 1540 ditlirlcntiu
1151 1488 1222 1555 clleo,
1239 1489 1315 1558 quusi
1323 1489 1546 1544 documentorum
1557 1491 1743 1561 probamentis

83 1584 140 1622 nou
166 1567 266 1631 celere,
293 1576 319 1621 et
343 1568 377 1621 ad
392 1567 541 1624 interdictae
555 1568 662 1623 arboris
678 1568 768 1623 clhtun
785 1568 886 1638 imprn-
941 1575 975 1627 acl
992 1575 1041 1627 ista
1056 1574 1191 1639 cleticinm,
1209 1575 1234 1629 in
1250 1592 1304 1647 quo
1316 1577 1376 1645 jure
1391 1578 1412 1629 si
1429 1578 1489 1648 rpus
1504 1579 1594 1641 audet,
1612 1580 1701 1634 audeo
1717 1587 1744 1634 et

86 1664 138 1712 bos
154 1657 289 1728 appetitus
303 1655 452 1711 mortilerre
475 1656 629 1727 cupiditatis
643 1658 790 1712 extendere
805 1658 819 1711 ‘l
905 1679 1012 1743 Bago:
1030 1664 1077 1717 sed
1093 1673 1119 1717 ct
1134 1664 1230 1718 Leonis
1244 1665 1277 1717 ad
1294 1665 1412 1719 Leonem
1427 1669 1578 1740 Augustum
1593 1669 1675 1723 recha
1691 1684 1742 1739 pro

123 1753 191 1808 Car.
209 1753 390 1807 lt'.l)emca
411 1753 492 1807 etiam
513 1753 692 1818 ordinatione,
717 1752 759 1808 eui
784 1751 890 1808 fortesi
941 1751 1052 1806 modulo
1080 1769 1141 1806 niter)
1172 1769 1298 1824 sequens,
1331 1753 1446 1808 dicentis
1460 1756 1544 1826 (epist
1560 1757 1615 1819 llll,
1632 1756 1693 1827 quia
1708 1755 1742 1811 de

86 1842 170 1913 aliqui
185 1841 302 1905 occulte,
320 1840 393 1911 quod
408 1850 502 1911 aperte
526 1858 580 1896 non
595 1842 686 1904 audio,
703 1842 846 1912 derogant,
862 1841 891 1896 in
941 1840 1024 1894 relius
1042 1849 1066 1893 ct
1082 1841 1152 1910 apud
1169 1850 1194 1894 et
1211 1841 1339 1910 Nicaeam,
1352 1850 1377 1896 ct
1393 1843 1464 1912 apud
1480 1843 1690 1910 chalcedonem,
1709 1844 1745 1899 si·

86 1931 189 1984 nullam
218 1930 423 1984 altercationem
443 1938 536 1985 contra
566 1947 756 2002 quemcunque
773 1931 888 1999 intrabo,
941 1937 985 1982 cut
1003 1930 1058 1982 lteo
1074 1928 1173 1999 placuit
1192 1928 1319 1995 definitis,
1337 1930 1439 1983 nullum
1455 1931 1587 1986 audemus
1603 1932 1669 1986 inire
1686 1941 1742 1988 tra·

87 2019 160 2090 quia,
177 2019 249 2073 sicut
264 2018 328 2073 dicit
343 2019 500 2088 Apostolus,
519 2019 544 2073 in
559 2020 674 2073 mortuis
700 2027 890 2074 testamcutum
941 2025 1052 2081 etatum,
1071 2025 1197 2087 tanquam
1214 2017 1293 2070 duhia
1310 2018 1352 2071 rel
1368 2018 1476 2072 infir-run
1496 2020 1557 2082 sint,
1585 2037 1646 2091 qum
1671 2028 1744 2076 tanta

87 2115 126 2160 est
141 2105 331 2162 confirmatum
352 2106 429 2173 (tteh.
449 2121 489 2175 rx,
508 2110 561 2177 li).
580 2108 650 2161 Nam
666 2124 728 2162 cum
751 2108 889 2162 lllternen·
940 2121 990 2175 per
1005 2113 1127 2159 sunctum
1144 2105 1273 2175 Spiritum
1288 2104 1343 2158 hait
1359 2106 1514 2161 auctoritas.
1527 2106 1595 2160 Cum
1606 2115 1695 2161 tantus
1710 2125 1744 2165 ac

87 2212 143 2249 sem
171 2195 324 2250 Ecclesiam
355 2194 435 2250 liolco
465 2194 522 2249 lere
550 2212 601 2266 per
615 2212 712 2250 norem
728 2211 815 2250 aranos
831 2196 890 2251 sine
942 2201 1019 2246 tautae
1036 2193 1108 2246 sedis
1124 2210 1191 2263 papa
1206 2210 1235 2247 se
1251 2193 1285 2246 ad
1301 2195 1359 2249 haee
1373 2194 1470 2248 dixerit
1485 2211 1539 2248 non
1556 2196 1671 2264 audere,
1689 2211 1743 2271 ego

85 2284 139 2337 ulla
154 2282 275 2355 regulari
292 2283 393 2337 Ebonis
410 2283 604 2338 reclamatione
619 2284 760 2347 tenuisset,
778 2293 805 2338 et
827 2290 890 2354 post
940 2281 1061 2336 tantillus
1089 2282 1234 2335 homuncio
1263 2298 1345 2352 super
1374 2298 1407 2336 ca
1436 2299 1495 2354 (puae
1516 2291 1554 2337 tot
1567 2284 1744 2339 conciliorum

88 2389 147 2426 eum
162 2373 235 2425 Noto
249 2387 319 2441 peue
335 2387 383 2441 per
398 2387 499 2426 annum
514 2381 539 2426 et
554 2372 694 2426 dimidium
710 2373 890 2426 eamdemse-
941 2378 966 2423 et
983 2378 1115 2423 tantorum
1133 2368 1288 2440 pontilicum
1305 2371 1377 2424 sedis
1394 2371 1551 2441 apostolicae
1572 2373 1606 2426 dc
1630 2372 1743 2440 ordina-

89 2460 148 2513 dem
164 2459 289 2513 similiter
304 2459 361 2513 sine
376 2459 431 2513 ulla
445 2460 549 2515 Ebonis
573 2460 732 2530 repetitione
747 2460 888 2527 tenuisset,
941 2458 1012 2513 tione
1027 2474 1095 2525 mea,
1113 2459 1310 2531 qualiscunque
1319 2459 1407 2529 plebis
1417 2460 1466 2514 Dei
1482 2459 1584 2526 famuli,
1601 2461 1669 2515 sicut
1683 2477 1743 2518 oer-

91 2549 136 2602 sub
153 2548 254 2620 Sergio
269 2563 339 2618 papa
353 2548 379 2601 in
396 2549 501 2619 synodo
515 2548 690 2619 plurimorum
706 2548 889 2618 archiepisco·
940 2546 1042 2600 tissima
1070 2546 1236 2601 monimenta
1264 2547 1413 2613 declarant,
1443 2549 1600 2619 approbarit
1631 2558 1656 2603 et
1687 2540 1764 2604 ttxtr'

89 2653 181 2708 porum
196 2645 222 2690 et
241 2636 435 2706 episcoporum
450 2636 522 2706 aputl
549 2636 721 2691 bellovacum
738 2637 891 2691 dioeeeseos
940 2635 1097 2703 auctoritas,
1114 2644 1241 2705 tanquam
1256 2635 1290 2689 tle
1301 2653 1331 2689 re
1346 2635 1428 2689 dubia
1443 2635 1486 2690 rel
1502 2635 1621 2703 inlirnra,
1637 2637 1743 2693 nullum

90 2725 254 2779 Rhcmorum
268 2724 369 2790 habita,
386 2724 483 2780 celero
495 2733 519 2778 et
536 2724 614 2794 plebe
625 2725 708 2795 ipsius
720 2725 888 2795 metropolis,
940 2725 1028 2778 audeo
1043 2724 1109 2777 inire
1126 2731 1274 2778 certamen.

90 2814 132 2866 secl
147 2822 176 2866 et
190 2813 226 2866 ab
240 2812 376 2882 episcopis
391 2813 513 2879 ejusdcm
528 2813 676 2882 prorinciae
690 2813 798 2883 petitus,
816 2821 841 2866 et
856 2814 889 2866 ab
976 2812 1042 2866 Car.
1059 2814 1090 2866 Υ.
1109 2813 1148 2866 lle
1162 2812 1204 2865 his
1219 2820 1308 2866 atatem
1323 2811 1452 2866 fratribus
1468 2813 1579 2880 nostris,
1594 2814 1628 2869 de
1643 2815 1741 2887 quibus

89 2901 293 2971 archiepiscopo
304 2909 366 2954 tunc
380 2916 452 2961 mco,
467 2901 613 2970 etproprio
628 2901 767 2972 episcopo,
784 2917 889 2955 necnon
940 2917 1027 2971 nuper
1042 2901 1120 2955 nohis
1131 2901 1311 2954 communiter
1321 2901 1436 2955 [lemnus
1447 2903 1611 2972 apostolicus
1623 2903 1742 2975 scripsit,

89 2999 110 3042 et
124 3006 138 3042 a
153 2988 327 3058 coepiscopis
342 2987 427 3058 ipsius
447 2989 604 3058 proi-incia,
623 2989 771 3043 secuudum
789 2988 889 3043 Laodi·
924 2989 962 3061 'si
977 2989 1055 3044 rolris
1070 2990 1106 3042 ad
1120 2989 1271 3058 apostolica
1286 2988 1388 3059 scripta
1398 2990 1559 3045 nonsufficit
1571 2991 1661 3045 brevis
1676 3007 1746 3047 arne

88 3094 163 3133 censo
179 3077 327 3133 concilium
342 3076 417 3147 (cau.
432 3080 486 3146 ld),
500 3094 561 3131 curu
572 3078 821 3132 cousensuahhatis
836 3035 997 3132 meiCdata
1013 3077 1165 3147 responsio,
1182 3093 1247 3131 ecce
1269 3078 1374 3131 hahetis
1404 3086 1481 3151 gesta
1511 3079 1687 3149 episcopalia,
1719 3086 1747 3135 et

90 3174 112 3221 et
138 3167 255 3221 fratrum
285 3166 445 3220 monasterii
474 3166 502 3219 in
531 3182 585 3236 quo
613 3166 759 3236 degebam,
780 3167 889 3237 episco-
940 3167 1084 3238 privilegia
1107 3165 1198 3218 domni
1220 3165 1359 3221 Benedicti
1382 3175 1408 3220 et
1431 3167 1523 3222 dornni
1549 3167 1665 3235 Nicolai,
1683 3185 1744 3239 quae

89 3257 125 3325 pis
154 3254 319 3310 Rhemeusis
347 3254 505 3325 provinciae,
537 3263 563 3307 ct
579 3254 653 3309 clero
672 3269 703 3310 ac
717 3254 791 3325 plehi
805 3255 889 3326 ipsius
940 3255 1017 3309 vohis
1033 3255 1217 3307 (lernonstraut
1235 3271 1286 3325 qtra
1302 3254 1445 3309 rationeet
1461 3271 1514 3327 quo
1530 3256 1634 3322 ordine,
1657 3272 1744 3328 quave

89 3343 244 3413 metropolis
260 3359 310 3412 per
324 3343 470 3397 canonicas
486 3342 589 3397 litteras
618 3343 742 3410 traditus,
775 3352 800 3398 et
827 3360 889 3399 cum
940 3343 1108 3409 auctoritate,
1126 3343 1306 3413 ctaquihus,
1324 3351 1350 3396 ct
1370 3344 1426 3411 uhi,
1455 3351 1482 3397 et
1505 3345 1615 3415 quando
1638 3352 1743 3414 patrata

88 3433 194 3488 decreto
209 3431 353 3496 carronico,
371 3431 517 3503 praesentia
544 3431 740 3486 relconsensu
768 3432 889 3486 omnium
939 3432 1001 3500 siut,
1019 3449 1078 3502 quae
1092 3431 1119 3484 iu
1135 3448 1182 3485 eos
1196 3440 1255 3486 acta
1273 3430 1391 3484 luerunt.
1409 3433 1512 3500 Quibus
1523 3433 1649 3486 eructibus
1676 3449 1741 3503 per-

89 3519 322 3593 suffraganeorum
337 3519 422 3590 ipsius
437 3520 607 3590 metropolis
624 3528 651 3574 et
667 3537 681 3574 a
699 3521 888 3592 metropolita·
939 3520 1075 3589 scrutatis
1093 3520 1242 3574 secuudum
1259 3519 1351 3573 domni
1362 3527 1388 3573 ct
1402 3520 1585 3573 Patrisuostri
1600 3520 1744 3590 apostolici

88 3625 118 3663 uo
132 3624 204 3675 meo,
223 3607 270 3679 qui
286 3624 329 3662 me
345 3608 399 3661 illis
413 3608 574 3667 tradiderat,
592 3625 652 3662 sum
667 3609 695 3663 in
710 3609 805 3664 eadem
835 3610 888 3665 lde·
939 3625 1015 3679 papae
1031 3608 1255 3662 discretissimum
1271 3623 1303 3662 ac
1326 3608 1454 3678 regulare
1479 3608 1646 3673 mandatum,
1668 3609 1743 3681 quod

87 3697 172 3763 clesia,
189 3696 319 3751 omuibus
333 3696 559 3757 acclamantibus,
572 3698 673 3769 absque
688 3698 768 3751 ullius
783 3705 888 3753 eontra·
935 3698 1036 3766 justum
1054 3706 1079 3750 et
1095 3696 1169 3767 pium
1184 3695 1348 3764 inveniritis,
1366 3696 1516 3751 secundum
1547 3713 1666 3750 canones
1697 3713 1745 3752 sa·

86 3785 198 3841 dictione
214 3785 258 3839 vel
274 3784 444 3854 repetitione,
462 3785 593 3841 canonice
608 3794 634 3839 et
664 3786 813 3840 secundum
837 3787 887 3842 de-

89 3882 158 3928 creta
174 3873 250 3928 sedis
267 3873 395 3928 Romanae
415 3872 572 3944 pontificum
588 3874 725 3928 ordinatus
743 3892 749 3928 :
775 3876 887 3946 ipsaque

87 3962 219 4017 ordinatio
234 3977 297 4016 mea
313 3977 366 4016 non
382 3963 468 4016 solum
486 3963 651 4017 Rhemorum
665 3963 811 4032 provinciae
827 3963 887 4033 cpi-

88 4066 237 4121 scoporum,
254 4049 439 4104 ordinatorum
473 4050 598 4105 videlicet
626 4065 759 4118 meorum,
786 4067 882 4105 secun-

87 4139 143 4193 dum
162 4138 322 4193 Africanum
352 4138 495 4193 concilium
524 4138 767 4209 subscriptionibus
778 4147 818 4193 est
839 4154 886 4194 ro-

938 3802 999 3841 cros
1028 3785 1174 3850 decernite,
1205 3785 1309 3856 absque
1333 3784 1396 3848 ulla,
1428 3793 1558 3856 quantum
1584 3794 1741 3849 exmeost,

938 3871 1153 3925 contradictione
1167 3868 1289 3939 perlicite
1309 3887 1315 3923 :
1337 3870 1401 3940 quia
1425 3869 1494 3923 sicut
1519 3869 1548 3922 iu
1577 3870 1744 3940 praecedenti

939 3959 1069 4013 schedula
1083 3958 1160 4013 robis
1176 3957 1284 4028 scripsi,
1302 3974 1353 4012 noc
1368 3957 1440 4011 illius
1458 3958 1615 4027 apostolicis
1637 3974 1744 4029 praece-

937 4048 1000 4116 ptis,
1018 4062 1069 4101 ncc
1084 4046 1184 4100 vestris
1200 4045 1370 4118 regularibus
1385 4045 1589 4100 delinitionibus
1603 4046 1743 4102 contrudi·

937 4152 1011 4190 curn.

88 4226 185 4287 hecata,
214 4243 309 4280 cerum
337 4233 362 4280 et
384 4226 505 4280 omnium
530 4243 600 4297 pene
624 4226 885 4299 Galliarum;arq110
973 4220 1038 4272 Cum
1055 4221 1100 4272 t'l.
1118 4218 1286 4274 Caeterumsi
1306 4218 1742 4288 vestraebeneptactrevotumati

89 4314 223 4381 xeusrriae,
241 4329 347 4368 neen0n
363 4323 388 4368 et
398 4314 548 4384 Aquitanica
558 4315 748 4384 opise0p0rum
759 4316 885 4369 manibus
934 4307 1118 4362 necessarium
1132 4307 1220 4360 risum
1236 4305 1312 4360 luerit
1323 4323 1377 4360 non
1387 4307 1421 4360 acl
1432 4306 1513 4360 ullam
1524 4307 1735 4374 contentionem,

92 4404 232 4473 suscripta
257 4402 372 4472 epistola
392 4402 427 4456 nd
449 4401 590 4472 praefatum
620 4403 755 4475 Sergium,
773 4420 880 4474 papam,
895 4391 983 4451 Dnec
999 4396 1144 4450 aclrersum
1161 4395 1273 4463 alicujus
1288 4395 1474 4466 qtraestionem,
1498 4396 1546 4449 sed
1566 4397 1601 4449 oh
1628 4396 1738 4465 plenio-

93 4491 246 4545 uuanlmiter
274 4489 432 4562 dirigenda,
462 4491 510 4544 sed
539 4499 565 4546 ct
593 4491 681 4546 edicto
702 4490 795 4545 domni
809 4492 884 4564 regis

94 4576 170 4633 Caroli
189 4595 273 4633 manu
298 4579 408 4649 propria
433 4577 602 4638 confirmato,
632 4587 659 4633 ct
683 4580 773 4652 sigillo
797 4580 883 4650 ipsius

94 4667 271 4735 corroborato,
296 4674 337 4720 est
361 4667 545 4737 comprobata.
572 4666 639 4735 Qua
662 4668 751 4722 omnia
775 4668 881 4740 Sergio,

94 4764 228 4827 numquam
244 4755 351 4810 mittere
364 4756 396 4809 ad
413 4755 499 4809 illium
522 4772 726 4820 concurrerem,
749 4756 776 4810 in
806 4757 882 4813 brevi

94 4841 217 4910 defuncte,
232 4844 316 4898 Leoni
330 4859 409 4914 papae
428 4852 489 4897 sunt
505 4845 598 4899 missa.
618 4845 736 4916 indeque
751 4862 766 4898 a
781 4844 882 4900 domno

93 4927 245 5001 inperatore
262 4932 399 4995 Lethario,
420 4948 496 4986 suam
519 4933 662 5002 epistolam
685 4933 774 4988 eidem
798 4933 881 4988 Leoni

93 5033 159 5088 prpae
180 5020 324 5090 dirigente,
352 5020 381 5074 in
394 5036 447 5091 qua
469 5020 575 5091 scripsit
592 5030 719 5092 quantum
735 5038 784 5092 pro
801 5021 881 5076 resti-

92 5108 181 5163 tutione
190 5109 293 5162 Ebonis
304 5109 376 5178 apud
387 5108 512 5180 Sergium
523 5126 619 5180 papam
629 5111 766 5183 sategerit,
779 5119 805 5165 et
816 5111 881 5164 nihil

92 5195 204 5250 obtinere
218 5198 345 5266 potuerit,
360 5195 497 5250 lareribus
523 5207 677 5267 prosecuta,
694 5207 719 5251 et
735 5199 769 5252 alr
784 5200 881 5254 cotlem

92 5280 170 5339 Leone
180 5300 250 5354 papa
261 5293 288 5338 et
298 5301 348 5338 usu
357 5285 430 5355 pallii
440 5293 466 5339 et
477 5286 618 5356 privilegio
628 5287 701 5340 sedis
713 5288 879 5357 apostolicae,

88 5385 113 5424 ac
121 5372 243 5442 pluribus
249 5372 406 5443 apostolicis
413 5374 471 5428 suis
476 5374 639 5445 epistolis,ut
650 5374 774 5430 videlicet
782 5376 810 5430 in
820 5376 881 5432 loco

88 5461 194 5527 pastoris
209 5461 363 5518 sacerdotio
378 5447 554 5528 detunctiest
568 5463 703 5519 multoties
718 5465 878 5535 approbata.

935 4501 990 4537 rem
1006 4483 1045 4538 rci
1061 4482 1193 4552 notitiam,
1206 4492 1233 4537 ut
1246 4484 1280 4538 de
1295 4485 1398 4538 Ebonis
1413 4484 1500 4537 adhuc
1515 4484 1593 4536 latius
1615 4484 1739 4555 regulari

934 4572 1112 4642 depositione,
1143 4581 1169 4626 et
1195 4573 1268 4626 nulla
1298 4572 1428 4626 canonica
1444 4571 1622 4635 restitutione,
1639 4572 1688 4624 sctl
1704 4579 1731 4627 ct

934 4662 967 4715 cle
983 4677 1044 4715 mea
1059 4661 1175 4733 qualiter
1188 4661 1326 4715 celebrata
1341 4660 1374 4713 sit
1398 4657 1579 4722 ordinatione,
1608 4658 1651 4712 rel
1679 4675 1735 4731 (prta

934 4750 1038 4804 ratione
1053 4750 1152 4804 lratrcs
1167 4757 1192 4803 ct
1208 4747 1362 4818 coepiscopi
1377 4746 1462 4800 nostri
1477 4745 1505 4799 in
1534 4747 1638 4818 synodo
1665 4749 1735 4803 lllel-

933 4839 1010 4892 dunsi
1032 4837 1102 4894 lilios
1130 4837 1291 4894 llhemensis
1307 4835 1446 4899 Ecclesiae,
1462 4835 1496 4888 cle
1520 4834 1618 4906 quihus
1642 4838 1733 4909 agitur

933 4929 1142 4997 suspenderunt,
1160 4926 1202 4979 vel
1219 4923 1290 4977 uncle
1305 4922 1410 4992 accepit
1426 4924 1587 4978 Suessonlca
1611 4926 1731 4997 synodus

932 5033 986 5070 non
1006 5017 1106 5070 debere
1122 5015 1149 5068 in
1172 5012 1302 5085 gradihus
1326 5011 1517 5067 ecelesiasticis
1540 5030 1587 5068 eos
1608 5030 1731 5080 manere,

932 5105 1063 5159 rationem
1079 5111 1105 5158 et
1119 5102 1252 5160 ordinem,
1270 5109 1350 5171 atque
1364 5102 1552 5156 auctoritatem
1569 5147 1574 5165 ,
1607 5118 1666 5172 quas
1693 5101 1731 5157 ibi

932 5200 1049 5251 ostensa.
1067 5200 1093 5245 et
1108 5207 1122 5243 a
1137 5188 1318 5243 sollicitudine
1334 5189 1489 5263 exiguitatis
1505 5206 1574 5244 mear
1603 5197 1732 5261 suscepta

933 5290 1003 5346 suut,
1019 5296 1053 5333 ne
1068 5277 1203 5331 ollerulam
1215 5277 1332 5332 reticens
1343 5279 1485 5333 dicendam
1501 5279 1528 5331 in
1544 5287 1665 5347 tempore
1681 5295 1730 5335 ve-

933 5370 1049 5431 ritatem,
1073 5373 1171 5421 restrae
1200 5365 1359 5421 fraternitati
1387 5367 1508 5437 pondere
1537 5382 1592 5421 non
1611 5369 1729 5441 negabo.

931 5457 1045 5511 lantum
1056 5463 1084 5508 ut
1098 5470 1152 5509 non
1167 5471 1344 5517 rosmorosa,
1360 5462 1387 5509 at
1397 5453 1466 5508 forte
1482 5455 1560 5510 vobis
1576 5457 1599 5510 si
1614 5464 1732 5512 notuest
