3794 6104
121 218 167 268 891

725 214 873 269 lllthNlS
901 215 996 267 PAPAE
1028 217 1095 270 l'lll.

1725 226 1790 279 ssi

155 338 299 394 dilectioni
314 347 367 393 tua>
384 340 547 393 uenerandis
569 347 725 394 sanctorum
748 340 857 393 Patrum
872 354 920 393 re·
936 339 1026 401 Aret,
1044 355 1098 394 non
1112 348 1152 394 cst
1166 341 1287 412 cogenda
1306 361 1312 395 z
1330 352 1419 397 tamen
1437 343 1573 398 sanctitati
1589 352 1689 399 restrae
1703 359 1774 400 corn-

120 426 190 497 gulis
206 428 310 482 edoctu
322 429 492 496 mandamus,
507 436 587 498 atque
603 427 644 480 his
659 426 821 498 praesulatus
835 426 922 480 nostri

120 515 216 570 litteris
236 516 373 583 jubemus,
390 515 577 571 nt¹ecalesiam
599 516 648 570 Ilei
671 516 788 586 positam
806 516 834 568 in
859 515 921 570 villa

120 604 256 674 carpana,
270 604 327 672 jam
343 621 430 674 nuper
455 604 582 659 incendio
606 613 753 659 crematam
775 613 919 670 restaures,

121 700 203 762 atque
223 691 250 745 in
272 692 416 763 pristinum
440 693 566 747 decoram
581 701 607 748 et
631 693 755 747 ordinem
778 693 921 748 restituere

122 780 273 835 nullatenus
287 781 489 851 pretermittas,
517 789 597 853 atque
614 782 663 834 sub
680 782 779 851 proprii
793 797 858 836 cura
874 796 920 834 sa-

121 869 240 924 cerdotis
268 884 329 923 eam
354 869 514 937 constituas,
541 870 587 941 qui
611 870 721 924 sedulas
744 869 780 923 ibi
805 869 920 924 llornino

120 957 216 1010 laudes
240 956 365 1028 quotidie
390 957 538 1027 persolvat,
556 972 588 1012 ac
612 973 661 1027 pro
685 956 771 1011 salute
801 956 920 1010 lidclium

121 1045 333 1115 omnipotentem
349 1045 495 1100 Dominum
509 1046 595 1100 valeat
618 1062 741 1111 exorare,
759 1061 920 1116 sacrumque

119 1133 185 1200 illic,
203 1135 261 1187 hee
276 1133 403 1204 propiti0,
429 1150 518 1188 arrnue
540 1135 659 1188 chrisma
683 1134 792 1188 mittere
815 1133 919 1187 indesi-

121 1223 458 1294 nente1·procures,quod
476 1230 516 1276 est
532 1223 612 1276 totius
622 1222 829 1277 Christianitatis
846 1222 920 1276 salus

120 1319 146 1366 et
168 1309 301 1380 perfectio
329 1326 403 1367 vera.
424 1308 495 1364 Nam
526 1309 648 1364 sialiter
677 1310 784 1376 feceris,
814 1326 864 1364 rios
887 1327 918 1363 ex

119 1398 268 1469 apostolica
277 1397 435 1454 arroteritatc
451 1398 528 1452 alteri
542 1399 669 1469 episcopo
684 1397 823 1468 praefatam
835 1399 919 1453 eecle-

120 1486 188 1542 siam
215 1487 250 1540 nd
287 1486 488 1539 restaurandum
518 1497 542 1541 et
572 1487 702 1541 canonice
738 1487 917 1541 onliuandum

119 1573 213 1643 procul
230 1573 312 1627 dubio
329 1574 535 1628 connnittemus.
559 1575 625 1628 llata
641 1590 690 1628 ιιιιι
709 1574 846 1629 Kalendas
861 1576 917 1628 De-

120 1661 247 1716 cambris.

437 1764 590 1818 celxtttt.

262 1866 297 1904 an
313 1867 520 1919 rrtuononteuu,
531 1868 692 1910 unontctuu.
710 1869 770 1905 erc.

431 1925 522 1982 (huno
537 1924 612 1979 Sili

121 2021 248 2085 Ostendit
264 2021 423 2086 rtrulierem,
440 2037 500 2092 qnae
512 2020 684 2092 triruinisque
698 2025 793 2076 coartet
809 2022 918 2089 relipio·

155 2100 216 2147 auru
233 2090 360 2145 lilibitana
375 2095 546 2162 susceperat,
570 2091 606 2144 ad
620 2095 683 2145 vota
705 2091 842 2145 seruanda
860 2107 915 2153 raon

156 2162 267 2224 teneri,-
281 2162 367 2232 hujus
392 2166 488 2216 ttamen
512 2176 627 2216 euersam
642 2162 702 2215 illis
727 2161 917 2229 ttefiaiendarn

155 2232 318 2286 committit.
343 2233 417 2298 Quod
432 2234 457 2286 ri
475 2247 529 2302 qao
551 2234 663 2286 ortatur
684 2233 847 2301 difficultas,
873 2248 917 2287 eos

155 2304 199 2357 oet
213 2318 311 2358 eorum
325 2304 427 2372 tenatos
446 2318 510 2356 cum
530 2303 590 2373 ipsa
606 2303 804 2358 inteliercadse
824 2303 918 2356 terrare

151 2372 242 2443 jubet.

154 2460 334 2515 Tituononmo
352 2458 455 2527 Teatio,
484 2462 618 2514 lleonmro
641 2461 776 2524 Firmano,
802 2461 917 2527 lonast,

118 2548 274 2618 aprutiensi
289 2555 315 2602 et
331 2549 477 2603 Heluotse
492 2547 621 2602 Pinnensi
637 2548 782 2618 episcopis.

154 2632 286 2703 Quadam
315 2644 466 2692 vestrarum
493 2636 648 2690 ‹lioencseon
672 2636 781 2700 femina,
808 2637 917 2691 nomine

971 427 1100 482 mittimus
1125 437 1163 491 ut,
1178 430 1206 483 in
1221 446 1305 484 unum
1327 430 1532 498 contrementes,
1559 431 1649 502 ipsius
1669 431 1775 493 semime

971 531 1080 570 causam
1091 518 1241 572 secundum
1251 518 1338 573 Deum
1354 518 1516 587 discutiatis,
1532 529 1558 575 et
1573 535 1770 591 omnemsuper

971 605 1020 659 hac
1036 605 1207 675 querimonia
1227 606 1365 661 veritatem
1381 607 1474 662 subtili
1499 608 1681 680 indagatione
1696 625 1768 680 rape·

971 691 1082 758 riculae,
1107 695 1141 748 ad
1158 694 1288 765 liquidum
1312 693 1419 750 finiatis.
1446 697 1642 751 Verumtamen
1664 696 1767 769 dignun

970 797 1023 835 non
1055 798 1116 836 esse
1141 783 1277 837 sancimus
1300 791 1328 836 nt
1347 784 1442 855 jugum
1471 786 1515 840 cui
1546 799 1604 839 non
1634 800 1684 840 suo
1712 802 1767 854 pro

970 871 1059 940 posito
1084 878 1167 935 mota,
1193 872 1240 925 sed
1267 872 1413 927 ambitione
1437 881 1462 927 ot
1486 873 1620 928 violentia
1644 887 1767 944 oppressa

971 959 1082 1013 subacta
1100 967 1151 1023 est,
1178 969 1287 1029 portare
1308 969 1431 1031 cogatur,
1449 961 1511 1033 quin
1527 969 1554 1015 et
1570 971 1686 1017 sanctus
1707 977 1768 1032 papa

971 1046 1121 1117 Gregorius
1135 1047 1162 1100 in
1178 1048 1292 1118 epistola
1317 1034 1351 1103 ad
1376 1048 1554 1104 Athanasium
1579 1048 1630 1121 [at.
1663 1053 1767 1103 Anasa-

971 1134 1051 1206 sium]
1065 1135 1255 1207 presbyterum
1276 1137 1395 1203 isauria,
1421 1136 1490 1191 inter
1506 1145 1605 1192 caetera
1619 1137 1657 1192 ita
1672 1136 1767 1192 refert:

970 1223 1063 1294 lscpist.
1080 1223 1127 1277 lib.
1145 1240 1172 1289 r,
1190 1224 1269 1293 epist.
1287 1226 1342 1288 aa).
1367 1222 1528 1295 Quanquam
1546 1241 1580 1280 ea
1604 1241 1668 1296 quae
1683 1225 1709 1279 vi
1724 1225 1766 1279 irn-

969 1311 1101 1379 pulsionis
1126 1310 1201 1375 liunt,
1219 1328 1352 1367 canonum
1374 1313 1485 1368 minime
1509 1329 1630 1368 censura
1654 1314 1768 1384 recipiat,

969 1407 995 1453 et
1007 1400 1066 1467 jure
1082 1400 1231 1454 habeantur
1247 1398 1353 1455 infirma
1368 1401 1430 1473 quie
1445 1401 1504 1471 ipse
1520 1416 1555 1456 ea
1576 1401 1715 1465 dissoluit,
1730 1402 1768 1472 qui

969 1487 1096 1555 injustum
1120 1488 1199 1544 fateri
1220 1488 1366 1561 compellit,
1384 1489 1432 1543 sed
1456 1489 1547 1561 magis
1562 1488 1610 1544 illa
1625 1498 1670 1544 est
1691 1490 1769 1545 susci·

967 1575 1067 1646 piendn
1082 1585 1107 1630 et
1123 1575 1312 1648 amplectenda
1332 1576 1478 1643 confessio,
1497 1593 1559 1649 quau
1575 1594 1609 1632 ex
1626 1585 1769 1648 spontanea

931 1672 1132 1750 Bmonstratur
1147 1664 1282 1719 uoluntate
1305 1666 1464 1735 procedere.
1483 1666 1517 1719 Et
1532 1683 1632 1720 rursus
1648 1666 1769 1736 scripturn

969 1760 1025 1807 est:
1043 1754 1204 1808 lhlunturie
1218 1753 1379 1822 sacrificabo
1395 1754 1446 1808 tibi
1455 1754 1545 1823 (Prot.
1558 1754 1619 1825 ιιιι)
1630 1772 1638 1819 ;
1651 1761 1678 1808 et
1688 1753 1767 1809 alias:

973 1842 1136 1896 l'oleutario
1146 1843 1202 1896 oris
1216 1844 1273 1896 mci
1284 1843 1460 1914 terreplncita
1470 1844 1529 1912 tac,
1547 1843 1672 1898 Domine
1685 1842 1767 1912 (Psat.

967 1930 1076 1997 exeun).
1093 1929 1179 1983 Porro
1192 1930 1248 1999 jam
1264 1929 1316 1985 lato
1326 1929 1425 1983 loanni
1440 1930 1597 1984 reverendo
1614 1930 1767 1999 Aprutiensi

967 2017 1077 2070 antistiti
1103 2016 1182 2071 ctiam
1204 2017 1296 2071 uerbis
1317 2016 1482 2085 injunximus
1503 2025 1544 2086 ut,
1574 2018 1664 2073 ascita
1686 2026 1769 2072 vestra

967 2105 1144 2170 fraternitate,
1161 2121 1242 2160 omne
1258 2104 1351 2159 dehac
1367 2122 1397 2159 re
1407 2105 1548 2176 negotium
1564 2105 1709 2161 vobiscum
1724 2121 1768 2176 pa-

967 2193 1035 2247 riter
1050 2193 1168 2259 ventilet,
1179 2200 1205 2247 et
1220 2192 1359 2254 canonico,
1372 2193 1440 2248 sieut
1451 2192 1645 2263 praediximus,
1661 2191 1768 2246 diffinire

967 2289 1103 2351 procuret.
1130 2280 1216 2351 Super
1240 2297 1293 2351 quo
1309 2281 1331 2335 si
1346 2279 1436 2352 aliqua
1458 2280 1627 2352 ambiguitas
1652 2279 1768 2336 fortassis

968 2368 1117 2438 enterserit‚
1134 2378 1196 2424 tnnc
1207 2368 1336 2438 jubemus
1351 2378 1377 2422 at
1393 2376 1438 2422 aut
1453 2384 1511 2434 vos,
1529 2377 1577 2423 aut
1592 2368 1678 2423 uestri
1692 2367 1767 2440 legati

967 2457 1041 2511 sices
1062 2465 1167 2511 vestras
1190 2465 1314 2528 agentes,
1341 2473 1404 2511 cum
1418 2457 1513 2510 cadem
1543 2455 1649 2511 femina
1673 2456 1767 2511 nostris

967 2545 1175 2615 presentialiter
1205 2544 1343 2600 obtutibus
1376 2551 1593 2614 praesententur,
1625 2553 1654 2598 ut
1681 2559 1766 2599 coram

968 2633 1046 2688 nobis
1067 2633 1123 2700 jum
1148 2632 1305 2704 diligentius
1327 2632 1416 2685 omnis
1439 2631 1476 2685 rei
1497 2632 1602 2687 raritas
1625 2632 1768 2703 inquiratur

118 2724 296 2779 Theodoreus
311 2723 345 2780 de
362 2725 491 2789 Viuelata,
518 2724 613 2779 relicta
638 2724 776 2794 quondam
791 2724 915 2794 l'resigii.
968 2729 993 2772 rt
1009 2720 1142 2791 serperitntis
1156 2720 1252 2792 regula
1274 2720 1441 2774 terminetur.
1459 2719 1604 2774 Postremo
1618 2720 1642 2773 si
1656 2718 1766 2790 pensate

118 2811 211 2868 sedern
238 2812 414 2882 apostolicam
446 2819 622 2882 nostrumque
647 2811 725 2865 sinrul
751 2811 917 2882 pontificium
968 2808 1076 2862 feminae
1091 2809 1199 2879 aliquod
1215 2807 1348 2862 insidioso
1372 2808 1508 2875 objectum
1522 2806 1632 2862 odmen
1647 2822 1765 2878 quoquo·

118 2890 223 2967 adiens,
249 2907 343 2970 questa
368 2907 409 2953 ost
424 2900 502 2954 nobis
525 2900 608 2970 quod,
626 2899 683 2954 rire
707 2915 756 2954 suo
777 2898 915 2967 defuneto,
968 2898 1050 2950 mode
1065 2895 1151 2957 luerit,
1178 2911 1236 2963 ros,
1254 2896 1311 2950 Deo
1336 2911 1394 2964 pree
1409 2894 1496 2950 oculis
1520 2894 1628 2960 habito,
1645 2895 1696 2950 hoc
1717 2909 1765 2948 non

117 2984 241 3041 uelamen
255 2985 307 3040 sibi
322 2986 509 3041 sacrihabitus
524 2986 558 3053 ab
568 2987 689 3054 ejusdem
706 2987 755 3040 viri
771 2986 812 3040 sui
827 2985 918 3040 fratris
969 2984 1133 3043 admittatis;
1151 2991 1176 3037 et
1192 2983 1214 3036 si
1230 2992 1373 3038 accusator
1398 2982 1469 3037 illius
1483 2982 1511 3036 in
1526 2998 1575 3036 sua
1591 2982 1766 3038 obstinatione

116 3073 243 3130 duntaxat
258 3073 367 3144 gomani
383 3072 418 3139 vi,
435 3089 489 3128 non
509 3073 609 3129 scilicet
627 3073 770 3129 dilectione
783 3074 844 3128 uitro
858 3074 917 3144 spi·
967 3071 1158 3141 permanserit,
1177 3080 1228 3125 tarn
1243 3078 1371 3127 accusata
1394 3087 1476 3142 quam
1500 3056 1648 3126 accersatur
1669 3071 1698 3125 in
1720 3084 1765 3124 no·

117 3161 231 3230 ritualis,
248 3161 298 3216 sed
312 3161 459 3217 ambitione
484 3162 649 3233 praediomm
663 3161 745 3227 ducti,
761 3162 917 3233 impositum
968 3168 1052 3214 stram
1068 3175 1129 3214 cum
1144 3159 1243 3213 vestris
1258 3159 1360 3229 pariter
1381 3158 1472 3212 missis
1492 3159 1652 3214 accelerent
1673 3173 1764 3229 prope-

116 3248 207 3314 fuerit,
226 3250 326 3320 etipsa
349 3249 495 3322 plurimum
518 3250 638 3307 renitens
662 3258 756 3305 contra
778 3250 917 3321 propriam
968 3265 1027 3302 rare
1055 3247 1236 3317 praesentiam.
1271 3247 1461 3303 Verumtamen
1488 3247 1512 3300 si
1541 3255 1689 3303 accusator
1714 3247 1765 3314 ejus

117 3339 302 3410 sponsionem,
325 3338 770 3410 pollicitationem,expetitionem,
803 3338 916 3394 electio·
967 3334 1164 3404 deluerit,jam
1186 3335 1232 3389 illa
1246 3335 1358 3390 crimine
1379 3333 1426 3389 illo
1450 3349 1544 3389 coram
1558 3335 1642 3390 nobis
1662 3335 1764 3391 ueniens

118 3426 383 3498 nem,prop0situm,
400 3435 582 3498 autumatque
597 3435 774 3497 spontaneum
786 3426 915 3495 judicium
967 3440 1021 3478 non
1050 3423 1201 3484 tenebitur,
1237 3423 1385 3478 secundum
1412 3421 1643 3495 carthaginensis
1667 3422 1763 3478 concilii

118 3515 177 3571 sine
192 3512 381 3570 bencdictione
397 3515 547 3570 sacerdotis
562 3513 634 3569 idem
649 3514 773 3568 uelamen
789 3529 918 3584 suscepc-
967 3529 1068 3566 nonum
1097 3511 1231 3566 decimum
1259 3511 1426 3581 capitulum,
1456 3510 1493 3564 ita
1522 3510 1652 3582 inquiens
1676 3511 1759 3580 (aar.

117 3603 161 3660 rit.
179 3602 261 3672 Cujus
276 3603 474 3674 professionem
489 3619 579 3659 coram
595 3603 765 3674 coepiscopis
781 3611 807 3658 et
822 3603 916 3657 fratri·
969 3601 1064 3656 Carth.
1080 3615 1121 3665 ιιι,
1138 3616 1198 3670 cap.
1216 3600 1244 3670 ll
1261 3617 1268 3653 ι
1285 3602 1434 3654 Accusator
1448 3599 1506 3667 ejus
1524 3598 1547 3653 si
1561 3615 1698 3670 nunquam
1712 3597 1760 3652 die

117 3692 168 3748 bus
182 3690 283 3745 nostris
297 3691 478 3757 conferentes,
494 3691 683 3762 inquisivimus
708 3691 789 3746 etiam
804 3690 917 3745 idoneos
967 3689 1019 3743 bus
1046 3703 1135 3743 causae
1164 3687 1288 3742 dicendae
1312 3686 1475 3750 deluerit„a
1498 3687 1691 3743 communione
1715 3699 1758 3740 noa

118 3779 191 3837 viros
205 3776 393 3850 Optcramum,
414 3778 599 3848 Scattoimum,
624 3778 815 3844 Erfomarium,
832 3783 916 3833 Arne·
968 3785 1160 3841 removeatur,
1190 3776 1312 3830 restituto
1342 3775 1368 3827 in
1396 3773 1593 3830 communione
1628 3782 1754 3832 accusno.

118 3866 198 3922 deum
223 3874 249 3920 et
271 3867 415 3935 cerisium,
442 3867 546 3923 ricinos
562 3866 665 3922 scilicet
690 3867 774 3937 ipsius
799 3865 915 3931 feminae,
968 3865 1026 3934 ipse
1049 3861 1435 3919 remoraturacommunione
1460 3870 1619 3918 accusator.
1646 3864 1710 3917 Data
1727 3874 1754 3913 m

119 3954 164 4024 qui
179 3969 242 4009 casu
255 3961 404 4025 praesentes
418 3955 541 4018 aderant,
552 3963 642 4009 utrum
658 3972 687 4010 se
697 3956 733 4008 ita
744 3971 788 4009 res
804 3955 917 4009 haberet
968 3951 1106 4006 Kalendas
1121 3950 1289 4016 Decembris,
1306 3950 1453 4005 indictione
1469 3965 1533 4004 ιιιιι.

118 4056 152 4095 an
167 4055 231 4095 non.
248 4039 301 4096 Sed
317 4040 425 4096 illinon
441 4042 529 4096 solum
544 4042 580 4096 ita
595 4042 678 4097 luisse
694 4041 827 4098 testificati
843 4052 914 4108 sunt,
1277 4081 1434 4137 (cmm

118 4144 212 4183 verum
235 4127 315 4183 etiam
332 4128 418 4199 parati
442 4129 601 4184 exstiterunt
617 4145 725 4184 omnem
749 4147 831 4201 super
848 4132 917 4185 hanc
1177 4116 1355 4224 unnim}
1382 4123 1528 4223 mhnffl
1555 4184 1608 4224 W

118 4232 229 4275 causam
253 4216 467 4273 satisfactionem
490 4217 664 4287 praemittere.
686 4218 741 4273 Nos
763 4219 846 4290 igitur
867 4219 916 4271 ha-
1128 4186 1163 4224 ’ω
1360 4212 1366 4233 ’
1532 4213 1539 4233 ’
1602 4209 1617 4223 ”

116 4304 213 4362 bontas
227 4304 353 4362 eumdem
368 4323 449 4378 quem
464 4314 490 4360 et
501 4314 594 4377 patros
608 4306 693 4361 nostri
706 4306 831 4377 spiritum
842 4303 915 4374 fidei,

117 4403 144 4450 et
158 4411 209 4467 per
223 4395 339 4470 gratiam
354 4395 462 4460 Christi,
480 4394 567 4448 zelum
579 4394 699 4463 justitiae,
723 4395 817 4450 eadem
834 4384 956 4465 superi)

118 4483 238 4555 legitime
249 4482 345 4540 velatis
361 4499 422 4554 quae
435 4490 462 4537 et
477 4482 513 4536 illi
524 4483 655 4536 sentimus
670 4483 821 4554 euclemque
831 4482 918 4537 omni-

118 4588 154 4629 no
167 4571 358 4637 ‹lecernimus3
375 4579 400 4626 ct
416 4571 489 4643 quod
504 4586 557 4624 non
573 4571 682 4641 propria
698 4571 846 4640 uolunt-ate,
864 4587 917 4625 nou

118 4661 240 4725 arbitrio,
256 4675 311 4715 iton
325 4668 398 4725 roto,
420 4674 474 4713 non
489 4657 606 4728 expretitu
623 4658 666 4712 rel
682 4667 831 4729 spontaneo
844 4659 918 4727 judi-

119 4749 171 4814 cio‚
189 4748 253 4818 qtrhr
268 4748 358 4820 potius
383 4756 478 4802 coacte
493 4746 652 4810 admittitur,
678 4749 841 4801 cassandum
858 4763 919 4802 esse

119 4837 257 4890 sancimus
274 4855 280 4890 z
297 4836 434 4906 praecipue
459 4852 521 4891 cum
543 4836 601 4890 haec
624 4835 718 4890 carlom
744 4835 842 4889 lernina
864 4852 918 4889 non

118 4924 170 4979 uisi
185 4924 266 4978 minis
285 4925 434 4995 perterrita,
455 4923 516 4994 plus
542 4924 630 4978 minus
646 4924 740 4978 dielms
765 4923 918 4994 ‹prindecitu

118 5014 189 5068 idern
207 5012 329 5067 uelamen
344 5022 467 5085 gestasse
482 5030 512 5067 se
522 5012 629 5075 dixerit,
647 5021 671 5067 et
687 5011 760 5066 ntdlo
776 5012 919 5067 sacerdote

120 5101 336 5156 benedictionem
364 5102 498 5155 trilmcnte
527 5103 578 5156 hoc.
601 5101 734 5156 uiolenter
757 5101 917 5170 susceperit.

120 5188 199 5258 Quod
223 5190 285 5246 licet
310 5190 345 5244 ad
367 5190 446 5260 hujus
467 5189 665 5244 absolutionem
691 5188 811 5244 sufficere
839 5205 919 5260 posse

51 5319 54 5325 ,
123 5293 273 5346 speremus,
289 5279 389 5349 quiesi
407 5278 441 5331 ita
457 5285 508 5345 est,
525 5279 606 5331 totius
625 5277 760 5333 violentiae
774 5293 806 5332 ao
821 5293 919 5331 treces-

123 5364 210 5417 sitatis
232 5367 348 5421 uinculis
369 5368 500 5427 absoluta,
525 5384 604 5421 suum
629 5367 740 5423 licenter
761 5375 786 5419 et
811 5366 920 5435 impune

124 5451 200 5521 sequi
215 5453 296 5506 debet
310 5455 462 5514 arbitrium,
479 5465 504 5510 et
521 5456 593 5526 quod
608 5471 661 5510 non
678 5454 769 5523 elegit,
785 5463 813 5508 ut
829 5453 920 5523 perfe-

1278 4259 1369 4329 tssdnno
1384 4258 1458 4326 879.)

969 4348 1099 4418 l’nreiptt
1115 4351 1147 4401 ut
1161 4346 1251 4417 tledus
1266 4361 1331 4401 cunr
1346 4346 1495 4401 Saracenis
1510 4347 1602 4400 ictum
1617 4344 1748 4418 rumpant:

1002 4420 1074 4489 quod
1085 4418 1142 4472 nist
1150 4418 1283 4471 Kalendis
1293 4417 1451 4472 Decembris
1460 4418 1597 4486 fecerint,
1610 4421 1651 4472 eis
1661 4426 1748 4471 esent·

1002 4490 1226 4543 aturricutionem
1234 4489 1373 4543 mitratur.
1385 4488 1536 4542 Pulcerem
1548 4487 1748 4544 ninnetnel'eu·

1004 4559 1119 4628 {terrulso
1137 4559 1268 4629 Capuano
1278 4558 1374 4628 judici
1388 4558 1551 4612 molestiam
1567 4559 1682 4628 interut.

1003 4667 1166 4718 arrianista
1178 4664 1307 4734 episcopo
1324 4662 1512 4732 Neapolitano,
1525 4664 1621 4717 Perna
1631 4663 1747 4733 episcop.

969 4769 1016 4807 seu
1032 4752 1150 4806 Ponatur
1171 4751 1342 4821 praefectorio
1368 4750 1541 4816 Amalfitana,
1567 4751 1693 4822 episcopo
1710 4747 1748 4801 Ca·

965 4841 1067 4909 jetano,
1089 4856 1137 4894 seu
1158 4839 1284 4904 Decibili,
1301 4848 1327 4893 et
1341 4841 1443 4893 lolam
1468 4839 1600 4909 gloriosis
1622 4836 1748 4908 hypatia·

968 4928 1090 4998 paribus

1006 5016 1100 5080 l‘udet,
1118 5023 1144 5068 ut
1161 5015 1197 5069 ita
1222 5016 1346 5076 dixerim,
1376 5012 1544 5085 pontificium
1574 5023 1691 5069 nosuum
1714 5021 1748 5062 tos

966 5106 1023 5173 jani
1038 5119 1211 5159 commonere
1228 5120 1309 5173 super
1324 5105 1374 5158 hoe
1405 5103 1477 5174 quod
1508 5111 1563 5156 tam
1592 5101 1748 5158 multotiest

970 5193 1048 5248 nobis
1064 5191 1219 5248 commoniti
1235 5191 1396 5261 resipiscere
1411 5190 1547 5256 noluistis,
1572 5199 1598 5246 et
1626 5207 1685 5247 aum
1707 5187 1749 5239 lleo

970 5280 1116 5335 odibilibus
1145 5279 1290 5334 Saracenis
1319 5278 1438 5334 habitum
1475 5287 1583 5349 pactum
1622 5276 1750 5333 dissolvere

970 5371 1102 5424 hactenus
1117 5367 1328 5437 contempsistis.
1354 5368 1453 5422 Verum
1468 5366 1532 5440 quia
1556 5376 1658 5439 quanta
1670 5362 1750 5421 crude·

971 5458 1075 5512 litatum
1103 5472 1214 5527 genera,
1240 5472 1270 5510 ac
1286 5456 1486 5511 desolationum
1500 5463 1585 5512 terrae
1603 5454 1680 5510 istius
1695 5449 1753 5509 ene
