3826 6098
164 185 217 239 633
533 181 654 239 OPUSC.
675 183 720 238 ET
749 181 857 238 EPIST.
884 181 922 235 IN
948 178 1061 238 CAUSA
1090 178 1262 236 HINCMARI
1285 180 1438 246 LAUDUN,
1765 186 1817 242 ddi

168 313 242 368 tibus
255 309 414 377 excitamus,
434 315 463 363 ut
486 308 637 366 secundum
652 306 871 363 venerandorum
886 320 968 360 cano-
982 305 1045 364 Aet
1060 304 1168 359 retinet.
1187 327 1198 352 n
1225 303 1312 374 Quam
1339 304 1473 375 synodum
1498 290 1688 362 sardicensem
1703 316 1817 379 aposto·

166 416 232 456 nurn
247 397 370 470 regulas,
386 397 423 450 ita
436 397 556 451 omnium
572 395 693 450 omnimo
703 393 975 464 comprovincialium
1021 393 1073 448 lica
1087 393 1168 448 sedes
1195 408 1245 464 per
1273 393 1368 448 Osium
1397 393 1612 462 cordubensem,
1641 401 1669 449 et
1691 395 1816 452 Gentium

166 496 273 543 tuomm
289 484 430 556 synodice,
446 483 521 540 salvo
546 491 649 539 sanctae
679 484 809 539 Romans
837 481 972 537 Ecclesiae
1023 481 1203 551 Capuensem‚
1219 488 1246 535 et
1273 480 1449 550 calepodium
1472 481 1681 553 Neapolitanum
1706 484 1816 554 episco-

166 573 321 647 privilegio,
340 587 449 627 reseces
464 571 537 639 vitia,
553 580 583 626 ut
593 571 731 643 privilegii
744 570 783 624 tui
793 584 883 625 coram
902 570 971 629 Deo,
1022 584 1082 638 pos,
1098 569 1289 625 suosricarios
1304 567 1497 624 confirmavit:
1518 577 1546 624 et
1568 571 1693 628 Ecclesia
1715 571 1817 628 nihilo-

168 670 318 733 nostroque
329 660 431 729 judicio
446 660 640 715 nonmerearis
651 659 941 727 sustinerejacturam.
959 677 970 706 s
1022 656 1110 711 minus
1132 656 1314 728 subsequente
1329 655 1518 713 confirmatam
1547 659 1633 713 tenuit
1656 675 1776 731 semper,
1792 667 1819 716 et

168 753 201 807 Et
226 749 290 820 quia
312 747 396 802 frater
420 747 583 802 Hincmarus
608 763 680 819 saepe
702 761 758 802 uon
784 747 812 801 in
841 746 972 801 canonico
1022 744 1128 800 retinet.

165 837 277 909 judicio,
295 850 347 891 nec
364 850 415 904 pro
438 835 520 891 certis
541 836 644 904 causis,
668 835 718 889 sed
742 850 792 905 pro
817 833 902 888 animi
929 833 971 888 sui

168 925 289 980 motibus
302 922 492 994 irregulariter
505 923 598 977 sedem
614 923 792 994 apostolicam
807 920 965 992 appellavit,
1162 905 1391 966 SENTENTIA
1412 907 1697 971 DEPOSITIONIS

170 1021 197 1069 et
215 1011 346 1084 prosequi
358 1011 567 1082 appellationem
580 1027 665 1078 suam,
681 1011 763 1065 etiam
784 1010 969 1082 irregularem
1244 1025 1380 1064 urucusur
1394 1025 1587 1067 asunuunusrs

173 1099 315 1173 neglexit:
336 1099 359 1154 si
370 1098 535 1170 regulariter
548 1114 619 1154 nunc
635 1099 774 1169 appellare
789 1098 913 1168 voluerit,
931 1097 971 1153 sic
1021 1107 1217 1162 Aofltmmaro
1232 1108 1449 1179 metropolitano
1472 1109 1622 1165 larsemensi
1642 1111 1675 1166 g„
1697 1111 1817 1170 comp-0

170 1188 307 1244 submisse
320 1195 348 1243 et
362 1194 513 1257 temperate
527 1186 620 1259 legum
634 1194 661 1242 et
684 1202 818 1242 canonum
848 1193 908 1241 sunt
924 1201 971 1241 ex·
1233 1179 1401 1233 duziacensi
1424 1182 1626 1250 pronuntiatu.

172 1275 322 1348 sequendae
336 1274 487 1341 sententia,
503 1282 572 1330 utet
587 1275 644 1345 ipse
659 1275 786 1330 comedat
799 1274 901 1329 fructus
916 1274 969 1330 vias
1201 1280 1281 1336 (apud
1290 1281 1373 1337 asub,
1384 1281 1472 1327 concil.
1486 1284 1545 1328 tom.
1556 1285 1630 1339 vill.)

168 1378 235 1430 suae,
252 1363 364 1434 suisque
379 1362 500 1418 consiliis
515 1370 659 1428 saturetur,
676 1371 702 1418 et
717 1363 797 1418 sedes
821 1362 971 1433 apostolica
1056 1360 1217 1415 llincmarus
1232 1362 1400 1418 Rbemorum
1414 1363 1634 1433 episcopusdixit
1650 1382 1656 1418 :
1672 1366 1818 1438 Nunquam

169 1450 321 1508 secundum
336 1465 430 1505 sacros
444 1466 571 1516 canones,
588 1459 617 1505 ut
641 1451 753 1521 dignum
777 1458 828 1520 est,
850 1451 970 1506 honore·
1021 1448 1119 1504 uellem
1146 1448 1173 1502 in
1197 1464 1258 1504 eum
1281 1466 1325 1504 me
1345 1451 1468 1519 judicare
1497 1458 1653 1522 oporteret;
1670 1460 1696 1508 et
1716 1455 1818 1510 utinam

168 1548 230 1606 tux-3
245 1546 273 1594 et
288 1553 338 1593 uos
356 1552 406 1608 pro
421 1538 598 1594 dissolutione
615 1538 748 1609 regularis
763 1538 914 1608 discipliuae
930 1555 971 1595 re
1019 1552 1070 1590 nec
1084 1536 1210 1591 ordinare
1225 1538 1394 1609 contigisset,
1411 1539 1446 1593 de
1462 1555 1516 1609 quo
1529 1555 1639 1610 semper
1647 1540 1734 1610 timui,
1745 1541 1820 1613 quod

167 1627 267 1700 dargui
280 1641 335 1681 nou
349 1642 515 1682 mereamur.
530 1627 599 1682 Nam
621 1627 655 1682 de
686 1627 868 1697 appellatione
894 1627 967 1682 Con·
982 1653 1008 1712 B
1021 1640 1093 1680 nunc
1121 1625 1210 1692 rideo,
1241 1633 1384 1697 postquam
1407 1643 1470 1681 eum
1494 1627 1545 1682 sibi
1567 1629 1697 1684 saeculum
1720 1628 1818 1700 rapuit,

171 1714 306 1770 staulinus
328 1717 400 1786 Aug.
421 1713 616 1769 adCatuliuum
641 1715 764 1770 decrevit
789 1715 841 1770 lroc
866 1716 963 1770 modo.
1022 1713 1088 1767 etei
1103 1712 1259 1783 frequenter
1279 1714 1408 1784 scripturn
1423 1715 1537 1785 praedixi
1555 1733 1561 1770 :
1578 1716 1631 1783 Qui
1654 1719 1760 1773 mentis
1774 1721 1818 1774 ert

170 1802 366 1858 «lforutorias
380 1802 533 1868 dilationes,
563 1802 803 1873 frustratoriasque
833 1819 889 1858 uon
917 1811 971 1858 tarn
1021 1801 1109 1867 darre,
1128 1805 1241 1857 conset
1257 1802 1289 1855 in
1299 1803 1409 1857 mulum
1420 1805 1495 1873 (Pro.
1506 1804 1613 1874 xxviii).
1627 1804 1681 1860 Sed
1690 1804 1823 1876 quiaipse

168 1889 367 1961 appellationes
382 1905 465 1961 quam
478 1888 679 1945 ludificationes
693 1890 800 1945 admitti
823 1906 879 1946 uon
902 1905 971 1946 con·
1022 1888 1074 1942 sibi
1085 1888 1217 1956 iudicium
1231 1887 1295 1943 ferri
1310 1891 1401 1960 exegit
1416 1908 1423 1944 :
1440 1898 1531 1945 vestra
1549 1892 1715 1947 unanimitas
1736 1891 1819 1962 dicat,

171 1979 254 2035 venit.
266 1978 415 2033 Namsicut
430 1979 500 2033 bene
518 1978 717 2048 appellantibus
730 1978 826 2049 negari
841 1978 972 2034 auxilium
1023 1976 1044 2030 si
1057 1991 1111 2048 ego
1123 1992 1174 2046 pro
1192 1977 1341 2046 praemissis
1368 1979 1458 2033 causis
1472 1978 1711 2047 eumjudicavero,
1727 1987 1819 2036 utrum

168 2082 224 2122 non
237 2072 364 2137 oportet;
379 2066 416 2120 ita
432 2066 475 2120 bis
494 2072 590 2120 contra
618 2081 686 2136 quos
702 2065 798 2121 merito
822 2066 973 2135 judicatum
1023 2079 1072 2119 ros
1096 2063 1172 2118 illum
1187 2080 1293 2120 mecum
1316 2066 1480 2122 unanimiter
1503 2066 1669 2135 judicabitis,
1687 2082 1723 2122 an
1736 2068 1819 2124 noni

167 2164 218 2221 est,
234 2154 351 2209 inaniter
364 2153 575 2225 provocantibus
598 2151 703 2208 differri
720 2154 789 2209 bene
818 2162 895 2224 gesta
918 2169 974 2210 non
1022 2153 1057 2206 Et
1082 2151 1239 2223 singillatim
1266 2154 1402 2224 episcopis
1426 2154 1663 2224 respondentibus,
1689 2170 1720 2210 se
1743 2154 1818 2211 illum

168 2243 289 2298 decet.»
319 2243 354 2297 Et
375 2257 408 2296 ex
431 2241 653 2317 interpretatione
676 2241 747 2312 legis
777 2241 970 2309 Valentiniani,
1023 2256 1076 2294 una
1101 2255 1163 2296 cum
1192 2256 1225 2295 eo
1251 2242 1438 2308 judicaturos.
1465 2243 1628 2298 lliucmarus
1654 2243 1820 2299 llbemcrum

169 2329 303 2399 Valentis,
318 2337 345 2385 et
367 2328 489 2385 Gratiani
510 2330 580 2399 Aug.
598 2329 632 2383 ad
655 2328 798 2382 Claudium
814 2347 821 2383 :
837 2330 892 2385 Lex
922 2329 974 2384 ista
1025 2329 1170 2398 episcopus
1194 2328 1283 2382 dixit:
1300 2331 1333 2384 Et
1355 2338 1501 2401 postquam
1528 2346 1582 2403 ego
1595 2330 1699 2401 judicio
1723 2345 1823 2388 secun·

166 2421 219 2474 huc
229 2418 295 2474 dicit
310 2434 318 2472 ε
334 2417 500 2489 cronopium
516 2417 676 2487 episcopum
690 2432 706 2470 a
721 2416 813 2472 multis
837 2417 975 2488 episcopis
1024 2415 1089 2469 dum
1104 2431 1209 2470 morem
1236 2417 1451 2473 ecclesiasticum
1475 2419 1673 2488 subscripsero,
1699 2418 1822 2477 subscri·

165 2504 252 2562 fuisse
270 2506 438 2572 damnatum,
452 2512 479 2560 et
494 2505 631 2561 studuisse
646 2520 718 2570 eum,
744 2513 808 2561 ante
831 2505 973 2589 judicium,
1025 2503 1094 2558 betis
1122 2519 1229 2560 mecum
1251 2505 1340 2561 eidem
1360 2506 1486 2574 judicio?
1510 2507 1729 2577 Responderunt,
1756 2507 1822 2580 quia

165 2593 330 2651 sententiam
345 2610 406 2665 quac
419 2592 620 2664 proferebatur,
648 2593 830 2664 appellatione
860 2609 976 2665 suspen·
1026 2592 1176 2662 quodcum
1191 2609 1224 2647 eo
1248 2593 1436 2661 judicaverint,
1458 2610 1488 2650 se
1506 2594 1583 2662 juxta
1609 2610 1713 2650 morem
1728 2595 1818 2652 eccle·

166 2682 234 2738 dere
250 2699 258 2738 :
274 2697 290 2736 a
304 2698 358 2753 qua
373 2681 514 2749 sententia,
532 2681 596 2753 quia
603 2681 676 2749 juste
692 2681 797 2750 prolata
813 2679 909 2752 fuerat,
926 2698 976 2752 ap·
1026 2679 1163 2735 siasticum
1180 2679 1237 2734 fore
1251 2681 1465 2751 subscripturos.
1479 2682 1515 2737 Et
1535 2690 1598 2738 tunc
1613 2682 1690 2738 lecta
1715 2683 1822 2739 suntin

163 2770 272 2842 pellare
281 2769 392 2825 minime
400 2769 549 2824 debuisset.
566 2769 596 2823 lu
604 2784 658 2840 qua
669 2784 730 2823 eum
740 2767 817 2840 gravi
827 2769 936 2837 mulcta,
947 2770 975 2824 id
1026 2768 1131 2837 synodo
1146 2769 1181 2822 ab
1190 2768 1337 2839 adalgario
1347 2770 1462 2826 diacono
1473 2770 1615 2826 sententias
1627 2785 1771 2840 munuum,
1785 2771 1823 2828 ita

164 2866 207 2914 est
229 2857 426 2930 quinquaginta
451 2856 536 2911 libres
551 2857 656 2927 argenti
673 2857 811 2912 addictum
826 2856 911 2913 fuisse
932 2858 972 2914 di·
1027 2871 1060 2911 co
1081 2856 1188 2912 dicente
1200 2899 1206 2911 .
1220 2857 1395 2914 sardicenses
1410 2873 1530 2913 cantmes
1545 2858 1726 2914 decreverunt
1744 2860 1822 2928 (cust.

165 2947 213 3005 cit.
239 2945 306 3014 Qus
328 2952 419 3001 tamen
440 2960 547 2999 summa
566 2944 651 3015 ipsius
680 2945 798 3007 mulctae.
822 2961 877 3001 non
905 2945 973 3002 fisco
1029 2946 1057 3014 3)
1071 2962 1078 2998 :
1094 2967 1105 2992 u
1121 2945 1155 3000 Ut
1165 2945 1188 2999 si
1199 2943 1297 3016 aliquis
1307 2947 1451 3017 episcopus
1457 2946 1593 3015 iudicatus
1603 2945 1719 3002 fueritin
1732 2948 1825 3020 aliqua

164 3034 301 3106 prodesse
317 3035 395 3104 jussa
417 3040 468 3099 est,
485 3033 534 3088 sed
559 3033 728 3104 pauperibus
752 3034 867 3106 erogari.
895 3034 973 3091 Unde
988 2998 1117 3098 Gcarisa,
1135 3041 1160 3088 et
1174 3041 1251 3103 putet
1265 3049 1296 3088 se
1319 3034 1420 3090 bonam
1448 3050 1559 3090 causam
1579 3036 1692 3105 habere,
1714 3044 1744 3092 ut
1770 3037 1823 3093 ite·

162 3122 319 3194 apostolica
348 3121 428 3178 sedes
451 3121 599 3185 discernet,
616 3121 640 3175 si
660 3121 803 3192 appellans
828 3122 972 3194 episcopus
1023 3137 1081 3175 mm
1110 3121 1255 3177 concilium
1278 3131 1435 3189 renovetur,
1465 3123 1488 3177 si
1513 3124 1591 3180 robis
1619 3125 1710 3195 placet
1735 3126 1824 3183 sancti

162 3212 270 3267 bonam
281 3226 392 3267 causam
416 3210 536 3278 babebit,
561 3210 635 3265 velut
657 3209 780 3266 decrevit
808 3211 972 3268 Sardicense
1023 3209 1095 3264 Petri
1121 3211 1280 3265 memoriam
1309 3210 1486 3277 honoremus,
1511 3220 1540 3267 ut
1566 3213 1701 3269 scribmur
1724 3213 1759 3268 ab
1782 3213 1825 3269 bis

161 3298 316 3357 concilium
329 3299 405 3370 (ccc.
421 3299 450 3370 3)
467 3316 473 3354 :
492 3298 553 3364 «Si,
565 3298 701 3370 inquiens,
713 3299 812 3370 aliquis
827 3298 972 3371 episcopus
1023 3297 1070 3367 qui
1084 3312 1194 3352 causam
1215 3298 1409 3366 examinarunt,
1434 3298 1506 3353 lulio
1536 3300 1658 3355 Romano
1680 3300 1819 3372 episcopo,

144 3388 304 3458 ,judicatus
323 3386 403 3442 fuerit
417 3386 447 3441 in
457 3386 547 3459 aliqua
562 3401 654 3453 causa,
671 3394 698 3441 et
714 3394 791 3457 putat
814 3403 844 3441 se
872 3387 973 3444 bonam
1022 3394 1049 3440 et
1064 3385 1088 3439 si
1098 3385 1262 3453 judicaverit
1276 3386 1467 3441 renovandum
1488 3403 1551 3443 esse
1572 3389 1713 3456 iudicium,
1740 3403 1823 3445 reno·

161 3491 282 3534 causam
295 3475 406 3542 babere,
423 3482 450 3530 ut
471 3474 568 3530 iterum
592 3474 736 3530 concilium
760 3482 918 3542 renovetur,
950 3477 972 3532 si
1023 3480 1111 3541 vetur,
1133 3481 1160 3528 et
1183 3473 1230 3528 det
1246 3473 1353 3540 judices
1368 3492 1375 3528 ε
1391 3474 1415 3529 si
1435 3484 1530 3530 contra
1555 3475 1711 3546 probaverit
1739 3476 1823 3533 meni

157 3565 244 3620 vobis
285 3563 416 3634 placcat,
448 3563 536 3618 sancti
570 3563 641 3618 Petri
670 3562 787 3632 apostoli
812 3562 972 3620 memoriam
1023 3577 1085 3617 esse
1099 3576 1220 3629 causam,
1235 3571 1264 3617 ut
1279 3577 1334 3616 non
1356 3561 1521 3618 refricentur
1543 3580 1575 3619 ea
1588 3580 1649 3635 quae
1664 3571 1819 3631 actasuut;

154 3654 344 3718 honoremus,
359 3659 389 3706 ut
403 3650 539 3707 scribatur
553 3651 588 3705 ab
603 3651 646 3705 his
671 3651 718 3723 qui
743 3666 854 3706 causam
870 3653 972 3707 exami-
1023 3665 1084 3720 quac
1097 3649 1260 3715 decreverit,
1277 3649 1436 3706 confirmata
1450 3659 1540 3707 eruut.
1560 3675 1571 3701 a
1596 3653 1632 3708 Et
1647 3652 1820 3709 Innocentius

150 3745 277 3806 nerunt,
294 3738 365 3795 lulio
391 3737 514 3794 Romano
543 3739 673 3811 episcopo
700 3739 787 3795 :etsi
810 3740 973 3808 judicaverit
1022 3753 1093 3807 papa
1107 3738 1227 3795 decrevit
1243 3740 1335 3810 (epist.
1358 3739 1395 3810 t),
1411 3747 1466 3793 utr
1496 3739 1524 3794 si
1550 3741 1670 3811 maiores
1688 3741 1821 3798 causaein

148 3826 357 3886 morandum
370 3843 432 3884 esse
451 3827 592 3896 iudicium,
622 3834 778 3895 renovetur,
810 3836 836 3884 et
855 3828 902 3885 det
926 3829 972 3898 ju·
1022 3826 1113 3883 medio
1127 3826 1228 3882 fuerint
1241 3827 1386 3892 devolutae,
1402 3827 1542 3884 adsedem
1552 3828 1741 3898 apostolicam,
1752 3829 1823 3887 sicut

148 3918 253 3974 dices.
272 3915 302 3971 Si
315 3923 405 3972 autem
422 3915 581 3987 probaverit
605 3915 687 3971 talem
711 3932 772 3972 esse
798 3932 918 3986 causam,
944 3926 973 3973 ut
1023 3916 1144 3988 synodus
1168 3916 1270 3983 statuit,
1296 3924 1323 3973 et
1348 3925 1426 3972 vetus
1454 3917 1714 3990 eonsuetudolul„
1743 3918 1821 3976 bats

145 4021 221 4063 non
236 4002 401 4060 refricentur
424 4019 458 4060 ea
486 4020 548 4076 quae
576 4012 636 4060 acta
662 4012 725 4059 sunt
753 4022 845 4076 :quae
872 4006 971 4062 decre·
1022 4004 1157 4077 consuet]
1173 4004 1267 4077 exigit,
1277 4012 1339 4075 post
1350 4004 1482 4073 judicium
1492 4005 1648 4077 episcopale
1658 4005 1820 4064 referatur..

146 4093 245 4161 uerit,
272 4090 432 4148 confirmata
455 4099 543 4148 eruut.
569 4112 580 4142 s
605 4093 638 4147 Et
658 4092 723 4148 hinc
745 4091 773 4146 iu
797 4108 859 4150 can.
884 4096 971 4149 leti
1022 4094 1056 4148 Et
1071 4093 1226 4150 bonifacius
1238 4108 1308 4163 papa
1321 4092 1386 4148 dicit
1401 4093 1495 4165 (epist.
1512 4096 1541 4164 a)
1559 4095 1636 4150 :Nos
1664 4111 1714 4166 per
1728 4109 1824 4153 omues

144 4183 236 4239 ordo
265 4180 457 4251 appellationis
481 4180 601 4251 episcopi
629 4187 692 4250 post
717 4181 874 4252 episcopale
899 4182 972 4251 judi·
1024 4181 1180 4252 provincias
1194 4181 1300 4235 litteras
1315 4180 1477 4252 dirigemus,
1493 4198 1528 4236 nc
1552 4183 1757 4239 excusationem
1771 4182 1824 4239 sibi

139 4272 239 4329 tium
255 4269 483 4341 adapostolicam
506 4269 600 4325 sedem
628 4269 800 4326 describitur.
825 4269 910 4339 Quem
925 4286 971 4326 eo·
1023 4269 1204 4339 ignorationis
1216 4269 1279 4337 jure
1292 4268 1427 4323 Maximus
1442 4269 1579 4335 obtendet,
1601 4278 1630 4325 ut
1653 4270 1688 4325 ad
1712 4271 1823 4340 provin·

135 4360 228 4416 (lem
251 4357 336 4412 modo
360 4359 565 4429 exsequendum
586 4357 769 4421 Innocentius,
804 4358 968 4425 bonifacius,
984 4349 1093 4412 Dciam
1109 4357 1201 4412 venire
1224 4364 1348 4428 cogatur,
1365 4363 1392 4410 et
1405 4355 1460 4411 illic
1474 4372 1505 4411 sc
1526 4357 1673 4412 constituto
1699 4372 1823 4426 praeseu-

143 4457 186 4505 et
213 4447 276 4501 Leo
292 4444 317 4499 ie
332 4445 449 4500 decretis
464 4446 521 4500 suis
536 4461 568 4501 cx
584 4445 689 4502 eisdem
704 4446 790 4501 sacris
819 4447 970 4502 canonibus
1023 4445 1207 4513 tarejudicio.
1224 4443 1362 4513 Quidquid
1377 4450 1467 4499 autem
1480 4451 1570 4500 vestra
1587 4444 1706 4500 charitas
1720 4444 1755 4500 de
1769 4445 1822 4502 bae
1907 4478 1911 4487 ·

139 4532 602 4609 apertissimepromulgavemnt.
622 4535 734 4591 Undect
742 4534 867 4589 Gelasius
878 4535 971 4590 scribit
1022 4548 1104 4589 causa
1126 4533 1234 4588 duxerit
1258 4532 1472 4599 decernendum,
1498 4548 1562 4589 cum
1585 4532 1621 4587 ad
1642 4547 1694 4588 nos
1708 4531 1821 4590 relatum

143 4625 267 4698 (epist.
286 4621 331 4691 tt)
348 4639 355 4676 z
373 4643 384 4670 ι
403 4620 570 4677 confidimus
594 4623 666 4695 quod
695 4623 786 4677 nullus
810 4623 869 4691 jam
891 4638 972 4679 rera—
1023 4621 1112 4688 fuerit,
1137 4629 1239 4688 nostra,
1263 4629 1290 4676 ut
1314 4621 1458 4688 condecet,
1483 4636 1597 4678 necesse
1612 4629 1654 4677 est
1663 4621 1824 4678 auctoritate

130 4714 234 4772 citer
247 4709 420 4764 Christianus
433 4711 542 4783 ignoret
561 4710 773 4782 uniuscujusque
794 4710 891 4783 synodi
905 4725 971 4767 con·
1022 4709 1153 4765 firmetur.
1182 4710 1244 4765 »Et
1274 4709 1303 4766 S.
1326 4711 1380 4765 Leo
1409 4725 1482 4781 papa
1494 4709 1615 4766 decrerit
1637 4708 1732 4781 (epist.
1747 4708 1816 4781 ⁸⁷)=

129 4801 302 4862 stitutum,
327 4799 401 4869 quod
432 4798 592 4854 universalis
615 4799 747 4855 Ecclesia
773 4799 899 4870 probauit
927 4814 972 4854 as·
1024 4798 1081 4854 «si
1096 4815 1166 4870 quae,
1184 4798 1319 4870 inquiens,
1335 4798 1396 4854 aliae
1409 4798 1571 4854 emerserint
1586 4813 1686 4866 causas,
1703 4812 1764 4869 qua
1783 4797 1818 4855 ad

120 4901 267 4946 sensus
290 4886 391 4941 nullam
414 4884 482 4959 [ol.,
499 4902 553 4943 non
578 4887 707 4960 aliquam]
739 4888 827 4959 magis
858 4889 971 4960 exsequi
1022 4894 1121 4942 statum
1135 4887 1329 4955 Ecclesiarum,
1360 4895 1387 4942 et
1411 4886 1446 4941 ad
1467 4886 1644 4942 concordiam
1665 4886 1820 4957 pertineant

119 4978 262 5035 sedern
283 4982 411 5045 oportere
434 4974 499 5047 [cl.,
516 4991 573 5047 prae
596 4976 702 5032 caeteris
718 4975 867 5048 oporterel,
889 4991 971 5050 quam
1022 4976 1204 5041 sacerdotum,
1220 4975 1276 5030 illic
1299 4974 1350 5028 sub
1371 4973 1466 5029 timore
1479 4973 1588 5030 Domini
1603 4973 1729 5030 volumus
1752 4989 1819 5030 aen·

121 5066 288 5134 primam
311 5079 372 5135 quae
395 5071 422 5119 et
437 5079 657 5137 unamquamque
680 5065 813 5136 synodum
838 5081 887 5120 sua
924 5080 971 5120 au·
1022 5064 1144 5129 tilentur3
1174 5072 1200 5118 et
1223 5063 1258 5119 de
1277 5055 1474 5133 componendis
1487 5069 1568 5133 utque
1582 5063 1740 5133 compositis
1754 5077 1817 5118 orn·

104 5153 294 5210 ctoritate
322 5149 475 5220 confirmat,
491 5159 518 5207 et
533 5153 688 5208 continuata
712 5152 900 5209 moderatione
919 5168 963 5208 cu·
1021 5151 1100 5206 uibus
1124 5152 1159 5206 ad
1187 5167 1238 5206 nos
1261 5150 1358 5206 relatio
1376 5150 1458 5220 plena
1484 5150 1604 5205 mittatur
1620 5167 1627 5205 ε
1642 5158 1671 5205 ut
1698 5165 1732 5205 ea
1759 5165 1819 5222 quae

116 5239 261 5308 suomi,
289 5254 339 5309 pro
361 5255 411 5294 suo
445 5240 550 5297 scilicet
577 5241 739 5312 principatu,
770 5257 851 5312 quem
875 5240 971 5297 beatus
1018 5240 1094 5308 juxta
1110 5239 1297 5295 Ecclesiarurn
1307 5252 1413 5294 morem
1424 5238 1497 5307 juste
1516 5247 1543 5294 et
1552 5236 1750 5295 rationabiliter
1758 5236 1818 5294 fue·

117 5320 266 5387 Petrus
300 5327 440 5397 spostolus
475 5322 586 5384 Domini
613 5344 680 5385 soce
716 5336 886 5400 perceptum,
914 5328 970 5383 Rc·
1021 5327 1072 5381 rint
1095 5325 1218 5393 diffinita,
1247 5333 1339 5383 nostra
1367 5327 1435 5399 lul,
1452 5325 1522 5400 mes]
1547 5340 1655 5397 quoque
1684 5325 1819 5384 senmntia

109 5415 252 5474 elesia
276 5413 453 5472 nibilominus
473 5421 666 5492 subsequente,
683 5424 710 5474 et
739 5416 825 5497 tenuit
848 5430 967 5488 semper,
1020 5415 1222 5470 roborentur.»
