3794 6104
145 228 197 283 999

656 230 684 286 S.
701 229 878 287 REMBERTI
891 229 1071 289 HabeURG.
1083 178 1191 290 EPlei.
1255 226 1257 231 ⁴

1644 306 1652 317 ,
1735 241 1799 298 tort

143 355 192 410 sed
205 356 324 426 aequales
347 355 430 411 fuisse
454 354 558 410 meritis
576 355 698 424 credere,
715 372 784 427 quos
808 340 834 411 et
858 356 939 410 unius
954 356 1128 429 Agloriosus
1142 375 1188 414 rex
1204 359 1302 414 direxit
1316 361 1350 415 ad
1370 361 1548 418 liudbertum
1564 363 1797 435 Mangontiensem

143 441 207 499 fidei
221 443 340 509 devotio,
357 452 383 499 et
398 444 520 513 ejusdem
536 442 618 498 officii
632 444 696 500 licet
710 444 828 499 diversis
842 453 947 516 tempo·

141 531 217 587 ribus
232 532 430 587 administratio
446 533 617 588 commendet
632 532 782 605 equaliter.
806 554 817 582 s

443 710 556 766 CAPUT
576 710 623 765 xl.

177 834 340 907 Quanquam
368 835 459 908 igitur,
486 835 554 890 sicut
573 850 645 889 nuno
675 833 802 899 diximus,
832 842 943 889 sanctus

139 924 259 995 pontifex
287 940 341 979 non
365 924 482 978 libenter
499 923 570 989 aliis,
599 920 768 993 prooffcnsa
789 937 884 977 eorum
899 922 942 977 vi-

138 1014 228 1078 tanda,
245 1014 279 1067 de
295 1028 454 1068 successuro
469 1012 519 1066 sibi
549 1010 651 1081 aliquid
667 1009 770 1064 referre
786 1010 916 1064 voluisset
932 1028 940 1074 ς

138 1119 172 1157 ne
188 1118 265 1157 suam
293 1109 382 1156 tamen
411 1117 491 1171 poene
511 1100 538 1154 in
571 1099 697 1154 omnibus
722 1098 861 1154 conscium
891 1099 941 1154 bae

137 1191 227 1263 gratia
241 1191 268 1243 in
285 1191 337 1244 line
362 1189 548 1253 defraudaret,
578 1186 667 1241 triduo
696 1196 759 1241 ante
782 1187 870 1241 obitus
898 1185 940 1240 sui

137 1280 210 1336 diem
238 1279 343 1350 aperuit
369 1286 502 1333 secretum
527 1293 605 1330 suum
628 1276 688 1330 viro
715 1276 764 1329 Dei
781 1275 937 1341 llemberto,

136 1369 209 1441 quod
223 1376 285 1439 post
299 1383 329 1420 se
339 1366 451 1420 deberet
466 1364 501 1419 ad
516 1363 686 1435 pontificatus
706 1363 811 1433 apicem
827 1378 938 1433 promo-

53 1523 54 1529 ,
136 1457 204 1513 veri.
221 1458 290 1510 Tum
305 1456 350 1509 ille
364 1453 443 1509 reniti
459 1453 540 1523 coepit
567 1453 601 1506 ad
615 1461 718 1506 tantum
747 1451 936 1517 ministerium,

136 1561 188 1601 nec
202 1545 304 1600 viribus
318 1559 369 1599 nec
379 1542 484 1597 meritis
492 1558 522 1597 se
536 1541 663 1596 idoneum
678 1556 739 1595 esse
753 1540 935 1611 proclamans.

136 1633 185 1688 Cui
200 1641 309 1688 sanctus
322 1631 467 1702 episcopus
488 1629 537 1684 Dei
565 1628 771 1700 dispositionem
786 1644 847 1682 esse
862 1644 937 1683 com-

996 446 1243 518 archiepiscopum,
1260 464 1338 521 aquo
1345 449 1423 518 jussu
1438 451 1496 520 ejus
1512 450 1549 506 ita
1560 459 1604 506 est
1614 462 1796 519 consecratus,

995 542 1024 587 ut
1038 535 1151 605 provide
1167 543 1255 590 actum
1270 536 1314 605 sit,
1330 546 1462 608 quatenus
1476 539 1504 592 in
1519 539 1691 607 adjutorium
1706 557 1800 598 conse·

995 622 1130 687 erationis,
1149 639 1204 678 non
1220 624 1300 679 unius
1314 627 1484 697 metropolis,
1511 628 1562 682 sed
1592 643 1712 699 quarum
1740 646 1800 686 con·

994 711 1117 766 venirent
1132 711 1309 785 suffraganei,
1319 714 1487 770 Liudhardus
1498 715 1629 772 videlicet
1646 717 1798 773 Paderbnr·

993 798 1085 855 nensis
1100 799 1254 871 episcopus,
1283 803 1423 872 pertinens
1438 805 1473 859 ad
1487 804 1683 877 lfaguntiam3
1700 814 1727 860 et
1736 823 1800 877 pre·

993 885 1063 941 fatus
1071 887 1232 944 Thiadricus
1241 887 1429 963 suffraganeus
1445 892 1649 964 archiepiscopi
1660 893 1796 950 Colonien-

992 975 1053 1029 sis:
1071 991 1138 1046 quos
1151 976 1187 1030 ita
1202 977 1352 1048 permistim
1368 980 1464 1035 adesse
1490 980 1593 1036 idcirco
1622 982 1737 1052 placuit,
1769 991 1796 1038 ut

992 1072 1047 1117 tam
1061 1064 1142 1133 hujus
1157 1066 1369 1122 consecrationis
1384 1068 1463 1138 actio,
1495 1085 1579 1141 quam
1607 1071 1692 1125 etiarn
1707 1072 1793 1127 domni

991 1151 1119 1222 Ansgarii
1134 1153 1258 1223 primitus
1272 1155 1306 1208 ad
1321 1156 1413 1211 sedern
1427 1157 1515 1226 ipsam
1531 1157 1616 1212 simili
1631 1159 1715 1215 modo
1730 1159 1793 1215 facta

990 1238 1132 1306 ordinatio,
1149 1241 1298 1314 insignum
1314 1253 1405 1298 esseut
1420 1243 1517 1299 futuris
1533 1247 1717 1318 temporibus,
1727 1248 1792 1319 quod

989 1328 1022 1381 ad
1037 1328 1138 1383 nullam
1154 1330 1312 1385 nominatim
1336 1333 1586 1389 conditecesitatem
1612 1351 1791 1406 quorumcun-

989 1432 1041 1486 que
1056 1417 1247 1489 episcoporum
1261 1420 1393 1490 pertineat
1419 1422 1453 1475 ad
1476 1422 1550 1478 hanc
1577 1423 1676 1479 sedem
1698 1439 1789 1480 conse·

988 1519 1068 1560 crare
1083 1506 1251 1577 episcopum,
1272 1508 1320 1563 sed
1336 1516 1448 1574 tantum,
1465 1518 1493 1565 ut
1507 1510 1641 1576 diximus,
1672 1513 1789 1583 palatina

987 1593 1039 1648 hoc
1054 1595 1230 1649 commissum
1246 1596 1280 1649 sit
1293 1597 1453 1666 prudentie,
1471 1599 1561 1656 donec
1575 1600 1787 1656 consecrantium

135 1737 291 1778 memorans
306 1720 379 1791 quod
393 1719 445 1789 ipsi
460 1718 594 1788 praedixit,
610 1724 797 1787 competentes
813 1716 936 1771 admoni—
951 1698 1118 1765 Bnumerus
1134 1699 1169 1739 ⁰¹¹
1181 1684 1484 1757 ssefl¹ib¹¹⁵⁵¹¹pl³¹²³¹¹¹r·

135 1810 224 1865 tiones
242 1809 371 1879 adjunxit,
397 1807 469 1879 quod
489 1822 566 1860 suam
590 1805 755 1862 voluntatem
779 1805 813 1860 ad
837 1805 936 1861 divinae

135 1896 320 1969 dispositionis
331 1896 461 1965 judicium
477 1895 615 1950 inflectere
641 1894 762 1960 deberet,
776 1894 853 1962 juxta
868 1892 935 1948 illud

1288 1858 1399 1915 CAPUT
1417 1859 1479 1914 xit.

134 1986 206 2043 beati
219 1986 331 2041 Thomae
347 1984 463 2040 Domino
473 1983 588 2039 dicentis
599 2002 608 2039 .·
621 1982 752 2036 Dominus
760 1998 838 2036 meus
853 1997 884 2037 es
894 1990 933 2047 tu,
1021 1990 1121 2044 Heben
1136 1998 1225 2047 entem
1237 1990 1281 2046 nie
1296 1991 1484 2048 senensmmng
1499 1993 1619 2049 vinoljm
1635 1995 1688 2050 hoe
1703 2002 1784 2051 ,onum

132 2084 160 2132 et
174 2091 333 2148 egoservus
343 2082 415 2142 tuus,
427 2071 473 2127 liat
487 2072 613 2127 voluntas
627 2079 682 2125 tua.
695 2070 800 2126 ddbaec
813 2069 935 2143 glorioso
985 2078 1020 2132 de
1041 2094 1070 2133 se
1103 2078 1211 2144 laetum,
1238 2087 1266 2134 ut
1280 2087 1342 2151 post
1361 2081 1511 2136 discessum
1539 2083 1637 2138 domni
1664 2084 1783 2155 Ansgan'i

133 2164 281 2221 Ramberto
309 2163 388 2218 reniti
418 2162 461 2216 vel
484 2160 615 2216 contraire
643 2158 796 2215 constantia
822 2158 948 2226 defecit,
984 2167 1173 2223 mennehtemn
1188 2183 1250 2223 mox
1266 2177 1292 2222 et
1306 2169 1474 2239 propositum
1488 2169 1629 2242 acciperet
1657 2180 1684 2228 et
1713 2172 1783 2227 babi-

132 2254 242 2324 quando
257 2248 416 2323 episcopum
431 2249 559 2305 divinitus
575 2250 633 2304 haec
656 2248 795 2318 accepisse
819 2247 931 2302 sciebat.
984 2262 1050 2308 mm.
1064 2256 1142 2311 Unde
1171 2271 1232 2311 enm
1255 2256 1601 2315 eensssioeenseemnnnm
1626 2278 1654 2318 se
1679 2258 1783 2332 pontifi.

130 2343 188 2398 Nec
202 2338 427 2413 ullaambiguifas
443 2337 490 2393 suil
505 2338 578 2392 clero
588 2337 631 2392 vel
641 2336 742 2408 populo
755 2336 826 2390 infer
840 2336 934 2406 plures
983 2360 1055 2408 cum,
1072 2359 1135 2398 mox
1150 2351 1211 2415 post
1226 2344 1424 2400 ordinationem
1440 2346 1476 2401 ed
1501 2349 1701 2404 monasterium
1715 2364 1784 2405 notae

131 2431 166 2487 de
179 2429 312 2486 electione
330 2446 336 2483 :
353 2428 403 2482 sed
424 2427 483 2497 ipso
501 2442 565 2481 mox
587 2426 632 2480 die
647 2424 825 2496 depositionis
840 2423 933 2478 domni
983 2432 1105 2487 Corbeiae
1120 2447 1280 2503 properans,
1305 2441 1409 2489 vestem
1437 2434 1549 2506 quidem
1577 2436 1652 2491 illius
1675 2437 1783 2509 promis.

130 2518 260 2592 ansgarii
275 2517 451 2572 llembertum
466 2530 562 2570 omnes
582 2513 754 2570 concorditer
778 2513 930 2583 elegerunt.
983 2520 1068 2576 sienis
1093 2537 1126 2575 ex
1153 2521 1262 2592 integro
1290 2521 1418 2593 suscepit,
1448 2524 1672 2580 conversationis
1699 2533 1782 2581 auten

25 2618 31 2625 ’
129 2607 197 2663 Cum
217 2607 292 2677 cujus
307 2603 601 2675 concordtaepacmnd
616 2602 766 2674 gloriosum
782 2609 846 2655 tunc
861 2608 932 2655 lem·
982 2609 1055 2663 illius
1074 2608 1285 2679 promissionem
1304 2609 1338 2664 ita
1367 2608 1439 2677 iecit,
1466 2619 1495 2666 ut
1522 2614 1782 2670 conversationem

128 2697 204 2768 poris
219 2711 314 2767 regem
329 2693 494 2750 ludovicum
508 2692 679 2747 adduxerunt
693 2706 754 2746 euru
771 2688 822 2743 riri
832 2705 932 2744 venera
983 2713 1071 2763 enam,
1083 2706 1109 2752 et
1129 2697 1290 2753 stabilitatem
1318 2714 1426 2754 menum
1454 2715 1577 2766 suenum,
1602 2710 1629 2757 et
1656 2702 1781 2758 obedien.

39 2784 41 2788 ⁴
127 2784 208 2850 biles,
223 2782 381 2838 Thiadricus
395 2781 544 2836 blindensis
565 2780 696 2835 Ecclesiae
720 2778 875 2849 episcopus,
904 2785 932 2834 et
981 2785 1046 2840 tiam
1059 2786 1209 2841 secundum
1223 2785 1347 2859 regulam
1362 2786 1449 2843 sancti
1469 2788 1609 2845 Benedicti
1638 2791 1781 2856 exhiberet,

128 2871 293 2945 ddalgarius
307 2871 393 2925 abbas
408 2868 565 2923 monasterii
579 2866 792 2923 novaeCorbeiae
809 2884 815 2920 :
833 2881 930 2920 susce·
980 2874 1009 2928 in
1024 2873 1277 2945 quantumlaboret
1296 2874 1440 2946 occupatio
1467 2876 1590 2948 suscepti
1616 2878 1781 2949 ponhficatus

127 2968 244 3033 ptusque
259 2959 293 3014 ab
321 2974 354 3013 eo
376 2955 535 3021 honorilice,
566 2971 628 3010 cum
655 2953 818 3024 pontificalis
842 2953 931 3008 baculi
980 2962 1177 3035 permitterent.
1193 2962 1228 3017 Et
1241 2970 1269 3017 ut
1284 2961 1312 3017 in
1326 2963 1405 3032 hujus
1419 2964 1613 3034 promissionis
1626 2969 1726 3023 effectu
1740 2982 1781 3022 re·

122 3049 201 3117 iuxta
215 3063 318 3103 morem
334 3065 348 3101 a
363 3043 597 3101 commendatione
621 3043 795 3114 episcopatus
812 3050 853 3097 est
868 3056 926 3096 sor·
941 3056 966 3120 G
982 3051 1072 3107 meins
1087 3058 1267 3118 assuesceret,
1300 3050 1419 3122 aliquem
1447 3051 1481 3107 de
1508 3051 1642 3109 fratribus
1666 3055 1780 3125 ejusdcm

126 3138 190 3194 titus
218 3136 377 3193 dominium.
406 3135 438 3189 ln
465 3132 566 3191 chartis
598 3140 689 3187 autern
716 3130 928 3202 apostolicorum
978 3138 1136 3194 memmenni
1151 3138 1202 3193 sibi
1217 3138 1341 3209 preessent
1358 3139 1482 3213 regenne,
1499 3156 1562 3196 enm
1577 3157 1643 3214 qno,
1661 3142 1780 3215 qmejpei

125 3227 256 3283 Romanae
279 3225 352 3281 sedis
380 3222 548 3296 pontificum,
576 3238 592 3275 a
620 3220 718 3292 quibus
755 3218 928 3291 privilegium
959 3227 1004 3295 ,in
1020 3226 1185 3282 monasterio
1201 3241 1263 3283 esse
1276 3243 1331 3283 non
1342 3225 1428 3293 licuit,
1444 3227 1571 3284 solatium
1587 3230 1704 3286 haberet
1717 3230 1779 3287 assi-

126 3315 359 3387 archiepiscopale
374 3311 494 3368 sancitur
508 3310 566 3367 sedi
581 3326 664 3381 quarn
679 3318 743 3364 tune
757 3307 816 3379 ipse
832 3323 927 3363 susce·
976 3315 1037 3370 due
1051 3315 1115 3371 inde
1129 3314 1313 3370 meditationis
1323 3322 1350 3370 et
1364 3331 1445 3370 usum
1473 3317 1635 3373 continendi
1656 3335 1687 3375 se
1710 3319 1779 3389 juxta

16 3419 23 3427 ·
103 3404 173 3476 ,pit,
190 3405 270 3460 etiam
284 3403 337 3458 hoc
365 3401 547 3458 continetnra
564 3441 571 3468 ,
587 3398 689 3470 utquia
703 3404 815 3468 propter
829 3395 927 3451 novel·
976 3405 1151 3460 moderamen
1181 3403 1306 3471 regulare
1335 3403 1408 3476 quod
1435 3404 1570 3476 promisit.
1596 3407 1640 3462 td
1663 3407 1778 3480 quodsi

123 3493 178 3549 lam
197 3491 318 3562 ejusdem
340 3491 413 3546 sedis
428 3488 633 3553 institutionem,
663 3494 689 3542 et
717 3486 833 3542 necdum
861 3501 927 3541 con·
975 3493 1102 3565 deputari
1118 3492 1217 3564 placuit
1231 3491 1367 3565 insignem
1383 3494 1592 3550 conversatione
1605 3494 1707 3563 mmm,
1722 3511 1778 3570 gne.

123 3597 220 3637 versos
235 3581 269 3637 ad
285 3579 367 3636 fidem
386 3578 502 3651 populos
525 3575 693 3648 suffraganei
714 3590 771 3630 non
792 3575 928 3630 habentur
976 3581 1012 3636 du
1034 3581 1187 3647 diaconum,
1226 3580 1335 3636 nomine
1359 3580 1591 3652 Adalgariumd,
1622 3600 1776 3657 germanam

124 3670 255 3742 episcopi,
282 3686 298 3724 a
322 3669 420 3741 quibus
440 3666 589 3722 decedente
616 3680 670 3719 uno
698 3663 768 3718 aller
793 3661 926 3733 archiepi·
974 3669 1102 3726 videlicet
1112 3678 1139 3724 et
1152 3668 1322 3740 equivocum
1336 3668 1443 3725 abbatis
1459 3670 1583 3739 ejusdem
1608 3672 1774 3740 monasterii,

120 3775 220 3831 scopus
236 3765 466 3824 consecraretur3
483 3754 609 3826 palatine
619 3751 729 3807 interim
743 3749 925 3823 providentie
974 3758 1009 3814 de
1024 3774 1077 3830 qno
1092 3773 1174 3829 snpra
1189 3757 1314 3812 dinimus,
1332 3757 1381 3813 Hie
1395 3757 1436 3812 vin
1450 3759 1617 3815 venerahilis
1628 3760 1658 3815 in
1667 3776 1775 3818 eomer.

122 3846 326 3904 succedentium
349 3862 399 3917 per
422 3854 543 3914 tempora
566 3840 724 3913 pontificum
753 3839 925 3896 consecratio
974 3847 1087 3903 sationis
1102 3847 1161 3916 ejus
1175 3845 1324 3902 imitatione
1343 3845 1424 3901 simul
1438 3854 1465 3902 et
1480 3848 1666 3904 successionis
1689 3850 1774 3921 digni-

122 3936 157 3991 sit
171 3936 328 4003 commissa,
351 3935 439 3990 donec
453 3948 585 3987 numerus
604 3928 836 4000 suffraganeorum
863 3927 924 3999 epi·
973 3943 1027 3991 tate
1048 3935 1138 3990 adhuc
1156 3934 1237 3990 hodie
1267 3942 1402 4005 superest,
1428 3950 1492 3990 cum
1513 3935 1607 3992 multis
1631 3937 1693 3992 aliis
1711 3945 1773 3993 atte-

122 4039 267 4094 scoporum
290 4021 420 4078 canonice
434 4037 496 4076 eum
521 4033 682 4075 consecrare
706 4016 861 4072 debentium
891 4032 924 4071 ex
973 4033 1058 4090 erens,
1075 4023 1137 4095 qnia
1151 4031 1259 4079 sanetus
1274 4020 1412 4094 pontifiex,
1424 4023 1503 4091 cujus
1518 4024 1603 4080 vitam
1618 4026 1770 4090 scribimus,

121 4111 249 4186 gentibus
265 4109 433 4183 suppleatur.
451 4109 517 4165 Cum
532 4108 612 4177 hujus
625 4121 693 4180 ergo
703 4106 737 4161 ad
745 4104 923 4162 ordinandum
972 4112 1082 4168 nihilen
1108 4112 1250 4168 nemsione
1279 4126 1352 4167 curae
1379 4111 1527 4182 pastoralis
1556 4114 1590 4169 ele
1620 4115 1772 4170 memenien

121 4217 182 4256 eum
198 4200 300 4256 tenoris
328 4198 509 4254 insinuatione
536 4195 717 4252 venerabilem
747 4193 923 4249 llembertum
972 4200 1137 4273 perfectione
1152 4199 1312 4272 perdiderit,
1328 4198 1397 4255 adeo
1424 4207 1452 4254 nt
1479 4199 1572 4256 nullus
1600 4203 1684 4259 eninm
1707 4203 1769 4258 imm

153 4365 238 4415 ⁸ttaec
249 4361 325 4413 rerba
334 4362 358 4411 in
371 4361 475 4423 nrattanr
499 4358 631 4423 imperialis
653 4357 806 4409 investitura
827 4356 921 4406 intrusa
976 4360 1427 4425 nnetnaeeap11t58,ubibacv·erba:
1441 4360 1625 4424 smcmtenam
1653 4365 1771 4416 anunm

119 4431 195 4484 fuisse
207 4435 317 4492 tempore
338 4429 437 4479 llenrtci
458 4429 537 4491 quarti
561 4429 646 4476 censet
669 4422 848 4484 llcnscltenius,
873 4422 920 4471 bae
935 4414 961 4473 D
976 4432 1082 4480 oratorio
1094 4429 1291 4479 mramomaibm
1300 4429 1467 4489 promittatds
1479 4429 1620 4480 stabilitate
1630 4436 1770 4492 samam-

121 4498 227 4549 maxima
240 4496 333 4547 ratione
342 4495 439 4557 ductus,
452 4494 517 4557 quod
529 4495 554 4543 in
566 4491 689 4556 primariis
713 4489 821 4540 ecclesie
845 4489 921 4537 llam-
970 4498 1081 4547 ,esnone
1114 4507 1207 4546 mnne,
1238 4507 1349 4555 eumen,
1374 4498 1398 4543 et
1427 4494 1566 4546 nneneennn
1608 4510 1691 4549 em
1726 4497 1771 4546 pe,

121 4563 247 4626 hamensis
260 4566 284 4612 ct
297 4562 436 4612 bremensis
449 4560 581 4624 prirrlegiis
598 4558 691 4607 nullum
705 4557 777 4618 lrnjns
789 4554 825 4631 rei
847 4555 923 4604 vcsti-

120 4631 309 4695 niumapparet.
323 4631 450 4680 Ettamen
472 4627 587 4685 Adamas,
610 4624 709 4673 chrici
732 4621 841 4696 equalis,
868 4621 921 4697 baec

120 4697 247 4762 privilegia
261 4695 456 4760 proinvestitura
468 4692 589 4756 imperiali
599 4690 683 4742 laudat
692 4690 732 4741 his
740 4687 822 4738 verbis
834 4689 921 4750 caprtis

119 4765 153 4817 28
167 4779 173 4811 ι
188 4765 296 4815 Pallium
309 4761 452 4812 liembertus
470 4758 613 4822 pontificale
625 4757 759 4818 mammea
769 4765 836 4814 napa
847 4753 923 4805 Nico·

119 4832 167 4893 fao,
181 4831 288 4891 [mulam
299 4827 469 4889 pastoralema
495 4825 592 4875 Caesare
608 4821 775 4882 (scribendum
788 4818 857 4884 rege)
872 4820 922 4871 La·

39 4887 44 4890 ⁵
119 4897 243 4957 thevvlco,
258 4895 362 4946 sicutte
372 4892 514 4956 privilspis's
524 4892 730 4954 dinnoscipotcst.

148 4979 162 5018 b
175 4981 267 5043 Nempe
279 4980 304 5029 in
317 4978 444 5042 privilegio
456 4976 567 5038 Gregorii
579 4987 647 5038 pape
670 4974 710 5036 lv,
723 4974 748 5024 in
760 4986 807 5037 quo
830 4973 922 5024 baben·

119 5051 198 5099 turea
212 5058 264 5110 que
276 5050 409 5108 sequuntur
433 5045 457 5093 in
481 5045 546 5094 hunc
568 5042 684 5092 modum:
710 5040 921 5091 Consecratioaem

117 5125 173 5164 aero
185 5112 365 5164 succedentium
378 5111 540 5167 sacerdotum,
555 5110 628 5160 donec
639 5107 829 5158 consecrantium
841 5118 922 5157 name·

116 5192 161 5231 rtts
172 5184 292 5242 amentur
303 5191 336 5230 aa
347 5178 470 5241 centibus,
482 5189 560 5227 sacras
569 5175 690 5237 palatinos
706 5173 869 5236 providentie
880 5174 920 5223 m-

116 5244 189 5297 ts'rim
201 5247 383 5298 ommittimus.

151 5330 215 5380 esic
227 5330 284 5381 libri
296 5329 355 5382 editi
368 5327 431 5392 apud
443 5325 581 5390 Philippum
593 5326 717 5376 caesarem
730 5327 755 5374 et
767 5323 918 5374 bullandum.

117 5395 170 5448 brit
184 5397 266 5447 forsan
278 5399 319 5460 qui
330 5397 460 5461 legendum
474 5398 554 5457 putet,
584 5398 612 5443 ut
624 5391 795 5451 stabilitatem,
821 5397 846 5441 et
863 5403 920 5440 eoa-

116 5461 251 5515 ssrdmcm
260 5474 474 5525 mammeamum,
499 5464 560 5522 etc,
585 5459 758 5510 convenienter
781 5457 812 5509 ad
830 5456 920 5520 regula

970 4568 995 4614 et
1005 4563 1095 4614 sanctis
1107 4563 1204 4624 riusllt
1215 4562 1279 4611 hanc
1291 4560 1388 4622 quidem
1401 4560 1559 4623 protensionis
1572 4562 1678 4613 formam
1691 4565 1770 4615 baete

971 4641 1016 4680 nus
1027 4629 1152 4692 sequimur
1162 4627 1312 4679 benedictini
1326 4637 1421 4677 omncs.
1434 4625 1524 4678 Verum
1538 4629 1587 4678 alio
1600 4631 1674 4681 modo
1687 4631 1769 4681 editam

970 4696 1128 4747 ellemberto
1151 4695 1225 4746 fuisse
1260 4693 1435 4757 professionem
1460 4697 1529 4756 puto.
1551 4695 1613 4757 Quia
1636 4698 1701 4748 enirn
1723 4696 1769 4758 cjrrs

970 4762 1078 4824 dignitas
1090 4775 1139 4812 non
1148 4761 1244 4812 sinebat
1255 4761 1333 4824 ipsum
1346 4761 1370 4810 in
1388 4761 1537 4810 monasterio
1550 4763 1687 4824 persistere
1701 4767 1768 4823 ;tatt·

970 4832 1021 4880 lum
1034 4828 1188 4880 stabilitatem
1199 4839 1292 4877 marum
1302 4827 1433 4877 secandam
1445 4827 1558 4889 scpulcra
1579 4831 1660 4880 meti
1671 4828 1766 4880 Μ

969 4897 1011 4955 cti,
1026 4907 1074 4945 non
1086 4895 1243 4946 stabilitatem
1256 4893 1281 4943 in
1294 4892 1452 4954 monasterio,
1466 4893 1517 4943 beo
1528 4895 1607 4944 vovit.
1621 4896 1674 4958 Quo
1685 4895 1720 4952 tt.
1742 4899 1764 4945 nt

970 4966 1063 5013 rectam
1076 4961 1150 5023 buius
1162 4962 1207 5012 loci
1220 4960 1348 5011 lectionem
1362 4959 1511 5010 existimem.
1527 4961 1604 5011 Porro
1614 4961 1640 5013 in
1653 4963 1698 5013 boc
1709 4962 1763 5011 facto

969 5029 1030 5079 illud
1044 5029 1172 5079 observatu
1185 5028 1284 5088 dignum
1298 5030 1346 5087 est,
1359 5025 1519 5077 isembertum
1544 5027 1612 5078 nulla
1634 5028 1761 5092 probatione

970 5096 1034 5146 lacta
1047 5095 1078 5146 ad
1090 5095 1263 5158 professionem
1287 5093 1343 5143 vitae
1367 5091 1509 5143 monasticae
1530 5093 1667 5147 admissum
1688 5095 1760 5145 false.

968 5163 1032 5223 Lege
1042 5162 1175 5225 superioris
1187 5161 1247 5211 tami
1258 5159 1434 5224 pretationem.

1003 5290 1016 5331 a
1029 5282 1089 5332 ltinc
1102 5285 1172 5345 paret
1184 5280 1350 5344 adalgarium,
1362 5277 1403 5340 nni
1423 5275 1559 5329 Rembcrto
1570 5246 1699 5341 succmatt,
1720 5288 1759 5329 ma

969 5365 1043 5417 fuisse
1055 5365 1163 5417 corbeia
1175 5365 1299 5440 abbatem,
1307 5364 1408 5414 utrcete
1418 5364 1505 5412 conus
1519 5362 1669 5417 bannorum
1679 5360 1761 5415 notarit

968 5450 1144 5503 henschenius.
