3794 6104
120 246 172 298 rra
696 237 844 292 ioannis
867 224 965 289 aare
992 235 1059 290 rrtr.
1730 237 1778 290 rra

45 419 51 432 ,
126 368 185 424 sine
199 381 275 422 mora
290 365 417 420 intimare
432 363 543 418 minime
557 359 701 416 differatis.
721 361 856 415 Caeterum
878 374 925 412 ro·
941 358 969 418 Α
1014 358 1054 428 (S.
1073 357 1170 431 Greg.‚
1189 359 1207 412 l.
1220 372 1257 423 rr,
1274 359 1356 430 epist.
1374 356 1432 430 50.)
1445 354 1469 412 0
1484 371 1567 429 quam
1581 356 1656 413 bona
1671 357 1780 414 esscha.

124 473 222 532 gamus
238 465 265 509 ut
286 453 384 509 Joanni
406 451 610 521 archiepiscopo
636 449 786 504 Ravennati
811 447 923 501 mittatis
976 446 1053 516 ritas,
1072 464 1131 517 qnae
1147 446 1270 501 absentia
1286 463 1334 517 per
1349 446 1497 518 imaginem
1511 446 1663 517 praesentia
1678 446 1779 502 sibimet

124 545 254 617 epistolas
269 560 301 598 ex
316 551 408 596 nostra
423 550 498 610 parte
513 538 720 599 consolatorias,
737 537 881 591 incitantes
896 542 925 587 ut
977 535 1030 605 ipsi
1046 535 1153 590 exhibet
1168 552 1217 604 per
1227 551 1346 588 arnorem
1361 534 1366 588 l
1384 534 1477 588 Divisa
1492 535 1559 600 eruit,
1577 534 1697 590 confusa
1711 535 1779 589 ordi-

125 651 175 706 pro
191 634 268 688 nobis
283 631 419 686 orationes
435 628 522 690 faciat,
539 636 564 681 et
579 636 673 680 contra
689 626 738 680 Dei
755 624 878 679 inimicos
894 639 923 676 se
982 631 1036 690 rrat,
1076 622 1221 694 inaequalia
1259 623 1358 687 sociat,
1398 623 1557 693 imperfecta
1600 633 1778 678 consummat.

126 736 281 793 praeparare
296 733 467 788 nequaquam
484 715 618 779 fonnidet,
637 721 662 767 et
678 711 777 767 nostris
799 710 926 764 fidelibus

127 809 339 880 Romrelegatos
363 805 531 861 consolando
556 800 748 857 transmittat:
774 809 799 854 ct
828 816 887 863 ros,
906 798 928 851 si

126 897 167 953 fas
184 906 233 962 est,
251 904 297 949 aut
312 895 377 947 rnihi
393 893 463 963 apud
480 909 529 946 ros
554 899 594 944 est
617 889 780 960 impetrandi
801 888 925 952 facultas,

127 985 210 1041 Leoni
224 985 352 1054 episcopo
368 983 487 1035 rnissoet
496 979 788 1050 apocrisiarionostro‚
801 985 827 1030 et
839 977 926 1040 Petra,

127 1091 210 1143 super
224 1072 274 1125 ista
289 1072 450 1141 caeterisque
460 1067 584 1122 tidelibns
596 1068 697 1121 litteras
709 1073 811 1120 vestras
819 1064 924 1127 mittite,

126 1161 311 1218 confortantes
325 1159 401 1230 ipsos
417 1166 445 1212 nt
461 1157 535 1211 scitis
551 1164 577 1211 et
593 1155 684 1209 vultis.

472 1253 583 1308 cxxtt.

238 1362 273 1399 an
294 1360 421 1400 urnoxan
441 1357 475 1396 ar
494 1355 674 1394 rinncrnrnun
690 1352 822 1392 rnarnas.

433 1433 523 1499 (Antio
539 1430 614 1496 8‘l8.)

130 1525 264 1580 llironcm
276 1525 303 1578 ef
319 1519 509 1588 lluncsridunr
525 1517 682 1571 meritorum
704 1515 846 1569 scelernm
871 1528 933 1567 reos

326 1590 362 1645 od
376 1589 514 1661 synodum
535 1587 629 1642 nerriro
640 1586 731 1657 jabet.

165 1684 269 1737 llrnoxr
289 1688 314 1734 ει
330 1679 493 1732 Huxernrno
509 1690 641 1745 gerrnano
657 1689 716 1727 sno.

977 710 1066 779 erarn
1082 720 1155 765 recte
1170 711 1334 780 praedicator
1345 711 1474 783 egregius
1485 711 1627 767 uinculum
1643 710 1780 781 perfectio·

978 800 1020 852 nis
1035 807 1112 853 vocat
1129 800 1243 869 (dolosa.
1259 806 1319 863 ιιι);
1336 800 1397 870 qnia
1420 800 1534 853 rirtntes
1549 799 1665 870 quidem
1680 807 1779 854 catera

979 887 1173 957 perfectionem
1189 895 1328 958 generant,
1340 887 1387 941 sed
1400 897 1488 941 tamen
1505 904 1552 942 eas
1568 889 1692 942 charitas
1706 888 1779 942 etiarn

979 975 1054 1048 ligat,
1073 986 1101 1029 ut
1116 976 1150 1029 ab
1175 977 1292 1030 amantis
1321 984 1411 1029 mente
1439 976 1552 1030 dissolri
1572 977 1631 1045 Jam
1659 985 1779 1047 nequeat.

980 1065 1036 1119 llac
1058 1065 1149 1135 itaque
1177 1065 1283 1128 rirtute,
1315 1063 1398 1118 frater
1419 1065 1592 1129 charissime,
1618 1065 1734 1134 plenum
1758 1074 1780 1121 te

981 1169 1042 1208 esse
1057 1153 1207 1222 reperiens
1228 1170 1290 1208 cum
1306 1169 1354 1222 pro
1370 1163 1523 1207 sanctarum
1540 1153 1592 1208 Dei
1608 1152 1780 1209 ecclesiamm

982 1242 1178 1295 restauratione
1205 1241 1231 1295 in
1254 1241 1456 1295 Arelatensium
1477 1240 1588 1295 civitate
1613 1241 1782 1313 corporalem

982 1330 1153 1399 praesentiam
1169 1329 1363 1389 exhibuissem,
1381 1330 1450 1384 sient
1465 1329 1530 1383 mihi
1544 1330 1581 1383 de
1597 1337 1623 1384 te
1638 1328 1780 1384 multorum

983 1418 1198 1471 testimoniorum
1220 1417 1293 1470 fama
1325 1433 1390 1471 nera
1416 1418 1497 1489 longe
1518 1416 1632 1488 lateque
1657 1425 1779 1473 narraret.

984 1505 1064 1574 Quod
1090 1522 1156 1559 vero
1176 1507 1250 1573 juxta
1273 1505 1414 1575 antiquum
1439 1522 1542 1583 morem
1571 1522 1655 1559 usum
1677 1506 1781 1575 palliae

984 1595 1058 1648 vices
1074 1594 1146 1648 sedis
1161 1595 1316 1663 apostolieae
1331 1593 1483 1663 postulasti,
1501 1594 1572 1648 absit
1588 1611 1624 1648 ne
1639 1603 1685 1647 aut
1699 1604 1781 1647 trans-

942 1708 969 1767 Β
985 1682 1086 1737 sitoriae
1101 1683 1240 1751 potes!atis
1256 1683 1372 1747 ctdmen,
1389 1692 1433 1736 aut
1442 1682 1583 1736 exterioris
1598 1683 1689 1737 cultus
1704 1698 1781 1737 orna·

167 1770 273 1839 Quanta
295 1768 328 1821 ad
350 1765 529 1835 altoslolalum
550 1771 674 1817 nostrum
697 1760 826 1814 ΓθΙᾶῑῑθῠθ
864 1775 931 1829 qna·
982 1780 1112 1833 mentum,
1137 1771 1162 1823 in
1186 1770 1289 1824 rieibns
1310 1771 1411 1823 rostris
1436 1786 1468 1825 ac
1490 1770 1573 1840 pallio
1603 1770 1736 1841 quaesisse
1759 1779 1780 1825 ιε

133 1858 255 1913 rumdam
284 1854 520 1925 trangressionum
553 1860 715 1913 vestrarum,
743 1848 814 1901 mala
851 1856 932 1917 atque

133 1961 263 2018 perversa
280 1943 387 1998 fuerunt
410 1942 541 2005 nuntiata,
559 1941 627 2004 laec,
645 1938 741 2001 fateor,
767 1936 932 2006 lacrymabi-

131 2036 193 2090 liter
207 2033 389 2096 nominamus,
404 2029 606 2100 apostolicaque
626 2026 787 2082 auctoritate
803 2024 932 2078 citissime

131 2124 295 2196 corrigenda
306 2121 445 2189 jubemus,
462 2118 485 2172 si
500 2117 586 2172 sancti
602 2116 716 2186 Spiritus
732 2121 864 2184 potestate
880 2129 932 2167 non

132 2213 173 2268 ris
189 2221 226 2278 tu,
243 2211 319 2277 lliro,
351 2207 448 2262 merito
475 2205 603 2276 nequitiae
631 2210 685 2258 tuce
713 2203 747 2256 ab
774 2201 847 2256 omni
868 2218 933 2257 con-

134 2301 220 2357 sortio
243 2295 454 2353 Christianitatis
484 2293 616 2362 separari,
647 2300 672 2345 et
703 2289 801 2343 inferni
816 2288 933 2342 flammis

133 2389 161 2444 in
204 2395 365 2458 perpetuum
405 2381 591 2438 condemnari.
620 2379 791 2450 Septimania
833 2386 933 2431 terram

134 2477 291 2532 nniversam
316 2471 447 2544 redegisti
477 2473 502 2523 in
525 2469 697 2524 solitudinem
715 2485 721 2520 ε
739 2465 879 2527 eeclesias,
905 2473 934 2518 nt

134 2573 269 2625 asserunt,
288 2562 417 2616 ministris
442 2558 602 2628 expoliasti;
619 2556 728 2612 castella
745 2554 830 2625 ipsius
857 2561 934 2607 terrra

134 2654 231 2710 callide.
247 2669 279 2707 uc
294 2649 478 2704 fraudulenter
503 2646 633 2700 invasisti.
652 2644 711 2712 Quo
736 2641 868 2712 compulsi
885 2657 935 2693 nr·-

132 2743 269 2806 ccssitate,
287 2739 410 2794 homines
432 2735 557 2790 bernardi
575 2733 688 2806 gloriosi
703 2731 935 2785 marchionissam

136 2830 306 2884 multitudine
323 2826 460 2881 hominurn
477 2833 529 2877 tua·
545 2823 629 2876 rabiei
651 2820 827 2879 occursando,
845 2819 935 2888 aliqua

135 2918 164 2972 in
185 2919 282 2972 cadem
300 2925 368 2969 terra
398 2928 541 2982 perperam
562 2917 678 2981 egerunt
697 2927 702 2962 :
721 2916 748 2961 nt
773 2907 844 2961 reiut
858 2907 935 2959 lero·

136 3010 217 3063 boam
233 3004 303 3059 filius
321 3003 436 3066 Nabatb,
458 3000 503 3071 qni
532 2999 672 3068 peccarit,
696 3005 721 3051 et
743 3011 857 3065 peccare
873 2994 934 3048 fecit

135 3094 231 3158 lsrael,
249 3099 343 3147 auctor
357 3091 477 3144 omnium
497 3086 667 3157 peccantium
684 3085 793 3139 existas.
817 3084 934 3153 ideoque

136 3184 169 3238 ad
179 3181 359 3237 universalem
369 3177 502 3249 synodum
518 3182 638 3229 nostram
652 3189 732 3245 qnam
745 3174 800 3226 Deo
815 3180 934 3234 anctore,

135 3272 163 3326 in
177 3269 301 3342 proximo
325 3283 417 3322 sumus
447 3263 620 3327 celebraturi,
653 3262 814 3333 Lugdunum
844 3259 936 3312 venire

136 3368 172 3425 te,
190 3356 333 3414 occasione
347 3355 420 3410 omni
436 3352 595 3424 postposita,
613 3350 747 3415 rolnmnS,
768 3349 790 3402 si
806 3347 935 3415 funditus,

135 3458 164 3504 ut
179 3449 280 3502 dictum
299 3456 348 3508 est,
373 3460 428 3498 non
443 3443 484 3496 ris
509 3440 601 3511 gladio
620 3439 711 3493 divino
727 3437 856 3492 mulctari.
872 3436 936 3489 Lin-

136 3537 366 3606 doinumquoque
381 3531 568 3587 vicecomitem
596 3527 720 3581 eredimus
743 3533 875 3596 potestate
900 3523 938 3578 uti

117 3630 119 3634 “
136 3624 273 3680 horrende
288 3621 426 3684 denuntio,
443 3619 481 3673 uti
497 3616 662 3673 sacerdotali
676 3616 702 3669 in
718 3614 849 3686 parochia
860 3612 938 3684 Sige-

82 3717 85 3721 ’
139 3714 201 3770 hodi
217 3710 403 3767 Narbonensis
416 3705 624 3778 archiepiscopi,
635 3704 866 3774 presbyterosque
877 3709 938 3754 tuos

136 3803 163 3857 in
180 3803 239 3871 ejus
254 3799 354 3854 exteris
366 3798 516 3866 subrogare
525 3793 647 3849 ecclesiis
662 3792 753 3864 :qnod
769 3789 874 3845 concite
886 3797 939 3843 tuae

983 1859 1115 1928 suspicer.
1133 1859 1186 1913 Sed
1203 1859 1266 1929 quia
1281 1858 1385 1912 cernetis
1401 1858 1484 1929 liquet
1500 1859 1573 1913 unde
1589 1859 1618 1911 in
1639 1859 1780 1914 Galliarum

983 1947 1141 2019 regionibns
1155 1946 1222 2001 fides
1238 1956 1332 2002 sancta
1344 1947 1486 2016 prodierit,
1503 1963 1567 2001 cum
1583 1947 1705 2017 priscam
1719 1964 1780 2002 con·

983 2036 1154 2090 suetudinem
1171 2035 1244 2089 sedis
1259 2035 1416 2105 apostolieae
1431 2044 1521 2090 restra
1537 2034 1695 2090 fraternitas
1710 2052 1779 2106 repe

983 2124 1022 2188 tit,
1042 2125 1106 2194 quid
1122 2124 1194 2177 aliud
1210 2140 1290 2194 qnam
1306 2124 1377 2178 bona
1393 2124 1502 2178 soboles
1517 2124 1553 2178 ad
1580 2124 1673 2179 sinum
1696 2125 1779 2179 matris

984 2212 1119 2267 recurrit‘?
1136 2213 1238 2266 bibenti
1254 2228 1319 2284 ergo
1335 2213 1426 2266 animo
1446 2212 1582 2282 postulata
1598 2213 1778 2279 concedimus,

984 2318 1017 2355 ne
1034 2310 1077 2354 aut
1092 2309 1189 2355 restrae
1206 2300 1336 2356 licclesiae
1352 2300 1497 2371 quidquam
1512 2301 1547 2355 de
1563 2301 1660 2355 debito
1684 2302 1779 2356 honore

984 2390 1154 2453 subtrahere,
1172 2398 1217 2442 aut
1239 2389 1403 2460 condignam
1426 2389 1585 2457 petitionem
1608 2391 1693 2444 vestri
1718 2405 1779 2445 con·

984 2479 1138 2548 tempsisse,
1161 2478 1310 2532 videamur.
1340 2478 1394 2531 Sed
1411 2477 1466 2545 jam
1483 2493 1556 2531 nunc
1578 2479 1672 2532 studio
1685 2479 1780 2547 majore

985 2584 1028 2621 res
1042 2567 1154 2633 indiget,
1171 2575 1197 2619 nt
1213 2583 1273 2620 cum
1291 2567 1377 2620 honor
1393 2566 1501 2629 crescit,
1528 2565 1612 2620 etiam
1637 2566 1779 2622 sollicitudo

984 2653 1116 2725 proficiat,
1149 2663 1175 2707 et
1207 2671 1272 2724 erga
1292 2663 1454 2709 caeterorum
1477 2654 1634 2708 custodiam
1651 2655 1780 2726 vigilantia

985 2751 1124 2798 excrescat
1141 2758 1147 2795 2
1165 2742 1226 2796 rita¹
1242 2759 1350 2813 quoque
1372 2741 1465 2795 merita
1488 2743 1621 2811 subjectis
1647 2742 1675 2796 in
1697 2758 1780 2797 errem·

986 2832 1059 2901 plum
1078 2830 1197 2892 reniant,
1219 2839 1244 2884 et
1259 2847 1396 2900 nunquam
1412 2846 1461 2884 sua
1476 2846 1526 2899 per
1541 2830 1665 2901 suseepti
1680 2830 1780 2886 honoris

988 2920 1111 2990 gratiam,
1128 2919 1176 2973 sed
1192 2920 1265 2973 lucra
1281 2919 1401 2972 crnlestis
1417 2918 1511 2987 patriae
1527 2927 1620 2973 restra
1637 2918 1779 2974 fraternitas

986 3007 1118 3077 exquirat.
1135 3008 1227 3061 Nostis
1241 3006 1313 3060 enim
1328 3007 1392 3077 qnid
1406 3007 1501 3060 beatus
1512 3007 1663 3075 Apostolus
1676 3023 1778 3078 gemens

988 3097 1058 3151 dicat
1075 3114 1080 3148 :
1100 3096 1200 3150 Onures
1231 3098 1307 3150 enim
1324 3112 1385 3166 quse
1404 3100 1472 3150 sunt
1490 3101 1635 3167 quarunt,
1654 3113 1709 3152 aton
1727 3112 1778 3167 quo

987 3188 1055 3239 suut
1076 3186 1141 3240 lesu
1160 3183 1265 3238 Christi
1280 3182 1396 3254 tl‘ltilip.
1417 3184 1447 3251 1).
1470 3182 1644 3249 Quibusdam
1671 3198 1777 3253 namque

988 3273 1172 3333 narrantibus,
1193 3271 1290 3343 agnori
1307 3271 1380 3342 quod
1394 3271 1423 3323 in
1446 3271 1597 3325 Galliarum
1615 3271 1660 3326 rel
1675 3272 1777 3326 Germa·

988 3363 1094 3416 niarnnr
1116 3361 1238 3431 partilnrs
1267 3359 1357 3413 nullus
1381 3359 1415 3413 ad
1444 3375 1552 3414 sacrum
1577 3360 1704 3415 ordinem
1729 3360 1776 3414 sine

989 3450 1123 3506 commodi
1139 3449 1248 3503 datione
1274 3448 1425 3517 perveniat.
1443 3447 1521 3516 Quod
1544 3448 1568 3502 si
1590 3447 1629 3502 ita
1654 3456 1704 3513 est,
1719 3447 1775 3503 tlens

988 3539 1059 3605 dico,
1077 3554 1191 3610 gemens
1206 3536 1346 3604 denuntio,
1364 3537 1428 3607 quia
1443 3552 1505 3591 cnm
1521 3536 1702 3591 sacerdotalis
1721 3536 1775 3591 ordo

989 3627 1060 3681 intus
1074 3626 1179 3689 cecidit,
1197 3625 1262 3679 foris
1286 3641 1393 3696 quoque
1419 3624 1465 3679 diu
1492 3633 1568 3679 stare
1597 3641 1654 3680 non
1680 3624 1773 3696 poterit.

989 3716 1095 3770 Scimus
1123 3714 1223 3786 qnippe
1248 3730 1280 3768 ex
1298 3713 1449 3785 Evangelio
1472 3712 1537 3783 quid
1551 3714 1717 3784 Redemptor
1728 3727 1774 3767 noa

989 3813 1029 3859 tor
1057 3803 1232 3873 semetipsum
1262 3802 1383 3876 fecerit,
1400 3801 1463 3872 qnia
1487 3801 1632 3872 ingressus
1661 3801 1775 3872 templum

138 3891 200 3947 Vilae
216 3887 401 3949 ⁰0⁰SU¹⁰¹¹1252
417 3885 554 3955 ὓθΓΓῙὲθΓθ
571 3891 595 3935 ⁰¹
611 3879 937 3936 emendaremflssdafflus·
989 3893 1137 3950 cathedras
1149 3890 1772 3960 vendentiumcolumbosevertittldottb.xxd.

137 3981 176 4033 Τε
191 3992 255 4031 ιιειο
266 3973 444 4028 llnncfridum
460 3989 491 4025 ex
506 3971 665 4024 diaconatus
680 3966 769 4022 officio
784 3975 810 4021 et
825 3981 941 4020 reneru-
990 3981 1133 4037 Columbas
1147 3979 1220 4034 enim
1235 3979 1352 4034 vendere
1366 3986 1406 4033 est
1422 3979 1455 4034 de
1470 3987 1565 4034 53ῃῦιο
1579 3979 1694 4048 spirim,
1708 3991 1774 4050 quem

141 4069 188 4123 hili
202 4065 364 4121 monachico
379 4060 470 4116 habitu
495 4064 645 4130 apostatam
670 4055 795 4110 antlimus
811 4061 836 4108 ει
861 4051 939 4107 dole·
990 4072 1063 4126 Deus
1076 4068 1249 4138 0mnjp0mn5
1277 4066 1536 4122 consubsqanqalem
1552 4067 1604 4121 sibi
1620 4084 1672 4139 per
1684 4063 1774 4137 imposj.

141 4174 202 4212 mus
218 4154 354 4209 flffsscfum·
371 4149 541 4219 Q1¹al³f⁰l>ter
555 4146 598 4200 iel
614 4161 673 4199 ⁵⁰OE
688 4141 940 4213 etllf1³¹¹liffl¹¹ii¹l>ef
990 4159 1092 4213 tionem
1117 4173 1245 4210 manuum
1274 4155 1433 4210 hominibus
1474 4155 1578 4220 tribuit,
1617 4155 1774 4211 commodata

140 4243 248 4300 Domini
266 4238 478 4295 misericordiam
509 4234 604 4300 libera,
627 4242 653 4288 et
681 4233 717 4288 ad
746 4229 940 4285 monasterium
989 4245 1304 4316 tempopapepescipem,
1326 4244 1445 4314 1321un
1467 4243 1633 4313 urpsaedixj‚
1650 4242 1774 4310 ΜΨ

140 4341 240 4407 quanto
255 4330 334 4386 citius
348 4326 482 4399 confuge;
508 4323 550 4379 rel
574 4323 596 4376 si
612 4322 645 4376 de
670 4331 716 4375 tua
731 4319 845 4374 contidis
856 4334 939 4373 cons-
990 4334 1110 4388 innuitur
1125 4333 1189 4403 quiq
1214 4338 1352 4402 sequatur,
1377 4331 1439 4401 quia
1454 4331 1481 4384 j„
1501 4331 1604 4401 qemplo
1619 4332 1670 4387 Dei
1685 4330 1774 4387 colum.

142 4417 265 4486 scientia,
282 4420 316 4473 ad
343 4416 477 4488 synodum
496 4420 615 4467 nostram
637 4411 671 4465 de
694 4408 773 4463 illatis
798 4407 846 4461 tibi
860 4416 940 4478 atquc
955 4410 1039 4478 Dbas
1055 4422 1173 4476 vendere
1196 4428 1438 4490 ppaesumpserunt,
1455 4434 1548 4473 mrum
1563 4420 1624 4475 Deo
1638 4420 1727 4488 judice
1738 4429 1775 4472 α.

141 4509 254 4578 obiectis
266 4517 291 4562 te
303 4504 475 4578 purgandum
492 4516 621 4556 occurre:
634 4516 668 4553 ne
685 4497 707 4551 si
723 4494 940 4568 praetermiseris,

142 4596 323 4655 anathematis
340 4593 458 4656 vinculo,
476 4597 568 4660 utpote
583 4586 705 4658 apostola
722 4594 748 4639 et
762 4584 881 4649 rebellis,
898 4583 941 4637 al-

142 4687 247 4759 ligeris.
265 4686 331 4740 Data
348 4686 379 4738 ut
399 4697 494 4752 supro.

481 4783 603 4851 cxxttt.

170 4897 206 4936 nn
227 4892 393 4936 nosraoauu
411 4884 650 4930 ancaraerscoeuu
672 4879 873 4922 anataransan
893 4872 915 4918 ⁸.

456 4967 545 5032 (drino
566 4962 639 5028 878).

180 5061 251 5116 Suus
270 5058 317 5113 illi
328 5058 400 5111 uices
419 5056 450 5109 iu
467 5053 558 5107 Gallia
570 5055 598 5104 ei
607 5050 693 5120 pollii
708 5063 792 5101 asum
803 5043 941 5099 concedit.

180 5145 411 5204 Reverentissimo
439 5150 465 5196 ει
496 5138 667 5194 sanctissimo
698 5134 775 5190 fratri
791 5135 943 5188 llosraono

148 5236 353 5307 archiepiscopo
367 5227 529 5287 Arelatensi.

184 5372 232 5423 ιιι
245 5370 350 5421 editione
361 5345 482 5426 lfomana,
505 5367 530 5414 ει
543 5375 572 5413 er
583 5374 611 5411 ra
624 5363 648 5410 in
669 5359 836 5411 collectionem
854 5356 945 5418 episto·

150 5436 229 5488 lat-um
249 5435 425 5497 tnannrsvnt,
450 5431 522 5494 hujus
545 5429 653 5493 epistola
671 5428 749 5490 portio
773 5424 891 5486 incipiens
912 5421 945 5499 ab

151 5504 232 5566 ιιιιιιι
257 5501 421 5564 fraternitati,
445 5507 505 5558 etc..
531 5497 628 5560 ponitur
646 5503 763 5555 tanquam
787 5503 849 5543 nova
879 5501 947 5551 epra-

989 4511 1092 4565 tbedrae
1107 4508 1463 4578 ceciderunt,quiridelicet
1478 4508 1592 4562 errorin
1602 4508 1774 4563 substitissem

991 4607 1138 4670 augmento
1153 4605 1329 4667 propagatur.
1346 4596 1414 4649 Nam
1438 4596 1495 4665 ipse
1519 4613 1630 4667 quoque
1645 4597 1691 4667 qui
1705 4591 1775 4667 pretio

991 4689 1023 4742 ad
1049 4703 1156 4741 sacrum
1183 4685 1306 4739 ordinem
1333 4684 1499 4753 perducitur,
1511 4685 1567 4752 jam
1590 4684 1619 4738 in
1641 4684 1699 4755 ipsa
1725 4695 1776 4752 pro·

991 4784 1086 4831 rectus
1101 4774 1142 4829 sni
1158 4774 1249 4828 radice
1264 4773 1381 4835 vitiatus,
1399 4771 1519 4841 paratior
1540 4780 1582 4827 est
1606 4772 1666 4826 aliis
1686 4782 1774 4826 renna·

992 4865 1057 4919 dare
1074 4864 1146 4934 quod
1162 4862 1235 4916 emit.
1254 4862 1304 4916 Ubi
1320 4868 1360 4914 est
1376 4862 1449 4930 ‹prrod
1470 4861 1660 4930 scriptumest
1676 4878 1682 4914 :
1701 4854 1775 4915 crata

993 4953 1152 5024 accepistis.
1166 4951 1255 5021 qratia
1270 4949 1334 5003 dide
1350 4953 1361 5002 t
1376 4949 1487 5016 (dlnttb.
1513 4951 1557 5018 ιι.)
1572 4950 1606 5003 Et
1634 4944 1776 5017 cumprime

993 5051 1089 5095 contra
1111 5047 1232 5093 sanctam
1255 5036 1303 5091 Dei
1325 5037 1475 5090 licclesiam
1501 5037 1656 5092 Simoniaca
1681 5029 1775 5090 haeresis

994 5129 1028 5183 sit
1043 5137 1147 5193 exorta,
1161 5144 1210 5182 cur
1228 5143 1282 5180 non
1312 5125 1500 5194 perpenditur,
1516 5141 1565 5180 eur
1592 5141 1648 5180 non
1677 5123 1775 5177 ridetur.

994 5220 1058 5291 quia
1072 5234 1133 5273 eum
1145 5232 1225 5288 quem
1236 5214 1296 5286 quis
1310 5229 1371 5267 cum
1387 5215 1475 5283 pretio
1487 5213 1609 5276 ordinat,
1620 5205 1777 5284 provehendo

994 5356 1043 5406 tola
1068 5353 1098 5404 ad
1128 5350 1337 5416 archiepiscopum
1370 5349 1539 5401 arelatensem
1561 5350 1646 5400 miae.
1662 5349 1726 5398 tilam
1745 5352 1778 5393 ιιι

994 5422 1089 5539 qiiuqrsqc
1112 5420 1255 5472 collectione
1276 5415 1403 5467 ambimus
1426 5423 1543 5481 tanquan
1577 5420 1779 5483 supervacaneam·
