3794 6104
124 249 177 302 2³5
644 237 814 296 lllNClltllll
841 232 1043 290 RllEMENSlS
1071 231 1345 289 tucttlnrtscort.

128 369 225 425 diderit
240 369 384 440 episcopos
401 367 535 435 sulficere,
549 375 577 420 ut
592 365 703 435 negotio
718 361 862 417 terminum
873 359 927 413 im·
942 360 970 418 A
980 357 1092 412 arbitrio
1108 357 1152 413 vel
1168 358 1270 426 judicio
1285 358 1331 430 qui
1345 375 1407 414 eunr
1434 358 1635 427 judicaverunt,
1651 371 1673 414 01

127 466 238 530 ponant,
251 457 329 512 saciet
350 457 424 527 quod
439 456 639 527 sapientissimo
662 451 776 508 consilio
787 448 929 519 judicare·
981 447 1071 517 scopis
1086 447 1132 518 qui
1161 447 1189 501 in
1213 446 1326 501 finitima
1341 456 1367 501 et
1395 447 1547 519 propinqua
1562 445 1673 517 provinc

127 546 171 601 rit.
189 545 300 601 Interim
315 554 404 600 tamen
415 545 484 599 alter
499 544 644 614 episcopus
657 541 685 596 iu
696 539 827 596 cathedra
841 537 929 607 depo·
980 535 1140 606 precipiunt
1168 535 1317 601 terminari,
1335 544 1468 607 quatenus
1496 535 1554 590 sive
1583 535 1611 590 in
1634 548 1673 591 ma

128 634 172 689 siti
194 633 316 705 episcopi
330 641 393 704 post
419 632 628 703 appellationem
638 631 695 699 ejus
710 643 765 683 nou
779 625 927 690 ordinetur,
981 623 1080 678 sivein
1095 624 1264 679 immutanda
1278 624 1421 689 sententia,
1435 624 1513 694 juxta
1527 623 1673 681 Nicaenost

126 732 270 794 antequam
284 738 367 778 causa
389 722 449 790 ejus
470 720 549 776 luent
573 719 601 774 in
623 718 726 788 judicic
741 713 861 787 episcopi
876 714 929 768 lto
981 727 1125 767 commune
1140 711 1175 766 sit
1193 711 1332 783 placitum.
1361 713 1402 768 De
1417 712 1516 782 quibus
1530 711 1619 768 sacris
1633 726 1673 768 cat

126 811 200 867 mani
213 810 399 866 determinata.
420 830 430 859 ι
980 800 1099 857 Nicaenis
1121 799 1280 856 Africanum
1307 801 1452 856 concilium
1469 800 1504 856 nd
1518 798 1673 856 sanctum(

161 901 209 956 tx.
226 897 293 968 Qnae
316 898 472 954 constitutio
501 895 691 968 appellationis
705 891 929 964 adapostolicam
980 905 1043 944 num
1071 904 1171 960 papam
1201 891 1324 945 scribens
1340 889 1411 961 (cup.
1435 891 1508 959 105),
1526 912 1536 938 ι
1555 888 1673 945 Prudent

126 983 221 1038 sedem
235 981 443 1038 nondiscordat
457 995 474 1034 a
488 994 567 1036 sacra
582 988 607 1034 et
627 978 741 1049 mystica
756 976 868 1032 Nicaena
884 991 928 1045 sy·
979 977 1083 1049 inquit,
1097 977 1301 1049 justissimeque
1329 977 1516 1048 providerunt,
1534 993 1673 1050 quaecunq

124 1071 206 1140 nodo,
223 1071 258 1127 de
273 1086 325 1144 qua
339 1085 455 1143 magnus
469 1069 523 1124 Leo
547 1082 617 1139 papa
639 1066 675 1121 ad
689 1063 844 1122 Anatolium
857 1062 927 1118 scri·
979 1066 1052 1138 gotia
1066 1065 1095 1121 in
1111 1067 1167 1121 suis
1180 1066 1248 1122 locis
1262 1066 1308 1121 ubi
1324 1075 1383 1121 orta
1395 1073 1457 1120 sunt
1471 1065 1601 1132 finienda,
1611 1081 1665 1122 nec

124 1160 177 1231 psit
199 1160 294 1232 (episi.
316 1161 371 1225 56).
387 1180 398 1208 ‹
415 1157 474 1223 llla,
503 1155 639 1228 inquiens,
654 1154 928 1211 Nicernorumcano·
979 1170 1032 1225 que
1059 1155 1206 1227 provincie
1235 1155 1350 1226 gratiam
1380 1154 1495 1225 Spiritus
1517 1151 1673 1210 sanctidei't

124 1265 190 1303 num
214 1254 404 1318 personatum
434 1260 499 1300 vere
519 1244 649 1314 Spiritum
664 1241 791 1298 ordinata
809 1239 927 1298 conditio
979 1243 1156 1315 quaaequitas
1172 1258 1185 1297 a
1201 1243 1302 1298 Christi
1321 1242 1507 1300 sacerdotibus
1520 1250 1547 1298 ct
1565 1241 1673 1313 pruden

123 1337 152 1391 in
166 1336 241 1391 nulla
255 1350 375 1408 unquam
388 1340 465 1405 parte
480 1341 522 1388 est
531 1330 664 1388 solubilis.
675 1330 758 1386 Nulla
766 1328 884 1401 siblimet
893 1328 927 1382 dc
978 1332 1083 1401 deatur,
1099 1339 1125 1387 et
1140 1332 1361 1388 constantissime
1383 1339 1515 1387 tencatur.
1536 1353 1547 1381 1

125 1422 350 1494 multiplicatione
389 1420 613 1494 congregationis
642 1417 786 1492 synodalia
814 1417 927 1474 concilia
1012 1421 1073 1476 xll.
1102 1422 1201 1476 Beatus
1240 1435 1348 1492 qunque
1376 1420 1549 1476 innocentius
1563 1420 1599 1474 ad
1625 1420 1673 1477 vin

124 1511 309 1578 blandiantur,
326 1527 414 1582 neque
437 1513 568 1566 trecentis
595 1507 648 1563 illis
664 1509 758 1564 decem
774 1514 853 1580 atquc
867 1514 927 1561 octo
977 1510 1228 1581 Rothomagensem
1243 1510 1402 1580 episcopum
1417 1509 1470 1564 duo
1480 1508 1599 1579 capitula
1609 1523 1673 1583 mag

126 1599 263 1671 episcopis
285 1597 483 1672 quantumlibet
497 1596 635 1669 copiosior
650 1611 780 1652 uumerus
799 1593 928 1650 sacerdo·
978 1596 1033 1652 cilii
1049 1597 1153 1653 Nicaeni
1170 1616 1176 1650 :
1199 1599 1239 1651 De
1255 1597 1296 1651 bis
1318 1597 1445 1652 videlicet
1459 1597 1505 1668 qui
1519 1597 1673 1653 communic

124 1697 180 1743 tum
196 1703 357 1758 comparare
373 1703 403 1744 se
417 1686 517 1743 audeat
530 1685 574 1742 rel
601 1682 743 1756 praelerre,
760 1699 822 1740 ctun
851 1689 926 1737 tauto
940 1694 1077 1774 Bvantur
1092 1702 1124 1741 ex
1140 1685 1231 1751 clere,
1249 1693 1275 1741 et
1290 1685 1361 1740 aliud
1378 1704 1384 1739 :
1403 1687 1438 1742 Ut
1461 1685 1673 1759 persingulas]

124 1775 254 1832 divinitus
269 1775 416 1849 privilegio
443 1774 555 1831 Nicena
570 1773 604 1829 sit
617 1773 738 1844 synodus
765 1779 927 1828 consecrata
977 1775 1034 1831 cias
1048 1775 1105 1829 suis
1119 1774 1262 1847 privilegia
1277 1782 1420 1830 serventur
1434 1774 1583 1836 Ecclesia:
1594 1783 1621 1830 et
1633 1789 1673 1846 ca]

124 1873 154 1921 ut
168 1863 228 1920 sive
243 1881 293 1936 per
306 1865 460 1936 panciores,
478 1862 535 1918 sive
550 1878 601 1934 per
625 1862 717 1934 plures
739 1859 926 1918 ecclesiastica
977 1863 1145 1919 sardicensis
1160 1862 1268 1919 concilii
1283 1864 1317 1918 de
1346 1863 1535 1934 episcoporum
1550 1863 1587 1918 ad
1603 1877 1673 1934 apos

62 1965 64 1967 ’
120 1952 222 2022 judicia
237 1952 421 2035 celebrentur,
438 1951 512 2007 omni
527 1951 636 2023 penitus
650 1947 810 2006 auctoritate
828 1946 863 2003 sit
876 1964 926 2001 va·
977 1953 1071 2008 sedem
1098 1950 1297 2023 appellatione,
1314 1968 1368 2006 uno
1389 1951 1507 2022 capitulo
1532 1952 1673 2023 sagaciter

122 2056 204 2096 cuum
226 2039 359 2113 quidquid
387 2040 421 2096 ab
446 2039 555 2095 illorum
579 2038 661 2094 luerit
677 2034 870 2094 constitutione
885 2035 926 2089 di·
975 2048 1101 2112 potenter
1125 2039 1673 2112 0101001110οω(00101.11οη000111.]

122 2144 269 2186 versum.»
287 2130 327 2185 110
341 2129 418 2199 cujus
432 2127 577 2200 privilegio
591 2134 618 2182 et
638 2127 669 2182 B.
685 2123 847 2182 Ambrosius
861 2123 928 2179 dicit
980 2146 1041 2201 quae
1069 2138 1159 2184 autem
1185 2144 1275 2185 cause
1301 2128 1346 2186 vel
1374 2130 1563 2185 contentiones
1578 2126 1673 2184 interi

120 2217 340 2287 (lib.1chidc,
357 2233 382 2273 c.
399 2218 478 2288 9);«
503 2216 565 2272 Non
577 2217 698 2270 humanit
711 2211 854 2278 industria,
871 2228 925 2267 non
976 2226 1032 2273 tam
1048 2218 1199 2289 superioris
1222 2217 1336 2291 gradus,
1354 2233 1436 2289 quam
1462 2217 1543 2273 etiam
1557 2216 1673 2274 inferior

121 2304 318 2377 compositione
346 2304 448 2376 aliqua,
464 2302 580 2361 trecenti
595 2302 692 2358 decem
720 2309 746 2357 et
774 2307 836 2359 octo
864 2300 924 2371 cpi·
975 2306 1031 2361 rint
1046 2315 1159 2372 exorte,
1169 2306 1273 2377 placuit
1287 2314 1317 2362 ut
1332 2306 1481 2363 secuudum
1488 2306 1626 2377 synodum
1640 2305 1673 2362 Ni

121 2392 197 2464 scopi
220 2392 255 2447 ad
275 2391 422 2449 concilium
436 2400 639 2458 convenerunt;
655 2390 702 2446 sed
718 2398 748 2445 ut
770 2387 798 2444 in
812 2404 925 2444 numero
977 2395 1155 2468 congregatis
1166 2394 1292 2450 omnibus
1302 2395 1425 2464 ejusdem
1434 2394 1582 2465 provinciae
1592 2393 1673 2466 episc

126 2497 231 2551 eorum,
247 2497 298 2553 per
313 2480 421 2553 signum
450 2496 507 2536 suae
519 2479 657 2551 passionis
680 2487 705 2534 et
726 2476 855 2544 nominis,
870 2477 925 2534 Do·
976 2483 1076 2539 dicium
1090 2483 1264 2548 terminetur,
1283 2497 1333 2538 nec
1348 2482 1429 2539 alicui
1443 2482 1534 2549 liceat,
1545 2483 1606 2538 sine
1620 2497 1673 2554 pra

122 2570 211 2625 minus
225 2570 305 2625 lesus
320 2584 370 2625 suo
385 2585 415 2624 se
442 2569 573 2640 probaret
595 2568 693 2623 adesse
716 2564 840 2633 consilio,
858 2581 924 2621 crux
975 2579 1067 2628 tamen
1091 2572 1221 2628 Romane
1247 2571 1388 2637 Ecclesiae,
1404 2572 1448 2628 cui
1476 2571 1503 2626 iu
1532 2572 1664 2627 omnibus

121 2659 149 2715 in
163 2658 304 2726 trecentis,
314 2658 395 2714 lesus
406 2673 506 2713 nornen
521 2657 550 2712 in
562 2656 658 2714 decem
669 2663 696 2712 et
709 2663 770 2712 octo
784 2660 925 2712 estsaccr·
975 2660 1057 2716 debet
1074 2659 1228 2716 reverentia
1247 2660 1392 2727 custodiri,
1410 2658 1513 2717 relictis
1527 2660 1569 2714 bis
1594 2674 1673 2718 sacer

120 2736 238 2803 dotibus.
259 2770 269 2798 ι
290 2770 301 2799 ι
319 2748 353 2802 111
367 2747 442 2815 mihi,
460 2746 547 2818 inquit
570 2745 687 2800 Hilarius
707 2745 873 2817 1110000011,
896 2742 924 2798 in
975 2748 1062 2820 quiin
1092 2747 1186 2803 eadem
1214 2747 1353 2819 provincia
1368 2748 1418 2803 liei
1433 2747 1585 2804 Ecclesiam
1599 2753 1670 2804 nutu

121 2835 196 2908 line),
212 2834 257 2891 ille
272 2835 331 2908 ipse
347 2831 924 2905 110100100ὴί0001011000111000111111-
974 2822 1140 2909 gubernant,
1156 2836 1192 2891 ad
1214 2835 1281 2891 alias
1300 2834 1447 2893 convolare
1475 2836 1645 2906 provincias.
1662 2835 1673 2905 1

120 2925 185 2978 ham
199 2921 287 2980 victor
302 2940 399 2996 regum
414 2921 570 2993 impiorum,
594 2922 628 2977 ab
643 2937 676 2977 eo
692 2921 736 2993 qui
762 2919 858 2977 aetcrni
875 2934 922 2975 sa·
975 2925 1036 2996 quis
1053 2923 1122 2979 10110
1137 2924 1352 2996 presumpserit,
1365 2932 1391 2979 et
1401 2924 1434 2979 ab
1445 2923 1534 2980 officio
1544 2924 1673 2980 clerisub

120 3010 233 3068 cerdotii
247 3018 288 3067 est
304 3009 392 3066 forma
407 3008 586 3067 benedicitur.
606 3029 617 3060 ι
634 3010 667 3066 111
683 3008 745 3064 hinc
772 3006 837 3064 item
852 3007 920 3064 bea-
975 3020 1002 3067 et
1015 3012 1175 3081 injuriarum
1190 3028 1253 3068 reus
1273 3011 1308 3067 ab
1326 3013 1452 3067 omnibus
1478 3011 1625 3082 judicetur.
1645 3011 1673 3069 Si

120 3109 163 3154 tus
177 3100 231 3156 Leo
246 3115 319 3172 papa
343 3099 378 3154 ad
392 3098 549 3155 Anatolium
573 3098 666 3170 (epist,
689 3100 732 3165 56,
762 3103 825 3168 post
839 3112 920 3167 supe·
936 3067 960 3130 C
975 3100 1091 3169 majores
1106 3115 1195 3157 cause
1209 3101 1237 3155 in
1251 3101 1342 3157 medio
1356 3100 1457 3156 luerim
1472 3100 1617 3167 devolutae,
1634 3101 1670 3157 ad

118 3187 202 3259 riora)
226 3207 233 3255 ;
257 3209 268 3239 ι
293 3187 386 3245 Sancti
405 3187 444 3243 illi
464 3195 490 3243 et
511 3184 680 3244 venerabiles
697 3185 802 3255 Patres,
832 3182 921 3257 quiin
971 3188 1147 3260 apostolicam
1175 3188 1244 3245 sicut
1268 3188 1389 3259 synodus
1417 3190 1523 3254 statuit,
1541 3197 1568 3244 et
1597 3189 1673 3246 beata

101 3276 189 3338 ,urbe
210 3276 331 3346 Nicaena,
360 3275 497 3350 sacrilego
524 3275 589 3331 Ario
618 3289 679 3330 cum
708 3289 756 3328 sua
783 3271 920 3345 impietate
973 3277 1086 3333 suetudo
1101 3277 1186 3356 erigit
1204 3286 1266 3349 post
1276 3276 1410 3348 judicium
1418 3277 1573 3350 episcopale
1583 3276 1673 3335 resera

118 3366 255 3432 damnato,
271 3380 414 3421 mansuras
429 3362 557 3437 usquein
571 3362 653 3419 finem
666 3361 761 3418 mundi
775 3360 853 3436 leges
872 3376 920 3418 ec·
970 3366 1001 3421 ln
1015 3381 1048 3421 eo
1062 3366 1135 3421 enim
1151 3365 1224 3437 quod
1238 3364 1315 3434 dicit,
1331 3374 1361 3421 ut
1370 3366 1520 3422 secundum
1538 3366 1673 3437 synodum

117 3454 333 3512 clesiasticurum
361 3470 496 3512 canonum
525 3451 714 3518 condiderunt,
732 3458 760 3507 et
773 3449 848 3523 apud
870 3466 921 3507 nos
971 3470 1045 3523 nam,
1060 3453 1237 3527 congregatis
1267 3455 1391 3523 ejusdem
1412 3454 1558 3527 provinciae
1585 3454 1673 3526 episct

116 3544 144 3599 iu
160 3551 229 3601 toto·
245 3543 312 3599 orbe
336 3549 473 3599 terrarum
484 3541 512 3597 in
541 3541 597 3597 suis
623 3539 861 3597 constitutionibus
881 3538 921 3595 vi·
973 3542 1074 3599 exortis
1086 3543 1175 3598 causis
1184 3542 1315 3611 iudicium
1326 3543 1496 3608 terminetur,
1510 3543 1673 3615 capitulum]

116 3638 235 3702 10111,οῑ
259 3629 364 3704 siquid
392 3644 510 3703 usquam
538 3628 618 3686 aliter
645 3644 727 3701 quam
748 3626 788 3684 illi
802 3634 922 3684 statuere
972 3631 1080 3687 concilii
1106 3631 1141 3687 de
1170 3631 1410 3688 excommunicatis
1424 3632 1573 3702 explanat:
1597 3632 1629 3687 ln
1653 3647 1673 3689 e

117 3719 303 3792 presumitur,
319 3720 379 3776 sine
394 3717 566 3776 stipulatione
582 3724 717 3772 cassatur.
740 3736 751 3767 ι
973 3719 1009 3774 ad
1027 3719 1092 3774 alias
1121 3707 1359 3792 quemcunque'de
1384 3718 1569 3776 ecclesiastico
1588 3719 1673 3777 ordint

153 3809 189 3863 X.
207 3805 289 3875 Quod
309 3815 433 3863 sanctum
448 3814 476 3861 et
489 3805 634 3877 mysticum
658 3803 806 3861 concilium
820 3803 922 3875 praeci·
973 3807 1047 3862 hibet
1061 3807 1208 3864 convolare
1229 3807 1394 3879 provincias,
1412 3807 1485 3864 aliud
1500 3809 1652 3880 capitulum

119 3895 159 3966 pit
174 3896 250 3964 (ccc.
269 3894 297 3966 ν)
314 3909 321 3950 :
340 3915 351 3945 ι
369 3894 409 3949 Dc
424 3893 467 3948 bis
482 3892 528 3965 qui
554 3891 745 3949 communione
769 3891 921 3963 privantur,
973 3895 1081 3951 concilii
1100 3895 1225 3966 explicat,
1252 3896 1326 3967 quod
1337 3897 1423 3965 iubet,
1440 3903 1468 3952 ut
1482 3912 1532 3968 per
1561 3897 1673 3972 singula

119 3990 147 4040 01
161 3982 219 4040 sive
233 3995 272 4038 en
286 3980 370 4049 clero,
388 3981 446 4037 sire
462 3998 495 4037 cx
523 3980 592 4038 laico
612 3979 717 4049 ordine,
734 3979 770 4037 ab
783 3979 923 4053 episcopis
974 3984 1077 4041 vincias
1106 3983 1162 4038 suis
1190 3984 1336 4058 privilegia
1371 3996 1515 4040 serventur
1542 3985 1673 4044 Ecclesiis

118 4086 168 4143 per
183 4084 402 4144 unamquamque
430 4067 598 4142 provinciam
626 4067 760 4126 sententia
788 4067 923 4143 regularis
973 4071 1130 4144 prejudicio
1153 4081 1245 4129 tamen
1261 4073 1390 4130 Romane
1404 4074 1534 4131 Ecclesia
1551 4093 1558 4129 z
1575 4085 1604 4131 ut
1620 4075 1673 4133 sin

121 4158 251 4229 obtineat,
277 4166 305 4214 ut
325 4157 352 4214 lri
373 4159 420 4233 qui
448 4156 623 4230 abjiciuntur,
639 4157 674 4214 ab
698 4155 760 4213 aliis
788 4172 843 4214 non
857 4156 925 4213 reci·
974 4177 1073 4229 causae,
1089 4177 1206 4234 quarum
1229 4177 1284 4216 una
1305 4169 1347 4218 est
1368 4161 1402 4217 de
1417 4162 1540 4234 episcopi
1551 4164 1668 4233 judicati

120 4247 231 4320 piantur
247 4264 254 4304 :
272 4245 428 4321 requiratur
455 4255 556 4314 autem,
572 4264 607 4304 ne
634 4245 864 4320 pusillanimitate,
880 4254 924 4301 aut
974 4251 1084 4318 latione,
1100 4251 1128 4305 in
1156 4249 1247 4306 medio
1263 4248 1363 4307 inerint
1377 4251 1521 4319 devolutae,
1547 4253 1673 4312 adsedet

120 4336 304 4404 contentione,
321 4337 365 4394 vel
387 4335 442 4392 alio
458 4335 579 4409 quolibet
594 4333 716 4409 episcopi
735 4334 811 4402 vitio,
826 4329 923 4391 'videa-
976 4338 1111 4405 stolicam,
1126 4338 1197 4395 siunt
1211 4339 1342 4410 synodus,
1359 4340 1423 4411 quin
1434 4339 1617 4411 sardicensis,
1635 4348 1673 4401 ste

121 4435 167 4484 tur
181 4442 197 4484 a
212 4416 431 4500 congregatione
447 4424 581 4482 seclusus.
598 4426 632 4482 Ut
641 4425 693 4481 hoc
704 4440 772 4498 ergo
782 4421 923 4482 decentius
936 4425 963 4484 D
975 4435 1053 4484 vetus
1072 4427 1240 4484 consuetudo
1269 4427 1362 4500 exigit,
1380 4436 1442 4500 post
1459 4429 1594 4498 iudicium
1622 4430 1673 4503 epb

120 4514 281 4589 inquiratur,
298 4514 368 4571 bene
393 4512 494 4586 placuit
517 4512 597 4570 annis
611 4512 727 4587 singulis
755 4529 805 4586 per
831 4527 926 4568 unam·
974 4513 1137 4572 referantur.
1165 4515 1282 4583 Scilicet,
1299 4526 1327 4571 ut
1354 4525 1400 4571 aut
1411 4518 1486 4586 juxta
1506 4517 1673 4589 praemissam

122 4620 258 4677 quamque
273 4601 442 4676 provinciam
457 4600 499 4656 bis
518 4601 546 4657 in
565 4617 635 4658 anno
659 4601 775 4659 concilia
790 4599 925 4659 celebrari
974 4619 1050 4660 mum
1085 4603 1255 4661 Sardicensis
1282 4604 1389 4661 concilii
1406 4606 1571 4678 capitulum,
1616 4622 1672 4681 app

121 4700 153 4748 ut
180 4692 370 4761 communiter,
397 4689 525 4748 omnibus
550 4688 629 4747 simul
653 4689 791 4762 episcopis
805 4705 925 4763 congre·
975 4693 1096 4765 episcopi
1112 4708 1192 4748 causa
1206 4692 1234 4748 in
1257 4693 1408 4764 provincia,
1425 4696 1452 4750 in
1466 4712 1518 4767 qua
1532 4693 1582 4751 fuit
1597 4705 1673 4755 exart

122 4780 192 4851 gatis
207 4780 364 4852 provincie,
381 4777 739 4848 discutiantur,hujusm0di
760 4776 925 4850 questiones
975 4781 1073 4849 niatur,
1089 4789 1134 4836 aut
1160 4782 1291 4850 judicium
1328 4783 1518 4855 episcoporum
1547 4785 1673 4857 provinci

123 4875 150 4922 et
164 4868 213 4938 sic,
228 4868 275 4940 qui
294 4886 343 4926 suo
366 4875 548 4943 peccaverunt
563 4867 705 4925 evidenter
720 4866 859 4938 episcopo,
875 4882 925 4922 er·
976 4870 1094 4927 cundum
1121 4871 1231 4926 decreta
1259 4870 1399 4939 Bonilacii,
1415 4871 1572 4943 apostolice
1601 4874 1673 4932 sedis

123 4955 315 5012 communicati
337 4957 532 5015 rationabiliter
554 4956 587 5011 ab
611 4954 746 5013 omnibus
760 4954 926 5011 aestimentur
975 4959 1052 5014 ritate
1077 4957 1264 5027 confirmetur,
1283 4967 1308 5014 et
1324 4959 1394 5016 sicut
1422 4961 1476 5016 Leo
1505 4963 1625 5034 scripsit,
1655 4980 1673 5032 q

122 5058 265 5117 usquequo
279 5043 322 5100 vel
344 5045 372 5099 in
387 5045 534 5114 communi,
551 5044 595 5101 vel
611 5044 741 5116 episcopo
755 5043 863 5117 placeat
877 5043 926 5098 hu·
976 5047 1050 5103 sedis
1069 5048 1204 5104 sententia
1229 5041 1380 5103 roboretur.
1397 5048 1468 5117 Quia
1481 5065 1547 5105 vero
1567 5059 1673 5109 sanctus

124 5133 275 5190 maniorcm
290 5145 341 5202 pro
355 5131 455 5189 talibus
469 5133 543 5190 serre
558 5132 755 5190 sententiam.»
976 5135 1081 5192 centius
1104 5152 1159 5191 non
1177 5136 1327 5205 Nicaenam,
1354 5136 1404 5192 sed
1420 5139 1612 5195 sardicensem
1640 5156 1673 5213 sy

158 5221 208 5278 xt.
230 5219 313 5290 Cujus
323 5226 424 5276 sanctae
439 5221 535 5292 synodi
550 5221 769 5279 constitutionem
784 5220 928 5277 Sardicen-
976 5223 1011 5278 de
1034 5225 1216 5298 appellatione
1236 5226 1357 5298 episcopi
1380 5227 1531 5283 adsedem
1558 5226 1673 5299 apostoli

125 5322 170 5363 ses
184 5322 306 5366 canones
319 5323 374 5364 non
401 5308 557 5365 convellunt
570 5311 642 5383 (cop.
659 5313 697 5379 7),
716 5311 761 5382 qui
779 5324 927 5381 00111000-
977 5314 1163 5370 auctoritatem
1191 5314 1283 5383 traxit,
1306 5314 1352 5386 qui
1379 5322 1510 5388 utrasque
1539 5318 1662 5388 synodos

124 5393 205 5452 tiliois
214 5395 329 5453 Romani
351 5394 456 5454 vicario
470 5394 514 5451 vel
538 5397 650 5456 arbitrio
665 5413 777 5455 causam
805 5394 927 5471 episcopi
976 5411 1069 5472 aperte
1087 5402 1223 5475 intelligit.

123 5491 153 5549 in
179 5492 339 5565 prouinciali
368 5492 473 5567 synodo
493 5491 616 5566 iudicati,
640 5496 721 5553 etiam
736 5495 927 5569 episcopcrum
1012 5499 1074 5558 1111.
1090 5500 1182 5558 Sacrae
1204 5500 1282 5575 leges
1297 5517 1329 5559 ac
1358 5499 1471 5578 regule,
1486 5503 1667 5579 presbyteros
