3794 6104
121 200 190 257 tota
612 201 783 262 attentos
810 200 1002 260 tiotttctltls
1029 203 1258 264 stNottattart.
1714 219 1780 274 tett

114 326 269 397 jacentium
284 343 401 402 corpora
414 345 468 385 non
484 328 571 384 solum
586 345 601 383 a
616 329 749 401 sepulcris
772 330 923 384 instaurato
937 328 1069 391 Aintima
1082 348 1188 403 ungnes
1209 332 1333 404 producti
1355 341 1502 406 penetrare
1526 336 1700 396 viderentur.
1716 339 1778 410 Qus

125 416 220 473 dolore
236 417 355 485 effossa,
372 435 467 475 verum
482 417 564 473 etiam
580 425 605 472 et
620 418 655 473 ad
669 418 796 489 proprias
811 433 924 489 posses·
976 432 1056 473 mane
1070 418 1142 476 iacto
1153 421 1276 488 veniens,
1288 422 1353 477 dum
1368 431 1431 479 ante
1445 425 1533 482 altare
1548 426 1578 480 iu
1592 437 1777 500 quesanctum

124 504 217 562 aiones
232 515 293 562 sunt
308 507 487 579 bacillaeque
509 507 632 562 devecta.
654 506 776 578 Cumque
801 514 925 577 paratum

125 592 221 650 fuisset
237 612 290 668 quo
305 594 468 651 sanctissimi
490 611 589 665 corpus
605 595 735 651 Germani
752 596 787 650 ad
802 594 925 666 superins

126 682 225 739 dictam
240 683 331 738 viliam
347 683 457 738 Cumbis
472 684 567 739 iterum
584 683 647 739 ferri
661 684 782 750 deberet,
798 683 865 737 iliud
875 698 926 738 nos

129 772 203 842 quod
225 780 288 828 tune
303 772 404 828 ibidem
420 780 528 846 gestum
543 780 584 827 est
599 772 758 828 miraculum
774 772 866 828 dicere
878 772 924 840 ju-

127 866 182 915 vat.
209 858 324 928 Quidam
352 869 443 916 autem
471 869 612 926 nostrum,
635 861 744 917 nomine
768 861 924 928 adalarius,

975 506 1132 578 quiescebat
1143 525 1243 581 corpus
1259 518 1356 566 statuta
1372 511 1481 580 luisset,
1499 515 1539 572 sic
1554 524 1620 587 post
1644 517 1777 574 modicum

975 596 1118 652 emendato
1146 598 1262 665 delicto,
1285 609 1314 654 ut
1336 600 1427 657 fuerat
1445 603 1542 674 prius,
1559 620 1631 659 sana
1654 607 1776 678 regredi·

975 691 1041 738 tur:
1058 700 1108 741 nec
1122 686 1243 757 gloriosa
1258 688 1367 743 domina
1391 690 1542 762 gloriosum
1568 693 1717 765 dedignata
1739 704 1777 751 est

976 769 1140 825 Germanum
1158 781 1315 828 consortem
1332 790 1380 829 seu
1397 784 1583 847 reparatorem
1610 778 1657 833 sui
1680 779 1774 838 hahere

976 857 1109 914 miraculi.

1275 949 1388 1007 CAPUT
1407 953 1478 1007 viti.

126 948 274 1004 monachus
290 957 317 1004 et
330 951 470 1018 sacerdos,
488 949 527 1006 sic
542 965 592 1020 per
607 957 713 1020 tempus
729 949 856 1005 continua
881 965 925 1003 re-

127 1051 193 1091 num
207 1036 362 1110 fatigatione
377 1038 474 1094 debilis
489 1037 575 1094 iactus
591 1038 747 1107 exstiterat,
775 1052 828 1109 quo
851 1036 925 1092 nullo

128 1131 211 1186 modo
225 1148 275 1203 per
290 1149 319 1188 se
334 1134 378 1188 vel
393 1133 427 1188 ad
439 1134 584 1201 modicum,
597 1132 649 1186 nisi
665 1149 718 1188 uno
734 1141 759 1188 et
775 1133 925 1203 praesertim

1012 1036 1045 1090 Ut
1060 1042 1147 1090 autem
1164 1044 1302 1093 taceamus
1317 1039 1351 1095 de
1366 1039 1476 1112 reliquis
1491 1056 1526 1097 ea
1542 1050 1709 1115 tempestate
1730 1062 1775 1118 per

976 1124 1101 1178 eumdem
1117 1134 1236 1180 sanetum
1252 1126 1279 1180 in
1294 1128 1391 1183 eodem
1406 1129 1466 1185 loco
1488 1132 1609 1201 patratis
1632 1134 1772 1206 miraculis,

127 1218 234 1275 duobus
249 1228 416 1276 sustentatus
426 1221 539 1288 baculis,
556 1221 684 1276 incedere
699 1220 810 1276 valeret.
821 1219 926 1288 Quibus
976 1211 1081 1267 dicatur
1095 1229 1166 1269 nunc
1180 1213 1246 1269 illud
1261 1215 1294 1270 de
1308 1216 1427 1288 quodam
1451 1233 1526 1274 caeoo
1550 1219 1715 1277 mirabiliter
1732 1239 1774 1279 cu·

126 1308 258 1364 adductus
270 1309 386 1364 renitad
401 1309 546 1366 ecclesiam
562 1310 631 1365 inter
648 1309 768 1380 reliquos
787 1325 924 1382 gemens:
976 1307 1044 1366 rato,
1062 1301 1186 1372 quidum
1202 1302 1283 1359 alieni
1306 1320 1418 1376 gressus
1443 1307 1541 1363 solatio
1567 1307 1669 1364 fuisset
1693 1318 1773 1366 attre-

126 1397 315 1469 accedensque
325 1397 451 1454 adsencti
461 1397 584 1468 praesulis
596 1413 695 1468 corpus
703 1397 759 1465 J'am
771 1397 803 1451 ad
814 1396 926 1452 efferen-
976 1396 1045 1455 cius,
1076 1405 1153 1444 suam
1176 1390 1230 1448 illic
1253 1408 1303 1463 per
1325 1393 1384 1448 dies
1404 1396 1544 1452 exorando
1567 1398 1774 1468 praestolabatur

126 1484 192 1540 dum
206 1485 309 1541 fererro
324 1494 460 1557 aptarum,
479 1487 579 1541 seuduir
594 1503 663 1540 unus
678 1501 728 1542 nec
742 1486 842 1541 tardior
864 1485 926 1558 qur.
977 1478 1099 1533 salutem.
1125 1480 1196 1535 Nam
1216 1488 1242 1536 et
1265 1481 1359 1537 solitus
1380 1492 1438 1538 erat
1461 1484 1516 1539 alia
1540 1486 1639 1543 nescio
1664 1488 1773 1559 quadam

126 1573 258 1629 demessa
268 1574 442 1645 portantium.
457 1576 486 1629 Et
501 1575 552 1629 boc
563 1575 654 1630 divino
665 1573 830 1647 suffragante
851 1575 927 1629 auxi·
976 1565 1174 1623 intercurrente
1196 1567 1359 1638 infirmitate,
1378 1571 1478 1627 mullas
1493 1573 1623 1629 crebrius
1638 1591 1720 1648 quam
1735 1593 1773 1631 ³1¹·

125 1660 162 1716 lic
177 1662 304 1732 precibus
319 1663 406 1719 saneti
421 1663 586 1730 sublevatus,
605 1662 717 1731 relicto,
735 1663 806 1731 imo,
825 1671 853 1716 ut
868 1663 925 1734 ipse
939 1689 965 1750 Β
978 1655 1047 1709 biens
1063 1671 1123 1711 cum
1140 1657 1241 1730 gemitu
1257 1658 1359 1714 doloris
1374 1659 1515 1717 effundere
1530 1677 1626 1718 uoces.
1643 1664 1722 1721 Unde
1735 1665 1774 1720 ali·

126 1756 189 1821 post
203 1749 309 1819 aiebat,
325 1751 408 1807 conto
422 1752 581 1807 baculorum
596 1750 701 1816 officio,
717 1751 837 1807 vicissim
858 1768 924 1822 per·
978 1744 1088 1815 quando
1111 1745 1189 1817 quasi
1213 1746 1400 1818 importunus,
1416 1750 1501 1821 etqui
1522 1751 1652 1814 eeclesiae
1667 1752 1773 1808 silentiis

128 1837 193 1909 egit,
208 1839 359 1910 usquedum
375 1840 411 1894 ad
426 1839 567 1910 praelatam
582 1839 692 1894 Cumbis
707 1839 800 1896 villam
816 1839 925 1896 uinculo
975 1840 1047 1887 esset
1063 1833 1208 1905 inquietus,
1226 1836 1415 1908 aquibusdam
1431 1848 1583 1910 correptus,
1610 1839 1694 1896 nimis
1708 1857 1772 1897 mee-

128 1924 290 1981 infirmitatis
305 1927 409 1982 solutus
431 1929 607 2001 pertingeret.
633 1927 694 1996 Quo
717 1927 745 1982 in
769 1928 830 1984 loco
854 1928 925 1983 beati
975 1938 1039 1976 rens
1054 1921 1184 1977 aliorsum
1200 1923 1239 1978 ire
1255 1924 1402 1995 disponens
1424 1928 1557 1996 recessit;
1579 1929 1773 2004 destinavitque

128 2014 250 2086 corporis
265 2015 347 2087 gleba
367 2032 450 2086 super·
473 2016 560 2072 altare
584 2016 770 2073 venerandum
792 2017 923 2088 exposita,
974 2010 1075 2077 animo,
1092 2018 1119 2065 ui
1134 2012 1167 2066 ad
1184 2014 1327 2083 quamdam
1350 2015 1495 2070 ecclesiam
1518 2017 1545 2070 in
1568 2017 1636 2073 villa
1656 2019 1772 2074 Ruoilo¹

125 2101 184 2175 ipse
200 2103 302 2175 gratias
316 2121 401 2181 agens
420 2106 458 2162 ‘ad
480 2121 559 2162 omne
584 2105 714 2180 quidquid
738 2105 820 2162 roluit
843 2122 925 2163 sanus
974 2099 1002 2154 in
1020 2100 1105 2171 ipsius
1128 2101 1214 2157 sancti
1236 2103 1338 2159 honore
1359 2104 1494 2172 dicatam,
1516 2106 1583 2178 quia
1606 2124 1696 2180 prope
1710 2117 1770 2175 erat,

127 2192 222 2250 evasit.
975 2188 1134 2254 diverteret;
1151 2190 1242 2262 ibique
1257 2192 1320 2246 dum
1332 2199 1439 2264 tempus
1454 2194 1496 2248 sni
1511 2195 1619 2250 reniret
1629 2196 1773 2253 miserendi

439 2292 550 2349 CAPUT
571 2294 614 2348 vr,
974 2282 1107 2329 maneret.
1124 2273 1200 2343 Quod
1217 2291 1277 2330 cnm
1292 2277 1395 2347 praevie
1410 2293 1440 2332 se
1455 2279 1573 2334 ducente
1589 2279 1711 2345 iecisset,
1727 2296 1772 2335 an·

162 2387 267 2445 Deinde
291 2389 404 2462 contigi,
424 2399 485 2460 post
506 2390 614 2462 aliquod
637 2390 773 2446 evolumm
798 2391 925 2461 ,emporis
975 2370 1084 2434 tequam
1100 2362 1221 2431 ejusdem
1248 2364 1368 2421 basiliere
1389 2367 1501 2435 januam
1525 2367 1663 2435 intraret,
1686 2370 1771 2425 lumen

126 2478 252 2548 epatium,
270 2485 299 2532 ut
310 2478 375 2534 iliue
390 2479 522 2550 quispiam
538 2479 672 2534 daemonio
687 2480 784 2550 plenus
803 2480 925 2534 adduce·
974 2451 1116 2550 ΟῩἿῙΟΨῺ
1132 2452 1233 2550 Γῗοθρὴ
1250 2469 1255 2505 ²
1272 2469 1388 2525 ¹¹¹⁰¹q¹¹e
1411 2461 1486 2510 ΜΒ
1511 2456 1619 2511 “emus
1641 2457 1694 2512 Sibi
1717 2459 1772 2512 ‘¹⁸¹³

126 2575 211 2635 retur,
228 2584 309 2640 quem
325 2576 440 2638 quatuor
454 2567 540 2623 terme
555 2569 605 2623 viri
621 2577 713 2623 tenere
735 2568 779 2623 xix
803 2578 923 2638 possent.
974 2547 1126 2595 V¹⁵¹¹³t¹⁰¹¹e
1138 2542 1295 2608 J⁰c¹¹¹¹d¹¹⁵’
1320 2543 1355 2597 ad
1380 2545 1506 2598 eumdem
1532 2553 1658 2600 samum
1683 2546 1772 2602 videns

126 2655 245 2726 Maligna
268 2657 366 2728 quippe
391 2657 501 2728 vigebat
526 2657 639 2722 virtum,
665 2667 777 2728 ermque
793 2674 825 2711 ex
840 2657 925 2727 ipsius
974 2627 1121 2727 laudesque
1136 2629 1417 2730 vociferansdumbis
1433 2633 1588 2689 revertitur.
1611 2634 1674 2689 Fuit
1688 2635 1772 2707 itaque

126 2744 213 2799 sancti
228 2744 339 2799 familiae
352 2745 510 2810 colonibus,
526 2752 606 2817 atque
626 2746 660 2800 de
683 2745 747 2800 villa
771 2760 854 2815 supra
868 2762 925 2800 me,
974 2717 1103 2788 gaudium
1119 2717 1247 2772 iratribus
1262 2736 1449 2791 universxsque
1463 2721 1529 2775 inibi
1540 2724 1770 2788 conversantibus,

125 2840 232 2888 morata
247 2833 376 2887 Prunido.
392 2833 508 2888 Advenit
524 2850 591 2905 ergo
607 2833 733 2901 manibus
746 2833 924 2888 violentorum
975 2815 1056 2904 ΨΘ
1072 2823 1121 2905 1³³¹:
1135 2822 1231 2906 Pmnef
1242 2808 1453 2907 circumqqa‘iue
1467 2825 1522 2865 ¹¹⁰⁰
1539 2811 1651 2868 ¹¹¹⁰di⁰³
1661 2813 1772 2867 admiffi·

126 2918 277 2989 impulsus,
307 2920 533 2992 tergiversatione
561 2921 710 2975 reluctante
739 2921 842 2985 bostis,
858 2920 925 2975 lusti
975 2895 1169 2992 1¹⁰⁰¹⁸¹ae¹J¹¹³·
1187 2896 1635 2995 H¹fffg⁰³q¹¹¹b¹¹⁸⁸xasi¹0s³m⁸
1659 2916 1773 2956 mm·

124 3007 298 3080 praesentiam
313 3008 425 3062 nimium
445 3007 625 3062 formidantis.
649 3011 742 3080 ltaque
765 3009 862 3064 multas
885 3009 924 3063 illi
974 2991 1030 3048 m¹=
1046 2992 1209 3054 Poennemes
1224 2986 1349 3055 ²¹¹⁰b³¹¹¹r
1367 3001 1396 3040 ⁵⁰
1411 2995 1437 3041 ‘³¹
1451 2987 1519 3042 ³¹50⁸
1535 2987 1581 3042 ¹³5
1607 2987 1680 3044 s³⁰¹⁰
1704 3005 1773 3044 ⁰⁰¹³·

123 3097 310 3166 adjurationes
322 3099 396 3166 juxta
412 3097 638 3152 consuetudinem
653 3097 797 3153 exorcismi
813 3098 922 3169 quidam
939 3049 1107 3142 Cm⁰¹¹i¹⁰⁵⁵
1124 3073 1160 3132 ad
1173 3089 1320 3144 P³¹¹P⁰f¹¹¹¹¹
1347 3074 1532 3150 debiliumque
1557 3077 1772 3150 ifflP⁰f¹¹¹¹¹i²⁰¹0⁵

122 3186 210 3242 nostri
223 3184 356 3252 lecerunt,
368 3186 463 3241 dantes
478 3185 588 3256 insuper
602 3195 627 3241 et
642 3186 768 3241 haustum
784 3203 861 3258 aquae
876 3187 923 3241 be·
972 3167 1107 3234 Panemes
1122 3178 1183 3220 ⁰⁵⁵0
1198 3163 1307 3219 debere·

123 3274 249 3331 nedictae.
266 3275 321 3329 Sed
336 3283 364 3329 ut
380 3275 405 3328 in
422 3291 455 3330 eo
470 3275 558 3345 potius
571 3274 715 3345 apostolici
730 3275 780 3329 viri
796 3275 921 3330 meritum
1274 3279 1387 3335 CAPUT
1405 3280 1455 3335 tx.

118 3363 285 3436 praefulgens
299 3364 476 3434 panderetur,
489 3364 624 3419 universis
640 3363 673 3416 ab
684 3378 716 3418 eo
727 3363 835 3418 tandem
847 3363 922 3435 quie·
1007 3364 1075 3418 Hinc
1089 3366 1239 3437 Helagiam,
1251 3368 1377 3439 generosi
1392 3369 1535 3441 sanguinis
1551 3370 1691 3437 seminam,
1706 3371 1772 3426 inter

119 3451 259 3509 scentibus
274 3452 390 3507 accessit
404 3451 497 3506 ultima
522 3452 644 3519 ejusdem
664 3452 809 3507 exorabilis
834 3452 921 3506 medi·
971 3452 1089 3524 reliquos
1103 3454 1166 3509 illuc
1182 3456 1290 3511 venisse
1301 3457 1448 3511 sanandam
1462 3500 1468 3523 ,
1484 3458 1624 3531 simulque
1650 3469 1769 3515 sanatam

119 3540 191 3597 cina.
202 3540 259 3609 Qua
267 3541 381 3610 depulsa
390 3541 480 3596 callidi
491 3541 646 3610 pervasoris
657 3541 779 3595 morbida
789 3540 920 3606 soeditate,
971 3541 1084 3596 rediisse
1099 3542 1249 3598 videamus.
1260 3546 1323 3600 Haee
1338 3546 1375 3599 ita
1385 3545 1573 3602 suffocationis
1587 3548 1715 3604 molestia
1725 3565 1770 3619 per

121 3629 211 3684 omnis
228 3630 256 3684 in
271 3646 303 3684 eo
315 3630 483 3684 incolumitas
495 3645 592 3683 sensus
603 3629 697 3700 vigore
709 3630 829 3684 restituto
840 3628 922 3684 intor-
971 3631 1068 3700 prolixi
1090 3633 1217 3702 temporis
1240 3650 1350 3690 cursum
1372 3635 1549 3708 elanguerat,
1567 3646 1596 3692 ut
1611 3654 1663 3694 nec
1678 3638 1769 3693 saitem

121 3726 220 3772 matur.
249 3717 424 3789 lniquissimo
454 3718 588 3789 siquidem
616 3718 765 3771 habitatore
789 3718 919 3787 projecto,
971 3719 1069 3773 divinis
1084 3721 1227 3792 aliquando
1243 3722 1375 3778 interesse
1390 3724 1501 3793 cupiens
1517 3724 1631 3792 officiis,
1648 3728 1710 3780 dum
1725 3742 1769 3780 so-

121 3805 190 3861 liber
206 3806 285 3864 exivit
310 3807 431 3878 captivus
453 3807 486 3861 ab
509 3823 598 3877 angue
622 3824 628 3859 ε
656 3807 838 3877 remansitque
867 3821 922 3861 non
971 3807 1428 3883 liustantumlegereturErangeiii
1439 3813 1530 3878 lectio,
1542 3814 1647 3870 durare
1659 3816 1769 3885 pedibus

122 3895 211 3950 solum
226 3904 350 3965 quatuor,
368 3896 484 3950 seduno
499 3896 588 3949 minus
604 3895 714 3949 bomine
729 3894 834 3950 veiens.

425 4010 537 4065 CAPUT
557 4011 613 4064 vti.

154 4109 306 4165 Adducitur
321 4117 347 4164 et
380 4110 504 4180 quaedam
529 4109 631 4164 scuriae
656 4116 796 4180 utramque
812 4126 920 4164 manum

121 4208 232 4272 gestans
247 4197 361 4253 aridam.
380 4200 442 4253 Haec
458 4197 522 4253 oiim
538 4215 586 4269 pro
603 4198 721 4270 qualibet
737 4198 788 4252 sibi
802 4198 920 4254 adhaesi-

121 4287 169 4343 bili
190 4286 346 4342 infrrmitate
362 4288 395 4342 ad
412 4296 511 4342 sanctae
539 4287 629 4342 itariae
657 4287 750 4359 [tetre
776 4290 860 4342 Deme
888 4288 921 4343 dc

120 4376 238 4450 Moesep]
255 4377 411 4442 basilicam,
430 4393 489 4447 quae
505 4376 541 4430 ibi
557 4392 643 4447 prope
658 4377 709 4430 sita
731 4384 790 4441 est,
807 4376 921 4430 annrraie
936 4407 1066 4483 Dremun

121 4474 214 4522 votum
227 4466 303 4534 juxta
327 4482 383 4520 suae
405 4464 572 4536 paupertatis
597 4464 738 4519 modulum
763 4481 795 4518 cx
818 4464 921 4518 dimidii

122 4554 228 4610 denarii
245 4543 390 4626 quantitate
406 4553 592 4608 constituerat.
620 4553 672 4607 Sed
688 4553 847 4607 adveniente
864 4554 921 4607 Do-

123 4643 230 4698 minicae
249 4641 468 4698 Resurrectionis
483 4641 543 4708 die,
560 4640 624 4694 emit
646 4640 726 4710 iude,
749 4641 845 4694 blanda
868 4640 922 4695 diei

125 4732 292 4802 subripiente
307 4730 471 4795 occasione,
488 4729 606 4784 edulium
622 4730 730 4797 carnis,
748 4738 828 4800 atique
844 4746 921 4784 com-

124 4821 189 4886 edit,
205 4820 404 4890 parvipendens
419 4819 516 4873 meiius
526 4834 579 4873 non
589 4834 699 4885 verere,
714 4834 794 4890 quam
807 4827 867 4888 post
879 4835 924 4873 xo·

121 4917 179 4964 tum
194 4917 256 4964 vota
280 4924 334 4963 non
358 4908 472 4963 reddere
496 4924 502 4960 :
533 4906 676 4978 statimqne
700 4915 729 4960 ut
749 4908 805 4962 sole
829 4908 922 4962 clauso

971 3898 1066 3951 stando
1082 3897 1194 3952 valeret.
1210 3900 1304 3970 Neque
1320 3901 1388 3956 banc
1403 3901 1537 3970 Dominus
1552 3903 1606 3973 piis
1621 3913 1707 3959 saneti
1728 3919 1767 3958 ca·

971 4000 1029 4039 rere
1048 3986 1133 4042 voluit
1155 3986 1303 4044 beneficiis.
1330 3988 1396 4058 Quae
1417 3990 1513 4045 diebus
1536 3991 1664 4062 plurimis
1685 3992 1766 4047 alieno

970 4082 1077 4144 portatu
1092 4076 1230 4144 subvecta,
1248 4092 1307 4132 eam
1324 4079 1350 4131 in
1366 4095 1418 4149 qua
1432 4079 1519 4150 ipsius
1534 4090 1596 4135 erat
1611 4097 1711 4152 corpus
1722 4081 1767 4134 ire

971 4172 1104 4234 queritans
1127 4165 1289 4231 eeclesiam,
1320 4182 1382 4222 cum
1411 4168 1500 4225 cereis
1523 4185 1633 4225 necnon
1662 4178 1688 4224 et
1714 4169 1767 4223 aliis

971 4252 1309 4323 oblationibuspiissimum
1328 4271 1360 4310 ex
1375 4257 1465 4311 animo
1481 4258 1670 4313 venerabatur
1683 4265 1765 4329 petre

970 4357 1044 4395 num.
1075 4342 1196 4413 Cumque
1219 4344 1349 4398 terminus
1365 4361 1419 4416 qim
1435 4347 1494 4415 ejus
1516 4346 1673 4402 devotionis
1697 4347 1766 4400 labor

1068 4431 1137 4484 erari
1161 4432 1289 4497 deberet,
1316 4433 1444 4488 divinitus
1456 4434 1514 4502 jam
1530 4434 1658 4505 praefixus
1674 4436 1766 4489 incum-

971 4517 1064 4580 beret,
1082 4519 1170 4572 statim
1199 4520 1303 4575 coeiesti
1331 4521 1440 4592 perfusa
1469 4523 1669 4588 medicamine,
1698 4531 1763 4577 tanta

971 4607 1094 4677 corporis
1118 4608 1234 4663 valentia
1263 4619 1325 4665 ante
1340 4610 1461 4679 ejusdem
1487 4612 1572 4667 sancti
1603 4613 1763 4683 praesentiam

971 4697 1095 4763 donetur,
1112 4706 1244 4768 qnatenus
1272 4700 1330 4753 Deo
1358 4699 1463 4770 ipsique
1492 4700 1653 4756 beatissimo
1671 4701 1762 4775 gratias

971 4800 1057 4859 agens
1074 4795 1200 4856 reparato
1215 4788 1290 4842 saluti
1306 4786 1445 4843 exsultans
1458 4789 1571 4845 rediret.

1286 4902 1400 4959 CAPUT
1419 4903 1456 4957 X.

124 4998 211 5072 gratia
227 4997 333 5069 soporis
349 4996 445 5052 cubilis
459 4996 501 5050 sui
517 5004 622 5050 secreta
638 4996 740 5066 petivit,
753 4997 786 5050 ita
798 4997 922 5049 manibus
1008 4989 1126 5061 Dignum
1136 4990 1259 5045 ducimus
1274 4991 1346 5062 qnod
1362 4991 1389 5045 iu
1404 4992 1583 5064 sequentibus
1595 4995 1759 5066 rpthrnoeor·

126 5087 183 5144 voti
206 5085 391 5142 violatricibus
414 5101 444 5140 ea
469 5085 495 5138 in
520 5093 598 5140 nocte
621 5085 798 5149 contrabitur,
824 5101 921 5154 quem·
972 5077 1760 5138 tineturrecolendumintersereremiruculum,Norrmanni

125 5176 271 5231 admodum
283 5183 405 5229 emortuo
422 5173 447 5226 in
464 5173 503 5227 eis
517 5173 648 5243 operandi
664 5172 763 5237 officio,
774 5173 922 5243 palmarum
972 5184 1037 5223 vero
1053 5169 1124 5238 apud
1135 5169 1262 5223 eumdem
1276 5168 1365 5223 iocum
1380 5170 1424 5240 qui
1440 5168 1540 5224 dicitur
1562 5169 1686 5227 Oseeiius
1704 5172 1724 5239 i,
1737 5171 1759 5224 in

160 5304 318 5366 ilnrrrprrs
349 5300 455 5351 Gallicus
482 5301 546 5350 hunc
569 5300 650 5350 lorum
685 5300 861 5362 interpretatur
892 5301 922 5351 dr
972 5296 1200 5358 Sequanam,cujns
1219 5294 1266 5344 rici
1290 5295 1318 5346 tlt
1341 5296 1433 5346 mentio
1451 5296 1475 5345 in
1500 5297 1633 5359 diplomate
1658 5296 1758 5349 ludovici

125 5368 178 5418 rice
207 5369 293 5431 durau
325 5367 438 5419 diocesis
474 5366 620 5426 senonicae,
656 5365 724 5427 crrjus
760 5371 841 5417 tamen
876 5368 924 5418 rici
972 5362 1180 5426 Augustiinira:
1203 5373 1259 5412 nam
1273 5362 1343 5413 istius
1362 5362 1408 5413 ioci
1427 5363 1532 5414 ecclesia
1547 5365 1575 5416 S.
1590 5367 1662 5416 Petro
1674 5366 1758 5416 sacrata

128 5434 231 5484 eeclesia
255 5437 281 5485 S.
306 5436 401 5485 tuliano
425 5439 479 5484 vota
502 5439 550 5485 cst.
589 5435 670 5495 Neque
700 5433 856 5496 explicandus
886 5435 923 5484 ri·
972 5429 1070 5479 dicitur.

128 5500 199 5551 detur
224 5500 263 5550 bic
285 5501 352 5551 locus
375 5501 405 5552 de
423 5502 500 5552 itioilo
531 5500 583 5551 rice
617 5501 673 5566 papi
696 5501 861 5552 maciacensis
893 5502 924 5552 ad
1007 5492 1104 5548 tisttus
1124 5495 1170 5548 loci
1193 5496 1306 5550 meminit
1326 5496 1425 5548 Corolia
1452 5497 1546 5551 cairus
1565 5499 1591 5551 in
1611 5499 1692 5552 libello
1714 5509 1757 5562 pro
