3794 6104
47 302 104 357 {69
798 298 986 357 EPISTOLAE.
1646 309 1697 362 ιιι

47 424 178 481 innoxius
184 432 288 496 percat,
301 425 512 496 sedpereuudus
521 423 728 480 monstrabitur.
741 426 852 497 Ecpur-
865 424 967 496 Aigne
983 432 1153 495 consumpta.
1178 424 1233 482 Sed
1247 432 1273 481 et
1292 425 1431 484 Gedeonis
1456 425 1619 485 sacniicium
1636 445 1699 486 cum

47 518 125 586 pote,
147 514 233 586 inquit
248 515 405 585 Apostolus,
431 518 510 569 vetas
525 517 709 585 serimentum,
732 518 765 569 ιιι
789 515 852 569 sitis
905 512 1048 583 superfuso
1060 513 1134 582 jure,
1150 514 1227 582 cujus
1249 514 1413 571 abundantia
1427 516 1497 572 solet
1511 517 1583 590 ignis
1598 518 1700 574 exstin-

46 619 122 660 ποια
136 606 309 676 consparsio,
320 605 573 674 sicutestiscaymi
583 604 609 674 (l
618 604 677 659 Cor.
691 618 719 669 v,
730 603 768 672 7).
780 605 819 657 dc
830 602 853 656 si
904 602 961 673 gui,
974 603 1182 674 perangelicum
1191 603 1382 672 ministerium,
1390 605 1454 677 igne
1469 607 1550 662 etiam
1563 607 1699 663 lambente

49 699 181 762 patenter
195 693 266 748 dicat
277 710 284 746 :
296 691 498 763 Reputatumde
513 690 634 756 crimino,
652 698 733 763 atque
748 706 853 763 negan-
903 698 1008 760 petram
1032 700 1223 762 consumptum
1243 701 1284 748 est
1306 695 1382 763 (iud.
1400 709 1437 761 vt,
1455 695 1520 767 ta);
1536 695 1602 752 etin
1618 695 1698 752 unius

50 789 117 846 tem,
136 797 217 852 quem
240 780 345 837 idoneis
368 781 483 835 testibus
501 779 646 848 judiciario
666 780 762 835 ordino
778 795 853 834 com·
904 779 1080 851 ejusdemque
1104 781 1231 837 clementi
1251 784 1380 853 mysterio
1403 792 1430 838 et
1443 781 1505 838 finis
1519 792 1561 840 est
1575 784 1658 853 titiis,
1674 792 1701 841 et

50 871 170 940 probare
180 870 310 940 nequitis,
322 877 367 924 aut
381 878 561 934 sacramanto,
575 876 620 923 aut
630 869 678 923 Dei
690 868 793 937 judicic
803 884 852 923 ex·
904 869 983 940 origo
1010 869 1164 936 virtutibus,
1187 879 1316 941 operante
1340 872 1440 943 Spiritu
1467 880 1570 939 sancto,
1588 873 1617 928 in
1631 889 1701 947 aqua

48 967 178 1030 purgate,
190 975 225 1013 ne
234 958 263 1012 in
274 958 454 1014 mediovcstri
463 974 578 1012 manens
588 957 853 1026 anatliema,dicatur
905 957 977 1012 sacri
991 957 1169 1028 baptismatis.
1190 960 1254 1015 llaec
1277 960 1394 1031 diligens
1410 960 1497 1017 lector
1511 962 1595 1032 legat,
1607 969 1634 1017 et
1644 977 1699 1018 uon

50 1046 130 1101 uobis
147 1063 154 1103 :
171 1048 330 1103 Anotbemc
341 1049 372 1103 io
387 1048 479 1104 toedio
494 1049 547 1113 toi,
565 1047 733 1112 lsraelem
746 1048 852 1119 poteris
903 1047 1046 1101 mirabitur
1058 1047 1085 1102 in
1098 1047 1200 1117 judicio
1211 1065 1287 1119 aqua
1301 1048 1408 1120 lrigidae
1418 1050 1576 1106 innocentes
1587 1051 1621 1105 ab
1630 1066 1700 1124 aqua

49 1139 128 1192 sture
153 1152 249 1192 corum
270 1137 397 1193 inimicis
414 1139 472 1193 tuis
491 1137 583 1205 (ictuc
599 1151 648 1199 vn,
669 1136 723 1205 13).
739 1135 774 1188 Et
788 1134 852 1189 item
902 1135 998 1206 recipi,
1016 1144 1146 1191 nocentes
1161 1146 1251 1192 autem
1266 1152 1320 1192 non
1334 1138 1419 1210 recipi
1435 1157 1441 1193 :
1458 1139 1526 1195 sicut
1541 1148 1567 1194 ει
1577 1140 1604 1195 ιιι
1626 1154 1698 1211 aqua

50 1224 115 1279 dicit
136 1224 284 1295 Apostolus
301 1243 308 1279 ε
326 1226 417 1281 Nolite
437 1225 647 1281 communicare
663 1225 788 1296 operibus
805 1226 851 1279 in·
903 1224 991 1280 calida
1016 1233 1169 1296 coquuntur
1189 1225 1273 1292 noxii,
1299 1226 1402 1283 innoxii
1437 1242 1501 1283 vero
1525 1236 1699 1284 reservantur

50 1314 209 1383 fructuosis
223 1314 527 1387 tenebrarumfflpltes.
540 1329 567 1378 v,
588 1315 642 1384 lt).
656 1313 733 1368 Unde
755 1315 851 1383 Augu·
902 1312 1010 1369 incocti.
1027 1313 1095 1383 Quia
1110 1323 1136 1369 et
1158 1315 1290 1382 Christus,
1314 1315 1434 1372 coelcstis
1448 1315 1583 1372 medicina
1601 1316 1698 1387 Patris,

50 1399 137 1456 sunus
146 1401 500 1473 (dcvcrbisDominiscrm.
515 1403 569 1472 18):
584 1402 693 1457 «Nolite
702 1401 853 1456 communi·
902 1418 985 1458 verus
1009 1402 1133 1458 liumanae
1160 1403 1283 1459 medicus
1305 1403 1409 1472 salutis,
1439 1405 1580 1460 invocatus
1605 1406 1699 1461 esuis

51 1504 123 1559 care,
142 1491 196 1546 hoc
211 1499 262 1556 est,
279 1490 362 1546 nolite
377 1492 543 1547 consentire.
562 1492 595 1545 Et
610 1490 672 1561 quia
685 1506 779 1562 parum
795 1497 853 1545 erat
902 1488 1038 1557 fidelibus,
1055 1498 1083 1545 ut
1099 1500 1125 1546 et
1139 1490 1252 1548 medicis
1263 1493 1355 1548 carnis
1369 1494 1429 1564 ipso
1443 1492 1592 1565 inspirante
1601 1491 1698 1562 solent,
1746 1538 1750 1552 .

50 1594 104 1634 non
119 1581 276 1635 consentire
293 1580 316 1635 si
331 1588 493 1651 sequeretur
507 1579 677 1653 negligentia
690 1578 850 1649 discipline,
901 1581 1039 1635 contraria
1064 1581 1217 1649 contrariis,
1241 1581 1329 1636 calida
1348 1580 1463 1652 frigidis,
1485 1581 1586 1653 frigida
1603 1581 1698 1639 calidis

52 1669 153 1740 magia
169 1668 268 1740 inquit,
284 1673 312 1724 at
327 1669 499 1741 redarguite.
522 1669 634 1723 Duobus
652 1668 741 1723 modis
756 1683 811 1722 non
826 1675 852 1722 te
902 1675 986 1723 curat.
1003 1668 1039 1723 Et
1052 1669 1080 1723 in
1104 1669 1189 1726 veteri
1213 1670 1347 1736 Ecclesia,
1374 1686 1434 1742 qua
1449 1677 1562 1728 vocatur
1576 1670 1700 1728 usitatius

51 1757 167 1813 maculat
182 1759 282 1824 malus,
297 1756 320 1814 si
334 1773 390 1814 non
403 1757 568 1825 consentias,
584 1766 611 1813 et
626 1757 649 1811 si
663 1757 823 1830 redarguas.
833 1779 844 1804 ι
862 1786 889 1846 Β
904 1756 1060 1830 Synagoga,
1082 1758 1117 1813 de
1140 1757 1220 1813 unius
1235 1759 1412 1830 ejusdemque
1426 1759 1567 1815 seditionis
1581 1759 1702 1816 homini·

53 1847 134 1918 lgitur
144 1847 304 1920 arguendas
318 1853 360 1903 est
374 1855 510 1918 peccator,
523 1854 550 1902 et
565 1847 588 1902 si
604 1845 746 1918 negaverit
760 1851 787 1901 et
801 1862 848 1901 or·
904 1845 965 1915 bus,
983 1846 1115 1917 quosdam
1125 1854 1197 1901 terra
1208 1847 1353 1918 absorptos
1359 1848 1473 1919 operuit,
1486 1847 1620 1920 quosdam
1634 1864 1699 1906 vero

52 1933 111 1991 dine
131 1935 282 2005 judiciario
296 1936 470 2006 comprobari
493 1952 549 1990 non
571 1935 680 2006 poterit,
707 1934 849 1990 examine·
901 1950 984 2005 super
1019 1943 1120 1990 terram
1151 1935 1220 1992 edax
1262 1935 1371 1991 flamma
1398 1937 1567 2009 consumpsit
1603 1938 1698 2009 (Num.

53 2031 139 2092 tur,ut
152 2025 286 2095 probatus
301 2023 462 2080 manifestus
479 2023 534 2090 liat,
548 2033 574 2080 et
589 2025 750 2096 reprobatus
763 2022 849 2079 latere
900 2037 960 2089 xvt,
985 2027 1018 2078 30
1037 2030 1064 2079 et
1087 2024 1142 2095 35).
1167 2025 1293 2096 Dumque
1322 2040 1386 2081 caro
1412 2025 1523 2081 innoxia
1547 2025 1697 2083 Salvatoris

55 2127 102 2167 nou
111 2113 211 2184 possit.
227 2113 422 2185 Deprehensus
440 2122 531 2169 antem
546 2111 705 2169 confiteatur
719 2119 746 2167 et
759 2111 849 2184 poeni-
900 2111 976 2183 aquis
1009 2111 1175 2184 frigentibus
1218 2113 1359 2186 tinguitur,
1399 2114 1525 2185 opposita
1559 2114 1698 2186 quondam

56 2207 112 2269 teat,
127 2210 155 2257 et
167 2217 225 2258 non
238 2203 375 2258 tenebitur
388 2201 452 2259 lune
467 2208 643 2274 pcccatorum
658 2216 778 2270 suorum,
796 2216 850 2272 quo
899 2200 988 2256 noxiis
1002 2201 1141 2279 romphaea
1163 2201 1244 2274 ignea
1263 2201 1385 2272 paradisi
1402 2201 1586 2276 restinguitur.
1603 2202 1657 2259 Sed
1672 2211 1699 2260 et

58 2297 91 2345 cst
104 2290 236 2364 illigatus,
252 2298 352 2346 utnon
374 2298 513 2364 mergatur
531 2299 558 2347 et
578 2291 766 2362 laveturaqua
781 2289 853 2345 salu-
900 2289 1078 2361 dispositione
1106 2290 1193 2362 ipsius
1215 2290 1413 2348 elementorum
1442 2290 1592 2348 conditoris
1617 2299 1699 2366 atque

60 2379 99 2435 lari
117 2379 232 2452 perlusa
255 2380 393 2452 lacrymis,
414 2388 441 2436 et
461 2380 629 2452 dimergatur
643 2387 671 2434 ut
680 2378 808 2450 AEgyptii,
825 2385 851 2434 et
900 2379 1023 2447 rectoris,
1044 2395 1100 2435 uno
1114 2380 1266 2453 eodemque
1282 2381 1340 2437 sole
1363 2380 1448 2438 lutum
1469 2379 1618 2452 stringitur,
1636 2397 1699 2439 cera

62 2468 97 2539 qui
114 2469 237 2541 corrupti
256 2477 336 2525 erant
356 2467 461 2525 carnali
483 2468 655 2539 corruptione
679 2483 772 2524 coram
795 2467 850 2523 Do·
899 2467 1025 2540 liquatur.
1049 2469 1113 2525 llaec
1137 2468 1210 2526 dicta
1233 2468 1295 2539 sint,
1320 2469 1383 2542 qnia
1396 2470 1560 2527 elementum
1574 2469 1700 2529 instabile

63 2556 133 2627 nino,
150 2558 222 2614 sicut
235 2558 377 2630 plumbum
392 2557 421 2612 in
436 2557 513 2630 aquis
534 2556 749 2625 vehementibus,
761 2563 788 2612 et
803 2572 849 2612 se·
900 2556 928 2612 in
937 2559 1096 2628 mergendo,
1112 2573 1164 2629 pro
1178 2557 1232 2614 lide
1246 2559 1425 2627 credentium,
1438 2558 1572 2631 quosdam
1590 2560 1696 2632 recipit,

64 2647 170 2703 cundum
183 2646 349 2718 prophetam
365 2664 372 2703 ι
393 2648 586 2719 Projiciontur
608 2647 775 2717 iniquitates
789 2647 850 2718 ejus
901 2646 1033 2718 quosdam
1048 2654 1136 2701 autem
1146 2661 1201 2702 non
1210 2645 1307 2718 recipit
1324 2664 1331 2701 :
1347 2648 1396 2704 sed
1406 2656 1432 2703 ει
1446 2647 1555 2704 fervore
1569 2647 1697 2704 elementi

63 2735 268 2808 inmutandum
280 2738 369 2792 maris
384 2735 476 2807 (dut.
488 2749 537 2802 vn,
555 2734 610 2805 ts),
627 2733 691 2806 quia
701 2741 780 2789 antea
789 2750 850 2789 cum
901 2734 1023 2804 ejusdem
1047 2734 1156 2806 quidam
1185 2742 1347 2808 coquuntur,
1378 2743 1405 2791 et
1439 2735 1551 2808 quidam
1576 2736 1697 2794 evadunt

64 2825 196 2883 mendacio
222 2808 382 2898 submergi
414 2831 443 2879 ut
473 2823 630 2880 ablueretur
657 2839 712 2878 non
733 2830 848 2895 poterat,
900 2821 1009 2887 incocti.

63 2911 137 2971 donec
151 2912 353 2971 consessiones
368 2929 398 2969 se
412 2913 479 2968 illud
503 2912 531 2966 in
551 2911 715 2984 profundum
729 2911 849 2983 projice·
935 2912 994 2968 Nec
1009 2913 1228 2984 pratereundum
1242 2912 1306 2986 quia
1322 2911 1439 2987 legimus
1455 2912 1484 2969 in
1507 2913 1632 2988 capitulis
1645 2914 1698 2973 Au·

64 3009 103 3068 nt,
125 3011 152 3058 et
173 3003 285 3059 ablutus
307 3009 467 3075 emergeret,
494 3000 539 3073 qui
563 3008 626 3057 ante
649 2999 849 3057 contessionem
900 3008 1043 3073 gustomm
1054 3002 1155 3073 (addit.
1172 3017 1210 3069 ty,
1221 3018 1281 3074 cap.
1294 3002 1340 3074 80)
1355 3000 1439 3059 luisse
1453 3003 1566 3060 vetitum
1588 3003 1697 3078 frigida

64 3088 119 3146 sicut
130 3090 234 3147 terrum
242 3090 327 3147 Elisei
339 3090 516 3162 premebatur
531 3104 601 3160 aqua
616 3088 640 3159 (l
645 3090 665 3144 V
675 3091 738 3161 ch.
754 3103 793 3156 vr,
809 3089 848 3157 7),
900 3104 979 3161 aquae
997 3090 1129 3158 judiciam
1145 3108 1153 3145 :
1169 3092 1219 3147 sed
1241 3105 1297 3146 non
1312 3090 1340 3145 in
1355 3089 1408 3145 illis
1423 3091 1610 3162 synodalibus,
1633 3106 1696 3166 qua

62 3182 202 3253 usquedum
224 3182 261 3236 ad
277 3179 477 3236 confessionem
499 3177 584 3235 divini
603 3177 720 3233 nominis
742 3177 776 3232 ad
795 3176 849 3250 lig·
864 3141 1024 3234 Cdecertis
1044 3179 1201 3250 accepimus
1224 3178 1346 3250 synodis.
1368 3177 1457 3248 Quod,
1474 3186 1504 3235 ut
1527 3181 1638 3254 quidam
1653 3181 1698 3236 in*

64 3285 117 3325 num
131 3270 212 3326 rediit
227 3269 287 3326 :ita
301 3267 476 3325 nihilominus
490 3283 596 3339 negans
610 3265 714 3338 peccati
728 3267 850 3337 pondere
901 3267 974 3323 sulse
1002 3266 1105 3338 dicunt,
1134 3274 1281 3339 propterea
1307 3266 1396 3323 iuerat
1420 3267 1541 3337 vetitum,
1567 3268 1696 3342 quoniam

63 3357 183 3428 premitur
202 3358 284 3414 anxia
299 3357 474 3425 conscientia,
490 3372 577 3428 usque
593 3356 658 3411 dum
671 3355 850 3427 pronuntians
900 3355 979 3427 quasi
1002 3355 1193 3426 rebaptizatur,
1214 3356 1260 3428 qui
1286 3354 1315 3410 in
1342 3354 1452 3411 nomine
1477 3356 1587 3413 Domini
1617 3355 1695 3431 aquis

64 3443 332 3519 inpietatempeccati
340 3447 382 3502 sui
395 3446 521 3511 Domino,
540 3445 568 3500 in
583 3444 660 3514 cuius
669 3443 744 3515 ligno
759 3442 850 3499 crucis
899 3442 1080 3516 immergitur.
1096 3443 1151 3499 Sed
1172 3445 1224 3500 hoc
1247 3442 1349 3499 ibidem
1369 3443 1501 3515 scriptum
1523 3460 1696 3518 nequaquam

10 3520 12 3541 ⁵
65 3535 172 3592 omnium
186 3535 338 3605 hominum,
364 3543 393 3590 ut
407 3535 472 3593 dicit
492 3532 664 3600 Ambrosius,
688 3533 795 3588 levatur
809 3532 850 3587 in-
899 3531 1060 3602 reperimus.
1078 3530 1137 3587 Nea
1158 3547 1209 3587 nos
1231 3530 1312 3587 etiam
1339 3531 1500 3605 ignoramus
1518 3532 1580 3606 quia
1599 3533 1696 3591 beatus

66 3620 178 3681 tirmitm.
200 3625 237 3680 Et
261 3625 313 3681 hoc
335 3633 376 3680 est
399 3623 541 3690 diluvium,
569 3622 642 3695 quod
664 3629 690 3677 et
704 3621 848 3691 baptisma,
899 3620 1058 3676 Ambrosius
1073 3620 1151 3692 plura
1169 3619 1233 3677 dicit
1257 3619 1432 3692 baptismata,
1448 3619 1477 3677 id
1492 3630 1533 3678 est
1551 3620 1629 3693 plura
1642 3621 1695 3679 ba·

10 3742 12 3776 ;
67 3727 109 3782 quo
119 3721 232 3786 peccata
244 3713 335 3770 omnia
345 3712 494 3779 diluuntur,
510 3709 568 3767 sola
579 3709 644 3780 justi
655 3725 733 3765 mens
746 3717 772 3764 ct
787 3725 850 3782 gra·
898 3708 1034 3781 ptismatis
1048 3709 1159 3779 adnotat
1172 3708 1319 3780 praeconia.
1335 3708 1370 3765 lit
1391 3708 1464 3766 sacri
1477 3724 1596 3767 canones
1612 3710 1695 3768 reba·

10 3864 12 3877 Ι
67 3796 96 3853 tia
112 3799 297 3870 recusabatur,
324 3799 429 3873 pridem
458 3799 558 3872 quippe
582 3797 682 3853 mortui
705 3797 849 3869 negatione
899 3796 1581 3870 ptizationesomnibusutvitandaesuntprohibent
1594 3816 1602 3854 ε
1616 3813 1697 3856 nemo

10 3890 26 3963 ξ,
67 3888 163 3956 macab.
187 3889 274 3962 Legat
305 3889 419 3946 devotus
448 3888 546 3944 libmm
575 3885 754 3958 Dialogorum
778 3885 850 3941 beati
898 3894 989 3942 tamen
1003 3894 1045 3942 est
1058 3902 1129 3958 pene
1152 3885 1283 3954 tidelium,
1301 3886 1347 3960 qui
1371 3903 1400 3942 se
1423 3887 1482 3944 sine
1505 3885 1592 3946 crucis
1606 3887 1697 3962 signa,

69 3972 182 4051 Gregorii
200 3979 260 4050 (tu.
275 3992 307 4046 u,
324 3993 386 4051 cop.
405 3980 450 4047 23,
467 3979 512 4045 il,
529 3979 556 4041 3,
572 3980 616 4043 28,
629 3977 655 4042 7,
671 3975 710 4046 ⁶),
731 3981 757 4031 et
771 3974 849 4031 inve·
899 3975 943 4031 vel
958 3975 1129 4031 invocatione
1143 3975 1228 4031 divini
1241 3975 1360 4032 nominis
1374 3975 1453 4048 aquis
1468 3976 1593 4033 etiamad
1606 3975 1698 4035 laran-

68 4061 110 4120 uia
132 4065 358 4124 sanctimoniales
371 4081 426 4122 non
443 4072 590 4132 correctas,
607 4071 634 4120 et
656 4078 706 4134 pro
724 4063 850 4119 incorre-
900 4063 964 4120 dum
979 4063 1114 4132 immittat,
1136 4065 1250 4133 jubente
1264 4064 1396 4136 Apostolo
1414 4082 1421 4120 :
1440 4063 1543 4123 Omnia
1556 4064 1696 4140 agendum

68 4152 198 4213 ιιὶιιιεειιιι
217 4172 236 4213 a
250 4163 345 4215 sancto
359 4154 506 4212 Benedicta
520 4152 780 4218 excommunicatas,
789 4162 851 4223 post
899 4155 932 4210 ιιι
946 4154 1061 4211 nominc
1076 4154 1190 4210 Domini
1202 4153 1299 4225 (ldcr.
1311 4155 1415 4224 x,31);
1428 4162 1520 4210 etnon
1538 4170 1568 4211 se
1582 4152 1629 4211 illo
1646 4155 1696 4211 ba·

68 4251 167 4303 uadem
181 4253 307 4318 tempore
331 4243 530 4302 communionis
549 4243 585 4298 de
601 4240 735 4313 sepulcris
750 4241 784 4295 ab
797 4242 851 4296 lic·
899 4240 991 4314 ptizati
1008 4249 1084 4313 putat
1094 4241 1258 4313 baptismate
1276 4256 1330 4314 quo
1352 4249 1461 4298 renatus
1479 4249 1568 4299 estex
1584 4251 1697 4316 aquaet

67 4330 143 4399 aeda,
158 4330 222 4406 quia
235 4346 293 4388 non
302 4328 547 4396 communicabant,
561 4326 660 4393 exisse,
676 4332 737 4397 post
751 4339 850 4381 recon-
900 4330 1004 4401 spiritu.
1022 4330 1119 4386 Sermo
1133 4330 1215 4396 enim,
1233 4337 1260 4385 et
1276 4345 1344 4401 opus
1358 4329 1417 4399 Dei,
1434 4337 1586 4402 cunctaque
1600 4345 1695 4387 sacra·

66 4419 214 4479 titatiomm
238 4425 341 4486 autem,
357 4434 387 4474 se
401 4417 429 4472 in
443 4416 501 4472 suis
524 4414 658 4488 sepulcris
673 4413 848 4479 continuisse,
899 4427 990 4476 menta
1004 4417 1105 4486 divina,
1116 4433 1218 4474 manna
1231 4425 1303 4486 sunt,
1319 4417 1393 4490 quod
1407 4418 1476 4475 sicut
1490 4417 1621 4489 scriptum
1635 4425 1695 4474 est:

66 4510 166 4583 atpueri
177 4509 308 4568 monachi
320 4522 447 4580 corpusa
461 4514 531 4562 terra
545 4505 633 4561 teneri
647 4519 701 4560 uon
715 4502 847 4575 potuisse,
861 4500 999 4563 Dtlclruit
1008 4507 1344 4572 omncdclcctcmcntum,
1357 4511 1385 4564 et
1394 4506 1600 4578 omniasaporis
1613 4503 1695 4563 suavi

66 4599 112 4669 aa
125 4598 266 4657 Benedicti
277 4596 394 4671 gratiam
412 4610 467 4651 non
481 4594 608 4660 habebat,
625 4601 651 4649 et
667 4607 715 4649 vas
731 4592 848 4648 vitreum
898 4599 986 4652 totam
997 4596 1074 4668 (Sap.
1086 4609 1146 4662 xvi,
1157 4594 1198 4665 2,)
1208 4594 1335 4668 quodque
1349 4594 1417 4652 sicut
1427 4609 1477 4666 pro
1485 4592 1621 4650 desiderio
1630 4608 1694 4649 sus·

65 4687 128 4761 tigno
141 4688 234 4746 crocis
252 4703 304 4759 per
326 4684 501 4741 benedictum
524 4683 597 4740 edito
626 4681 798 4753 disruptum:
821 4689 848 4736 et
897 4684 1054 4756 cipiantium
1073 4685 1212 4757 quondam
1227 4683 1326 4741 iactum
1341 4681 1426 4739 estin
1444 4695 1570 4753 saporem
1584 4689 1694 4755 gustan-

65 4773 146 4834 iterum
161 4794 212 4834 ras
227 4775 344 4834 vitreum
357 4774 385 4830 in
399 4773 497 4845 ingens
513 4770 702 4844 praecipitium,
719 4785 847 4824 saxorum
897 4773 974 4840 tium,
999 4773 1036 4828 ita
1055 4777 1081 4830 et
1103 4774 1162 4831 baec
1180 4789 1231 4846 pro
1260 4771 1404 4830 devotione
1427 4770 1598 4827 credentium
1625 4769 1694 4827 fiunt

65 4866 166 4923 uatibus
180 4881 337 4938 aspersum,
355 4863 413 4933 ejus
424 4863 548 4933 jussione
562 4868 674 4932 propter
688 4858 847 4915 inobedien-
898 4876 982 4919 causa
995 4862 1190 4919 ostensionum.
1208 4860 1287 4917 Velut
1303 4859 1454 4915 incarnatio
1468 4858 1578 4915 Domini
1593 4859 1622 4915 in
1640 4858 1693 4918 rui·

65 4952 113 5010 tum
126 4956 290 5029 projectum,
311 4960 392 5024 atque
414 4950 549 5008 incolume
571 4956 749 5014 reservatum,
770 4955 797 5003 et
810 4946 845 5002 di·
896 4966 961 5007 nam
975 4959 1001 5007 et
1011 4951 1239 5008 resurrectionem
1263 4948 1410 5003 multorum
1427 4954 1478 5014 est,
1490 4955 1517 5004 et
1535 4963 1602 5005 crux
1623 4949 1692 5019 eius,

65 5042 181 5115 stipulum
202 5044 263 5114 ejus
284 5043 408 5098 llaumm
428 5056 510 5112 super
533 5039 621 5095 undas
646 5036 700 5094 laci
721 5036 847 5092 deambu·
896 5036 1071 5107 pereuntibus
1098 5035 1207 5108 quidem
1222 5031 1332 5089 stultitia
1355 5039 1405 5102 est,
1428 5030 1603 5090 credentibus
1626 5048 1693 5091 vero

66 5125 140 5191 lasse:
156 5133 261 5190 terrum
273 5139 365 5188 autem
383 5130 418 5186 de
432 5127 566 5201 profundo
579 5128 644 5193 laci,
660 5126 744 5183 Elisei
758 5140 845 5193 more,
896 5125 925 5181 in
947 5126 1061 5181 salutem
1077 5125 1160 5182 virtus
1180 5123 1229 5179 Dei
1244 5130 1294 5193 est,
1310 5128 1337 5178 et
1359 5121 1516 5193 pradicatio
1531 5122 1616 5194 ipsius
1631 5120 1692 5178 aliis

66 5233 101 5288 ter
112 5222 200 5295 ἰρειιιιι
210 5222 239 5277 in
253 5219 427 5277 manubrium
442 5225 598 5275 revocatum
612 5202 705 5272 fuisse.
721 5216 755 5271 Et
768 5214 847 5272 sicuti
897 5221 938 5270 est
952 5215 1020 5270 odor
1032 5214 1126 5269 mortis
1140 5212 1168 5267 in
1181 5219 1308 5279 mortem,
1323 5209 1383 5266 aliis
1398 5211 1467 5268 odor
1481 5211 1543 5268 rita
1555 5209 1583 5264 in
1598 5209 1690 5279 viteam

68 5312 179 5382 cupium
202 5309 304 5366 divinis
317 5308 427 5382 paginis
446 5307 597 5363 continetur
617 5306 655 5376 (ll
667 5305 734 5360 lloc.
752 5319 771 5370 1,
788 5305 845 5373 20),
897 5310 924 5357 ει
937 5302 1104 5373 baptismatis
1118 5307 1327 5370 sacramentum,
1339 5300 1412 5373 quod
1422 5299 1514 5356 verbis
1524 5296 1692 5355 solemnibus

69 5408 130 5455 tuter
141 5400 214 5472 ignis
224 5400 388 5464 absconsus,
400 5395 553 5468 postmulta
563 5409 698 5449 annorum
711 5392 847 5450 curricula
897 5399 1080 5457 consecratur,
1102 5397 1130 5446 ut
1146 5389 1272 5446 catholici
1289 5390 1414 5447 doctores
1428 5387 1555 5459 produnt,
1579 5385 1693 5444 infideli·

68 5481 221 5545 itarascona
242 5503 343 5559 aquarn
366 5501 464 5542 versus
483 5484 628 5555 reperitur,
657 5481 753 5537 eadem
774 5496 846 5553 aqua
896 5481 948 5535 bus
967 5488 1008 5534 est
1031 5478 1189 5550 luditicatio,
1216 5477 1342 5534 fidelibus
1365 5486 1455 5534 autem
1478 5475 1640 5547 redemptio.
1665 5475 1714 5533 δι’

70 5583 134 5646 uper
146 5575 268 5634 oblatum
286 5572 451 5631 sacrificium
470 5587 550 5631 versa
565 5570 657 5630 divina
670 5569 792 5644 potentia
805 5576 847 5626 est
896 5574 1073 5627 autemextra
1091 5567 1200 5626 Domini
1216 5567 1413 5626 institutionem
1427 5573 1454 5623 ει
1468 5563 1645 5637 apostolicam
1662 5563 1693 5620 tit

190 5701 310 5761 Parnon.
331 5697 455 5759 cxxvi.
1499 5691 1515 5743 ⁶
