3794 6104
128 216 181 272 tat
744 208 893 266 lOliNNlS
913 208 1011 266 PAPAE'
1037 209 1107 267 vttt.
1724 216 1767 272 tat

164 339 345 396 constituisse
361 358 370 394 .·
386 343 447 395 tam
462 341 558 395 monet
576 340 609 392 nt
623 335 719 391 decem
733 334 926 390 achelandia·
940 336 1041 398 Anam
1054 349 1173 405 superna
1186 336 1236 392 'vos
1249 335 1378 405 majestas
1392 343 1493 393 sancte
1508 352 1566 394 suae
1581 335 1715 393 Ecclesiae
1728 352 1769 393 no·

163 411 200 465 ad
216 411 452 482 littoraapiratr's
462 410 610 464 Saracenis
620 405 805 478 caparqanda
815 407 924 461 mittat.
977 421 1020 476 ijs
1043 423 1195 478 commissae
1219 431 1364 495 pauonum
1377 425 1517 492 mucium,
1532 423 1711 481 defensum
1724 440 1768 497 pu.

165 517 294 571 loannes
310 510 924 587 episcopusGnnconxoimperialipaedagogo.
976 517 1088 578 tentem,
1118 518 1144 566 et
1171 519 1312 567 strenuum
1339 514 1491 583 adiutorem
1520 513 1672 581 concessit,
1701 514 1771 570 utin

164 603 286 659 Gloriam
313 612 386 658 tuam
414 602 466 657 hac
493 599 659 671 apostolatus
693 598 778 654 nostri
810 599 928 670 epistola
976 599 1102 654 omnibus
1125 600 1317 657 ecclesiasticis
1341 601 1510 668 utilitatibus,
1527 602 1602 657 unde
1616 608 1769 673 perpetuata

128 690 211 746 missa
229 690 353 763 primitus
378 691 553 745 exhortamur
567 695 597 743 ut
611 687 739 743 divinitus
758 687 834 741 datas
849 686 925 742 sani-
975 687 1077 743 habere
1106 687 1220 762 gloriam
1255 689 1424 761 mereamini,
1455 691 1533 762 quasi
1562 690 1705 746 vindicem
1729 691 1772 748 liei

126 788 195 836 tates
211 778 399 836 desiderabilis
422 777 470 832 filii
494 777 580 832 nostri
596 776 687 831 Basilii
709 774 926 847 tranquillissimi
975 775 1125 832 habeamus
1148 777 1309 833 ministrum.
1326 779 1411 852 Igitur
1433 794 1495 835 cum
1510 779 1642 834 eumdem
1661 778 1770 835 hdelar·

124 868 297 939 imperatoris
319 867 398 922 nobis
422 864 571 937 significes.
597 864 727 936 Cupimus
751 864 824 919 enim
846 864 925 920 valde
975 864 1039 919 dum
1054 865 1212 937 episcopum
1227 866 1383 922 venerabile
1403 867 1602 923 monasterium
1617 866 1771 924 Nonantula

125 956 306 1025 salutemeius
320 954 417 1011 animae
431 954 511 1009 simul
526 962 552 1009 et
563 953 686 1024 corporis
695 967 805 1023 semper
819 952 923 1020 audire,
974 953 1065 1023 situm,
1082 954 1156 1026 quod
1168 970 1218 1026 pro
1232 955 1283 1010 Dei
1298 955 1419 1028 tantique
1434 956 1488 1011 loci
1501 956 1672 1022 reverantia,
1689 955 1770 1012 nullus

125 1053 251 1116 tanquam
279 1043 395 1115 piissimi
421 1042 633 1115 propugnatoris
661 1040 820 1097 orthodoxae
849 1040 923 1097 fidei.
974 1057 1094 1113 unquam
1127 1043 1319 1114 episcoporum
1341 1043 1384 1099 vel
1403 1044 1524 1113 judicum
1554 1044 1583 1099 in
1612 1042 1770 1100 beneficium

125 1132 255 1188 Gratulati
271 1140 465 1188 autemsumus
479 1131 621 1187 audientes
635 1130 750 1202 gloriam
766 1137 840 1183 tuam
856 1129 925 1186 dirc-
975 1130 1108 1202 quaesivit,
1133 1131 1258 1187 timorem
1280 1132 1400 1187 divinum
1423 1132 1663 1204 parvipendendo,
1686 1141 1770 1188 contra

122 1228 195 1276 otarn
209 1235 271 1275 cunt
293 1220 352 1275 Deo
366 1219 561 1276 conservandis
584 1217 749 1274 exercitibus
763 1231 780 1271 a
794 1217 923 1288 praedicto
974 1234 1067 1274 sacras
1090 1234 1289 1291 praecessorum
1307 1228 1465 1276 nostrorum
1479 1220 1624 1293 nostrique
1639 1221 1770 1295 privilegii

123 1307 252 1364 divinitus
266 1308 438 1382 protegendo
453 1308 626 1379 imperatore,
638 1307 666 1361 in
680 1315 773 1378 partes
788 1308 924 1362 Beneven-
973 1306 1165 1374 institutiones,
1183 1309 1281 1380 quibus
1303 1309 1337 1364 de
1350 1308 1461 1381 propria
1482 1325 1594 1381 semper
1617 1324 1769 1383 congega-

122 1403 249 1452 tanorum
264 1397 382 1466 venisse,
395 1406 451 1451 tam
467 1396 540 1468 quia,
550 1396 652 1468 gratias
666 1397 734 1461 Deo,
750 1394 836 1466 ipsius
850 1393 923 1450 divi·
973 1395 1046 1450 tione
1070 1396 1196 1451 abbatem
1211 1395 1271 1452 fieri
1292 1396 1412 1466 iubetur,
1429 1397 1526 1454 callide
1540 1396 1667 1469 petiisse,
1683 1412 1713 1453 ac
1725 1413 1769 1470 per

124 1485 197 1539 nitus
211 1493 370 1555 provectum
385 1484 530 1555 imperium
543 1484 572 1538 ia
586 1483 773 1538 defensionem
788 1481 922 1539 Christia—
972 1483 1024 1538 hoc
1037 1483 1129 1538 illicita
1144 1485 1363 1556 presumpsisse,
1379 1485 1544 1541 omnimodis
1554 1485 1767 1557 reperissemus3

124 1572 215 1628 nitatis
247 1572 293 1643 pio
316 1573 374 1628 zelo
398 1588 569 1639 succensum,
602 1571 706 1627 classes
729 1580 754 1627 et
779 1571 923 1625 militarem
971 1572 1132 1628 auctoritate
1156 1574 1305 1644 apostolica
1327 1590 1389 1630 eum
1404 1574 1645 1630 excommunicare
1670 1574 1768 1629 studui·

123 1660 241 1716 validam
265 1676 376 1716 manum
390 1669 485 1717 contra
500 1660 623 1716 inimicos
638 1660 728 1715 crucis
745 1658 843 1714 Christi
858 1658 921 1713 mit·
935 1676 1052 1755 Bmus;
1068 1654 1082 1691 ι’
1097 1667 1126 1714 ut
1149 1677 1236 1734 eaque
1259 1661 1318 1733 ipse
1333 1670 1428 1718 tenere
1443 1662 1585 1719 canonicis
1599 1678 1666 1717 eum
1681 1678 1767 1741 corre-

125 1756 183 1804 tere
206 1749 373 1820 procuravit,
390 1765 472 1822 quam
492 1749 564 1820 quod
579 1757 605 1803 te
620 1764 677 1819 prae
690 1747 796 1803 caeteris
811 1747 845 1802 ad
859 1756 922 1802 tan·
973 1748 1120 1818 ptionibus,
1136 1757 1216 1821 prout
1236 1750 1314 1806 nobis
1338 1750 1485 1807 auctoritas
1506 1749 1662 1822 apostolica
1675 1749 1766 1807 suffra·

124 1843 182 1892 tum
196 1853 265 1909 opus
279 1853 340 1893 cunr
351 1837 400 1893 Dei
414 1836 513 1891 auxilio
528 1837 714 1908 peragendum
729 1836 822 1908 elegit,
840 1852 922 1907 quem
972 1844 1062 1907 gatar,
1077 1837 1172 1908 procul
1186 1838 1268 1894 dubio
1283 1854 1440 1911 arguemus,
1457 1847 1486 1895 ut
1496 1839 1582 1911 digno
1597 1839 1711 1896 verbere
1723 1855 1765 1896 ct-

124 1925 277 1981 audivimus
296 1925 324 1980 in
349 1925 475 1981 omnibus
500 1933 639 1979 strenuum
664 1931 692 1979 et
715 1924 765 1980 Dei
791 1923 921 1980 cultorem
973 1923 1098 1997 stigatus,
1128 1934 1154 1980 et
1180 1926 1312 1982 canonico
1349 1944 1421 1982 nexu
1449 1927 1561 1999 ligatus,
1592 1927 1765 1983 obedientiam

122 2013 295 2069 industrium.
308 2013 348 2069 De
359 2012 741 2081 caetcrocredimusscirejam
749 2011 923 2086 magnificen-
972 2012 1057 2068 discat
1073 2030 1194 2081 servare,
1211 2015 1257 2086 qui
1272 2014 1412 2071 absolutus
1426 2015 1624 2073 ecclesiasticis
1633 2023 1713 2090 atque
1725 2031 1763 2073 oa·

123 2102 187 2157 tiam
203 2110 276 2157 tuam
291 2102 409 2174 qualiter
419 2101 545 2175 quaedam
555 2101 770 2157 latrunculorum
779 2104 922 2174 agareno·
972 2101 1078 2157 uonicis
1092 2101 1178 2157 noluit
1193 2102 1305 2159 obedire
1319 2103 1471 2176 preceptis.
1487 2105 1559 2160 Data
1573 2108 1609 2160 at
1623 2121 1716 2177 snpra.

124 2205 184 2246 rum
199 2206 308 2262 sagene
322 2191 437 2247 occultis
452 2190 648 2261 irruptionibus
664 2189 753 2244 littora
768 2197 860 2244 nostra
875 2189 923 2245 de·

124 2285 248 2345 vastent;
265 2286 291 2334 et
305 2278 366 2350 quia
390 2278 481 2350 palam
504 2293 600 2333 ausum
613 2293 669 2334 non
688 2277 799 2344 habent,
816 2276 922 2334 furtivis
1314 2237 1423 2292 LXXV·

123 2365 370 2437 depredationibus
393 2365 512 2438 plurima
534 2366 596 2421 huic
611 2373 712 2422 sanctae
727 2366 777 2421 Dei
791 2366 922 2421 Romanae
1057 2347 1093 2386 ΑΒ
1116 2347 1247 2389 mm
1267 2347 1433 2389 mmm
1454 2349 1490 2390 ”T
1513 2348 1687 2390 mmm

124 2453 254 2510 Ecclesia
278 2454 376 2510 damna
397 2454 582 2526 multipliciter
605 2453 732 2511 inferant.
749 2453 923 2526 Quapropter
1249 2434 1491 2476 mmmmm

124 2542 195 2598 bene
210 2542 298 2599 visum
322 2551 365 2598 est
388 2543 467 2598 nobis
482 2543 586 2598 litteras
600 2550 706 2598 nostras
720 2542 770 2598 tibi
783 2542 922 2598 transmit·
1238 2599 1243 2610 ,
1278 2509 1369 2578 (ᾹΜΟ
1388 2509 1463 2580 mi
1511 2599 1517 2612 ‚

124 2637 189 2699 tere,
205 2638 235 2685 ut
249 2631 292 2687 vel
315 2630 411 2688 decem
435 2632 507 2686 bona
522 2640 548 2686 et
562 2632 687 2703 expedita
712 2630 873 2687 achelandia
888 2630 922 2686 ad
1208 2597 1341 2670 Eimdem
1354 2602 1529 2670 ‘'mummi‘’

123 2726 231 2789 portum
245 2728 368 2774 nostrum
382 2720 558 2787 transmittas,
571 2720 606 2774 ad
616 2719 707 2775 littora
722 2727 815 2774 nostra
825 2720 859 2775 de
869 2718 922 2774 illis
1007 2708 1135 2763 JOANNES
1154 2709 1418 2780 0P5300P¹1⁸J⁰ANN¹
1441 2709 1605 2778 Ravenssfliir
1621 2711 1758 2768 ANSPfflt

124 2804 230 2861 furibus
245 2816 271 2862 et
282 2808 379 2877 piratis
388 2808 526 2864 Arabibus
538 2809 714 2880 expurganda
730 2824 737 2863 :
755 2807 828 2880 quod
843 2807 922 2863 citius
972 2795 1178 2864 MediOlassensi
1188 2805 1215 2851 θῑ
1223 2797 1378 2852 WMPERTO
1387 2796 1419 2870 [s-
1432 2797 1594 2875 vunnim]
1604 2798 1760 2874 Aquileiensi
1774 2866 1777 2874 Δ

125 2894 223 2949 etsine
246 2895 337 2966 aliquo
359 2895 553 2965 impedimento
577 2910 660 2968 agere
683 2903 817 2966 poterunt,
843 2896 922 2964 adiu-
972 2885 1197 2956 alchielli⁸⁰⁰ili⁵·

124 2989 203 3037 vante
217 2980 327 3037 dextera
340 2982 458 3047 Excelsi,
475 2999 536 3055 quae
550 2983 715 3054 principibus
739 2984 922 3054 apostolorum
1008 2973 1099 3029 Sancti
1114 2975 1259 3048 magnique
1274 2974 1378 3030 Nicaessi
1391 2975 1499 3032 concilii
1518 2983 1660 3049 praecepit
1674 2975 1759 3042 sttui,

124 3069 356 3126 intercedentibus
375 3071 541 3126 concertabit
564 3079 591 3126 et
614 3071 786 3126 auxiliabitur
805 3071 858 3126 illis
871 3090 878 3139 ;
893 3072 921 3127 in
937 3047 1031 3132 Cquae
1041 3062 1137 3130 jubent
1152 3062 1227 3134 (can
1241 3065 1285 3125 12)
1296 3063 1452 3134 regularem
1462 3064 1607 3136 epistolam
1618 3080 1760 3137 paranan-

124 3173 188 3231 quo,
205 3157 371 3224 mihicrede,
383 3167 492 3230 gratum
503 3153 753 3231 animumpiissimo
763 3160 921 3230 imperatori
972 3166 1105 3222 (tuamque
1121 3151 1290 3222 Pl⁰Viss⁰i⁸ffl
1314 3152 1438 3221 Obfissefir
1454 3169 1489 3209 ne
1504 3153 1531 3209 hi
1547 3154 1594 3225 (1¹11
1609 3154 1760 3224 flbiissilfflilll

122 3246 218 3314 facies,
236 3247 259 3300 si
273 3246 300 3301 in
314 3248 367 3302 hoc
380 3247 579 3303 admonitiones
593 3256 701 3303 nostras
713 3248 844 3316 audieris,
859 3248 920 3321 quia
971 3237 1006 3292 tb
1021 3238 1081 3293 aliis
1102 3240 1276 3311 recipiantur,
1299 3238 1457 3298 fraterniitii
1479 3250 1579 3299 tesirae
1602 3250 1696 3299 notum
1710 3257 1760 3300 esst

121 3349 183 3392 oum
198 3334 233 3391 sit
247 3334 494 3391 christianissimus
513 3336 563 3392 Dei
576 3345 681 3392 amator
696 3345 722 3392 et
736 3336 920 3393 Ecclesiamnt
971 3327 1094 3402 volumus
1118 3328 1282 3384 Adelrrdum
1299 3330 1484 3385 Veronensem
1498 3330 1660 3402 episcopum
1675 3338 1759 3388 aucto·

121 3423 230 3480 Domini
244 3423 365 3480 fervidus
378 3433 574 3496 propugnator,
590 3441 645 3480 non
659 3425 762 3497 poteris
782 3426 858 3480 illum
873 3424 921 3480 tibi
971 3416 1049 3470 rimie
1066 3415 1139 3470 sedis
1155 3416 1312 3487 tp0stoli0ae
1325 3418 1462 3490 privilegii
1474 3419 1668 3476 communione
1681 3421 1759 3492 privt-

121 3513 270 3583 gratiorem
293 3513 410 3569 reddere
434 3529 516 3585 quarn
537 3514 560 3569 si
582 3522 685 3569 tantum
708 3515 777 3570 hanc
800 3522 921 3570 sanctam
971 3511 1027 3558 ium
1044 3522 1050 3559 :
1067 3505 1195 3576 (tumim
1216 3506 1370 3562 0OEss0bii¹m
1385 3507 1555 3575 ΝΟΜῑΠῙθ,
1574 3509 1758 3581 qu⁰d⁵e¹1¹iltr

120 3599 275 3656 Ecclesiam
298 3617 349 3672 per
373 3609 399 3657 te
424 3602 560 3658 studueris
584 3602 722 3671 adjuvare,
750 3618 810 3674 quae
832 3602 921 3674 primu
971 3593 1128 3663 aposiolicae
1143 3594 1227 3661 sedis,
1244 3603 1270 3650 ei
1284 3602 1386 3651 nosirae
1400 3595 1485 3667 ipsius
1501 3597 1671 3653 auctoritatis
1684 3597 1757 3670 prili-

122 3688 308 3745 Ecclesiarum
331 3690 460 3763 magistra
476 3699 501 3746 et
517 3697 598 3761 caput
612 3699 663 3757 est,
680 3690 795 3746 maxime
819 3706 880 3747 cum
893 3690 921 3746 in
971 3680 1043 3754 legio
1057 3683 1189 3737 munitum
1200 3682 1300 3738 nullius
1315 3684 1463 3739 invasionis
1475 3686 1654 3758 usurpatione
1668 3686 1756 3743 detine·

121 3777 175 3834 hoo
188 3776 261 3834 facto
283 3778 372 3833 eidem
386 3794 401 3832 a
417 3779 475 3833 Deo
488 3787 613 3849 protecto
633 3795 742 3850 semper
755 3780 879 3850 Augusto
894 3787 921 3834 et
971 3769 1059 3837 batur,
1073 3771 1120 3825 sed
1135 3772 1220 3827 SOIiUS
1235 3772 1376 3845 hucusque
1390 3773 1493 3828 abbatis
1509 3789 1523 3829 e
1539 3775 1647 3847 gremio
1661 3775 1755 3831 fratrum

122 3865 152 3921 in
167 3866 219 3922 hoc
233 3865 333 3921 secuto
347 3865 463 3938 gloriam
479 3875 505 3920 et
520 3868 547 3921 in
562 3865 653 3922 futuro
663 3866 788 3938 acquiras
798 3867 856 3921 sine
867 3864 920 3922 fine
971 3857 1049 3914 electi
1063 3866 1143 3930 atque
1165 3860 1270 3930 praetart
1291 3861 1476 3918 moderamine
1497 3863 1657 3934 regebatur,
1680 3863 1753 3919 subti-

122 3968 263 4008 eoronem
274 3953 348 4008 Deus
363 3954 535 4024 omnipotens
550 3961 575 4009 te
592 3962 619 4010 et
633 3955 678 4026 qui
692 3963 779 4010 recum
790 3962 850 4009 sunt
859 3970 922 4026 pra
970 3947 1038 4018 puit,
1061 3947 1172 4021 suisque
1196 3949 1300 4016 usibus,
1330 3950 1477 4006 coarctaris
1502 3959 1625 4007 extrema
1647 3959 1751 4027 egestate

122 4047 206 4112 tegat,
227 4047 254 4096 et
276 4049 370 4095 contra
398 4040 521 4097 inimicos
552 4042 651 4098 Christi
678 4043 780 4114 potenti
807 4044 921 4098 dextera
970 4036 1120 4102 monachis,
1145 4036 1306 4108 applicavit;
1332 4045 1492 4093 eterianus
1516 4040 1600 4095 etiam
1626 4049 1688 4112 post
1709 4040 1750 4096 irt-

122 4135 238 4183 tueatur.
254 4128 323 4184 Data
338 4144 376 4185 xv
390 4128 528 4185 Kalendas
553 4130 624 4198 litaii,
641 4130 786 4188 indictione
801 4130 917 4189 decima.
971 4139 1058 4196 quens
1072 4124 1242 4181 interdictum
1257 4134 1379 4182 1¹⁰Sil¹1m
1394 4126 1560 4198 ⁰lllllim⁸r⁰2
1583 4129 1748 4185 werimum·

971 4228 1024 4283 que
1038 4213 1163 4267 manibus
1177 4213 1349 4285 dispartitum
1359 4215 1478 4287 prodere
1487 4232 1542 4271 non
1557 4215 1693 4283 formidat,
1704 4229 1748 4272 con·

459 4288 580 4346 LXXIV.
970 4308 1013 4355 tra
1028 4309 1183 4356 sanctorum
1198 4303 1304 4357 Patrurn
1320 4304 1441 4377 regulas,
1457 4320 1509 4362 nec
1528 4320 1585 4361 non
1598 4314 1624 4362 et
1639 4306 1746 4361 adversat

246 4408 283 4450 in
302 4409 430 4452 cuium
450 4411 560 4453 cuivuu
583 4410 790 4452 iupuuiqoffl,
932 4389 1126 4460 Dapostolicae
1140 4390 1213 4445 sedis
1228 4399 1254 4446 et
1267 4391 1350 4446 totius
1365 4400 1464 4447 sanctae
1478 4394 1577 4464 synodi
1596 4393 1743 4454 sententia,

259 4480 264 4488 '
427 4485 518 4555 (Anno
536 4485 611 4556 877.)
968 4494 1049 4549 mam
1069 4477 1161 4533 missis
1184 4480 1373 4552 persingulas
1397 4481 1551 4552 provincias
1565 4483 1661 4539 litteris
1674 4488 1742 4537 nonu

121 4571 242 4628 Nuntiat
255 4588 284 4627 se
299 4571 472 4628 adelardum
486 4574 645 4645 episcopum
665 4576 847 4631 laconensem
863 4591 917 4632 aa·
967 4566 1045 4621 Vobis
1067 4566 1193 4622 Omnibus
1217 4566 1341 4634 ierimus,
1358 4569 1386 4623 in
1400 4570 1620 4626 communionem
1640 4577 1741 4643 posint

155 4643 387 4711 communicasse,
411 4643 482 4714 qaod
514 4644 749 4700 lfonantalanam
774 4651 917 4702 inonastc-
967 4661 1051 4708 stram
1066 4670 1173 4728 quoque
1197 4656 1409 4725 prohibitionem
1422 4672 1472 4729 par
1492 4659 1595 4716 missos
1608 4659 1741 4724 nostrone

155 4729 233 4768 ’'²¹⁸⁷'‘
246 4716 407 4769 mmm·
966 4743 1057 4812 apices
1082 4743 1232 4813 sepissime
1257 4745 1429 4815 destinatam,
1452 4748 1556 4818 passim
1578 4748 1678 4820 recipit,
1695 4741 1740 4801 elit

152 4819 280 4872 loannes
296 4819 439 4891 episcopus
455 4819 489 4873 ad
502 4819 705 4891 imperatorem.
966 4831 1072 4887 cunctis
1087 4831 1263 4902 pravitatibus
1278 4833 1336 4902 ejus
1352 4833 1479 4890 conscius
1490 4844 1517 4891 et
1532 4834 1624 4892 fautor
1634 4829 1738 4908 apparuit

153 4903 244 4961 Sacris
258 4915 355 4962 vestre
369 4907 520 4978 imperialis
545 4907 697 4964 clementiae
712 4909 834 4976 auribus,
851 4911 915 4984 glo·
965 4919 1269 4976 Excommuniaavimus
1297 4922 1379 4994 igitur
1408 4923 1572 4993 predictum
1601 4922 1739 4981 adelardum

118 4993 268 5049 riosissime
282 4994 429 5064 imperator
453 4999 585 5070 Auguste,
601 4997 727 5052 Adeialdi
750 4999 916 5055 Veronensis
966 5009 1152 5064 Veronensem
1167 5009 1335 5080 episcopum,
1352 5011 1441 5067 donec
1457 5011 1484 5065 in
1499 5014 1673 5083 proeseniiam
1690 5004 1740 5066 sedit

118 5082 240 5154 episcopi
264 5083 475 5138 inobedieniialtt
492 5093 518 5140 ei
534 5086 704 5140 [emeratiam
723 5088 915 5158 plaesttmpiio-
958 5096 1121 5166 'apostolicae
1138 5097 1261 5165 ueniens,
1271 5098 1305 5153 de
1316 5099 1511 5169 praedictorum
1525 5116 1683 5157 excessuum
1695 5108 1741 5168 qut·

115 5186 187 5239 nem,
212 5188 294 5242 quam
312 5187 366 5226 non
388 5173 476 5227 solnm
501 5173 527 5227 in
551 5183 645 5230 nostro
673 5183 838 5246 contemptu,
866 5177 916 5232 sed
965 5184 1041 5239 litate
1063 5185 1190 5240 idoneam
1214 5185 1427 5243 satisfactionem
1449 5203 1544 5244 corant
1568 5181 1741 5262 positusexhi·

116 5259 196 5312 etiam
209 5259 236 5313 in
252 5268 351 5315 vestra
374 5260 543 5316 celsitudinis
566 5264 673 5336 peregit
694 5264 830 5333 injuriant,
846 5281 915 5336 prae·
964 5272 1068 5338 buerit;
1086 5290 1147 5345 quar
1172 5276 1368 5346 contempserit
1393 5276 1513 5333 existens
1536 5278 1655 5349 interim,
1670 5275 1743 5333 ctisiti

118 5345 239 5400 sentibus
254 5347 357 5402 referre
372 5348 494 5418 apicibus
506 5350 568 5418 iura
585 5352 739 5408 curavimus
753 5360 778 5407 et
792 5353 889 5409 merito
907 5371 913 5408 :
963 5377 1013 5430 per
1028 5362 1119 5417 omnis
1143 5363 1335 5419 communione
1348 5366 1409 5434 jure
1424 5367 1558 5440 privatus,
1575 5367 1637 5442 pari
1657 5360 1745 5423 vinculo

151 5461 214 5512 ²lt.
226 5463 364 5531 chelandia,
377 5478 455 5534 qnae
468 5468 567 5523 navium
588 5467 728 5524 alianum
747 5472 913 5539 generasset.
1022 5481 1096 5533 mest
1109 5480 1210 5548 aliquid.
