3794 6104
59 240 119 295 925
635 239 811 298 ttrtsrottt
834 242 880 298 ttr
906 241 1080 300 DECRETA.

61 370 219 417 cumtameu
234 378 317 417 unum
341 371 382 417 est
398 364 472 435 quod
486 365 564 419 vobis
592 365 725 421 veraciter
744 373 770 420 et
795 366 867 421 unde
881 367 952 428 Ane
966 368 1076 440 aliquod
1091 369 1226 440 solatium,
1242 372 1285 427 vel
1303 373 1446 429 consilium
1468 376 1544 443 dare,
1569 377 1715 451 facereque

61 450 240 505 occasionem
259 466 308 506 vos
327 451 361 505 ad
380 466 430 506 nos
448 454 676 509 contemnendum
691 469 745 508 non
756 454 867 524 possitis
917 457 1002 526 possit
1024 448 1139 523 Bosoni,
1163 459 1200 513 ita
1223 468 1249 514 et
1272 476 1322 515 nos
1338 462 1436 517 camin
1455 465 1502 518 tali
1516 464 1577 520 loco
1591 466 1715 522 habitare

64 553 218 605 assumere,
233 540 285 594 hoc
299 554 363 594 ecce
378 541 566 611 proponimus,
579 542 693 607 scilicet,
706 541 728 595 si
742 542 867 596 eamdem
917 542 1056 609 faciemus,
1077 563 1130 617 quo
1144 547 1210 600 nibil
1230 548 1339 603 adversi
1355 550 1453 614 moliri,
1477 552 1598 624 nihilque
1626 553 1716 609 valeat

63 626 274 699 angelbergam
284 627 326 682 vel
342 628 368 682 in
384 629 492 683 modico
516 638 609 684 contra
630 630 798 700 imperialem
821 637 866 683 aut
917 632 1066 686 machinari
1095 634 1262 689 contrarium
1289 637 1324 690 ad
1340 637 1420 705 hujus
1445 640 1532 710 regni,
1560 649 1586 695 et
1607 641 1715 712 imperii

62 723 186 769 nostram
216 714 379 770 voluntatem
414 717 523 771 adversi
548 719 685 788 quippiam
711 718 798 772 moliri
822 724 867 771 aut
916 720 1156 788 perturbationem.
1178 723 1210 776 Et
1225 723 1248 776 si
1262 731 1358 777 contra
1368 726 1425 792 ejus
1440 741 1472 781 ac
1483 735 1604 782 nostram
1615 728 1714 783 volun-

63 803 137 857 velie
152 802 302 856 manifestis
311 806 521 874 cognoverimus
530 806 647 872 indiciis,
659 806 867 876 praesentialiter
917 813 998 861 tatem
1013 807 1183 878 aliquatenus
1198 825 1260 864 eam
1275 826 1369 881 agere,
1384 820 1431 865 aut
1454 812 1523 868 velle
1551 816 1714 885 cognoveri·

62 891 141 944 illam
152 892 267 946 reddere
290 906 322 946 ac
345 894 482 947 remittere
497 894 681 965 imperialibus
709 904 866 965 satagemus
916 894 1073 961 mus,illico
1087 896 1122 950 ad
1146 896 1315 967 imperialem
1340 900 1508 954 remittemus
1528 904 1712 972 praesentiam,

63 979 214 1044 obtutibus,
230 987 363 1051 quatenns
378 998 438 1052 quoe
457 982 629 1052 disciplinam
644 982 713 1037 forte
733 983 864 1053 recipere,
916 998 966 1036 noc
982 991 1072 1037 nostro
1088 984 1138 1038 erit
1151 983 1268 1054 amplius
1282 986 1374 1054 adjuta
1389 987 1512 1043 consilio.
1538 987 1616 1056 Quod
1631 989 1713 1045 nimi·

63 1068 138 1138 qnod
148 1083 198 1122 nec
208 1077 341 1138 0ptamus‚
349 1070 493 1137 distulerit,
506 1086 559 1125 non
570 1071 657 1124 solum
668 1071 805 1124 mundana
816 1087 865 1125 ve·
916 1085 985 1134 rum,
1000 1078 1029 1123 ut
1043 1070 1122 1125 nobis
1139 1071 1197 1126 sine
1211 1072 1284 1126 omni
1299 1073 1465 1129 dubitatione
1478 1076 1614 1141 credatur,
1629 1093 1713 1133 unum

63 1164 119 1209 stra
125 1155 288 1224 judicianon
298 1157 503 1222 evadat,verum
512 1157 590 1210 etiam
601 1158 867 1213 necnostrammise-
917 1171 952 1209 ex
967 1157 1010 1211 his
1023 1157 1119 1228 legatis
1129 1159 1230 1213 nostris
1245 1161 1447 1216 venerabilibus
1471 1163 1616 1235 episcopis,
1643 1181 1713 1236 quos

63 1244 210 1309 rationem,
230 1259 291 1314 quae
310 1243 530 1315 delinquentibus
541 1261 652 1314 parcere
668 1246 818 1308 consuevit,
828 1246 866 1299 in·
916 1260 967 1314 pro
982 1261 1012 1299 ea
1027 1245 1183 1316 imperatori
1207 1247 1355 1302 direximus
1382 1249 1585 1318 satisfaciendo,
1617 1267 1713 1324 repro·

63 1331 169 1385 veniat.
191 1333 320 1403 ideoque,
332 1330 553 1397 charissimifilii,
570 1341 657 1388 estote
667 1334 700 1391 in
714 1334 766 1388 hoc
781 1334 866 1387 nostri
916 1333 1021 1387 mittere
1028 1334 1160 1401 J'ussimus
1174 1335 1209 1388 ita
1224 1351 1274 1390 nos
1297 1351 1360 1391 esse
1384 1337 1570 1394 incunctanter
1583 1339 1711 1398 tacturus.

65 1427 262 1489 cooperatores
277 1428 303 1473 et
317 1420 467 1487 adjutores,
478 1429 503 1474 et
512 1421 604 1475 audiat
614 1437 666 1475 nos
682 1421 867 1476 continuoex-
916 1420 1011 1491 Neque
1024 1422 1107 1487 enirn,
1126 1423 1196 1478 sicut
1210 1439 1272 1479 cum
1296 1425 1475 1496 coepiscopis,
1504 1435 1531 1481 et
1552 1429 1712 1499 primatibus

63 1507 194 1563 cellentia
207 1508 404 1577 magnitudinis
423 1516 530 1574 vestrae,
545 1518 574 1563 ut
593 1518 619 1563 et
632 1525 681 1564 vos
710 1525 727 1563 a
750 1508 865 1564 Domino
917 1509 975 1578 ejus
990 1510 1154 1578 promissum
1178 1519 1229 1577 cst,
1245 1511 1350 1566 nullum
1373 1514 1523 1583 temporale
1550 1516 1713 1584 adjutorium

64 1595 189 1650 exaudiri
215 1596 383 1662 mereamini,
409 1604 435 1650 et
459 1612 507 1667 per
521 1595 608 1651 felicia
637 1604 759 1667 tempora
787 1597 865 1667 regni
917 1605 943 1651 et
958 1596 1102 1651 consilium
1113 1598 1170 1664 J'am
1185 1597 1241 1652 sato
1265 1615 1295 1653 se
1324 1599 1382 1655 lore
1405 1601 1582 1671 praebiturum
1597 1603 1711 1672 Bosoni;

62 1683 247 1753 gubernacula
260 1684 442 1750 moderantes,
460 1700 522 1740 curn
533 1686 639 1740 Christo
653 1701 778 1757 regnum,
792 1686 864 1756 quod
878 1713 905 1773 B
918 1692 945 1738 et
960 1685 1042 1756 quod,
1059 1685 1129 1740 sicut
1143 1685 1328 1755 praediximus,
1345 1688 1553 1759 diligentissime
1567 1692 1712 1759 custodha,

61 1769 125 1824 iinis
140 1770 231 1824 nullus
246 1778 383 1841 angustat,
407 1772 638 1828 intercedentibus
652 1773 737 1826 beatis
752 1781 863 1843 aposto·
916 1787 969 1825 non
984 1772 1081 1843 poterit
1094 1774 1128 1828 de
1142 1773 1183 1827 his
1199 1775 1324 1828 omnibus
1335 1776 1484 1847 quidquam
1498 1794 1591 1848 agere.
1608 1778 1713 1835 idcirco

65 1859 108 1924 lis,
125 1873 273 1928 capescere
288 1858 411 1914 valeatis.
429 1861 495 1915 Data
519 1876 546 1914 tv
572 1861 634 1915 idus
648 1860 767 1928 Martias,
792 1860 864 1916 indi·
913 1876 964 1930 per
988 1861 1133 1915 Dominum
1158 1876 1206 1917 vos
1221 1863 1387 1931 adjuramus,
1405 1873 1433 1917 ut
1457 1872 1513 1919 toto
1526 1867 1670 1922 conamine
1685 1867 1713 1921 in

63 1946 156 2002 ctione
170 1961 229 2000 xiv.

397 2080 534 2135 CCCXVI.

64 2180 101 2220 an
125 2181 220 2222 cassas
247 2180 490 2233 tacnrnrrscoros,
521 2183 670 2223 errscoros
688 2183 723 2222 ar
747 2183 865 2223 coartans

412 2271 520 2311 triste.

384 2346 474 2416 (Anno
490 2346 562 2416 881).

63 2453 200 2506 Hortatur
210 2450 277 2506 dent
287 2466 400 2523 operam
417 2455 449 2506 ut
460 2451 574 2507 Carolus
593 2453 747 2523 imperator
762 2451 862 2522 Angel-

99 2523 213 2591 bergum
223 2523 338 2576 Romam
349 2524 443 2577 venire
450 2523 759 2594 potiatur,qreomseito
768 2526 864 2577 custo-

99 2592 232 2646 diturum
240 2593 430 2663 promittil,ut
439 2593 513 2646 nihil
521 2597 619 2647 contro
630 2594 722 2662 ipsam
733 2593 864 2650 Curatum

100 2678 168 2716 cum
179 2664 282 2717 Bosone
297 2662 393 2717 moliri
408 2665 496 2735 possit
507 2682 516 2727 ,·
526 2667 554 2717 et
570 2664 675 2734 siquid
700 2663 863 2730 tentaverit,

100 2733 267 2787 secumdam
282 2734 469 2788 remissurum
482 2733 647 2814 pollicetur.

99 2836 235 2892 Omnibus
264 2837 499 2892 reverendissimis
527 2847 553 2892 et
574 2838 753 2893 sanctissimis
775 2838 865 2894 archi-

914 1948 966 2003 hoc
981 1963 1063 2018 opere
1075 1949 1217 2004 nobiscum
1232 1966 1281 2020 pro
1292 1966 1384 2005 amore
1400 1951 1449 2006 Dei
1460 1952 1604 2019 desudare,
1631 1954 1711 2025 eique

915 2052 1025 2091 manum
1049 2038 1192 2110 porrigere
1222 2038 1383 2109 procuretis,
1410 2047 1438 2094 ut
1464 2048 1489 2095 et
1504 2040 1595 2095 nosin
1615 2042 1712 2097 vestris

914 2123 1043 2195 proficuis
1053 2125 1213 2180 utilitatibus
1236 2133 1261 2181 et
1277 2126 1484 2181 necessitatibus
1506 2143 1568 2182 esse
1594 2129 1712 2199 prompti
1805 2153 1808 2162 ·

913 2213 1051 2283 possimus
1065 2231 1072 2279 3
1088 2222 1115 2267 et
1129 2214 1171 2269 cui
1190 2229 1301 2269 manum
1324 2214 1466 2286 porrigere
1492 2215 1632 2271 vobiscum
1649 2232 1711 2271 om·

914 2301 1032 2356 nimodis
1046 2302 1229 2372 porrigamus,
1251 2302 1405 2374 dignasque
1422 2311 1513 2358 vostro
1528 2304 1587 2358 Deo
1607 2303 1713 2360 dilecta

915 2388 1049 2443 sanctitati
1063 2405 1112 2460 pro
1127 2399 1217 2445 vestro
1232 2390 1335 2456 labore,
1352 2398 1433 2463 atque
1447 2391 1591 2448 devotione
1610 2392 1712 2464 gratias

915 2477 1015 2533 babere
1030 2478 1179 2533 valeamus.

1234 2593 1384 2649 cccxvii.

1091 2694 1127 2734 an
1150 2696 1259 2736 annana
1286 2696 1532 2737 santonensem.

1231 2772 1309 2824 Anno
1332 2774 1392 2824 881.

915 2866 1023 2936 Recipit
1037 2848 1205 2921 liudericum
1218 2770 1274 2921 (aab
1290 2867 1380 2921 tutela
1394 2771 1467 2923 icitia
1487 2869 1657 2939 apostolice,
1680 2873 1710 2925 et

62 2925 203 2996 episcopis
219 2934 245 2980 et
259 2926 394 2996 episcopis
410 2927 489 2993 hujus
503 2927 589 2982 italici
600 2927 687 2997 regni,
703 2935 729 2981 et
739 2927 865 2982 omnibus
950 2939 1179 2991 excommunicat
1194 2953 1290 2992 omne,
1309 2940 1357 3010 qua
1371 2939 1417 2994 ῑιιῑ
1431 2940 1473 2994 „et
1496 2941 1557 3010 eju,
1581 2940 1710 2998 ,mmm

61 3014 193 3087 gloriosis
208 3013 351 3068 comitibus
366 3013 413 3067 srlii
427 3014 513 3069 nostri
526 3015 708 3084 imperatoris.
950 3008 1111 3062 molestiam
1121 3008 1287 3063 intulerint.

100 3101 132 3157 Si
147 3117 180 3156 ea
190 3117 250 3172 qua
264 3102 343 3156 saluti
353 3110 378 3156 et
393 3102 501 3157 utilitati
511 3103 696 3172 proximorum
710 3103 865 3159 necessaria
950 3094 1083 3151 Omnibus
1097 3094 1335 3151 reverendissimis
1345 3096 1481 3167 episcopis
1492 3105 1519 3152 et
1529 3098 1713 3154 sacerdotibus

61 3198 137 3255 sunt,
153 3189 302 3245 secundum
316 3189 525 3245 sollicitudinem
548 3199 575 3245 et
594 3206 685 3246 curam
701 3192 796 3264 gregis
810 3193 865 3246 Do·
914 3198 961 3239 ⁵01¹
977 3183 1061 3249 alara·
1086 3198 1118 3239 aa
1143 3182 1364 3254 P⁰1aaa¹⁰⁸aaa²aa
1382 3184 1592 3240 fflafflalaaaaaaa
1614 3187 1713 3243 Eaala·

61 3277 158 3332 minici
173 3277 252 3332 nobis
267 3279 302 3332 ab
330 3278 400 3333 bene
421 3280 572 3349 regendum
593 3279 741 3344 commissi,
767 3279 866 3335 divinae
915 3271 971 3326 Siae·

61 3365 174 3436 pietatis
200 3382 336 3421 memores
363 3382 447 3439 agere
476 3367 626 3432 studemus,
652 3368 865 3439 omnipotentem
951 3357 1017 3412 Bana
1031 3356 1240 3427 patrisfamilias,
1264 3373 1345 3428 quem
1359 3358 1430 3415 hassa
1451 3367 1479 3414 θῑ
1492 3358 1607 3416 fideliler
1633 3360 1713 3418 laba·

63 3455 154 3509 Deum
170 3453 197 3507 in
215 3454 257 3508 bis
271 3454 369 3525 quibus
386 3463 412 3508 et
435 3454 487 3525 ipsi
514 3471 548 3509 ex
562 3455 678 3509 humana
709 3454 865 3510 infirmitate
915 3453 1005 3500 rantes
1014 3459 1204 3499 remunerasse
1213 3446 1415 3518 cognoscimus,
1428 3445 1565 3503 informati
1575 3449 1710 3519 exemplo,

62 3541 186 3614 quotidie
200 3540 365 3613 indigemus,
386 3542 546 3597 habebimus
570 3542 680 3597 omnino
709 3543 864 3614 propitium,

63 3638 91 3685 et
104 3629 221 3684 inbonis
235 3629 363 3684 omnibus
376 3629 471 3700 procul
490 3631 573 3685 dubio
589 3631 761 3700 adjutorium.
782 3631 867 3703 igitur

63 3717 234 3772 sanctitatem
249 3727 366 3773 vestram
380 3732 462 3772 nosse
477 3718 602 3773 volumus
623 3719 752 3790 quoniam
775 3719 867 3773 missis

62 3812 91 3862 et
105 3796 272 3876 apostolatus
286 3805 371 3860 nostri
386 3805 492 3872 litteris,
513 3807 604 3862 dilecti
618 3822 652 3861 ac
666 3807 794 3877 spiritalis
814 3806 861 3861 filii

46 3893 151 3949 ‘nostri
180 3893 267 3948 Caroli
296 3892 484 3965 gloriosissimi
502 3893 672 3964 imperatoris
696 3894 867 3950 clementiam

62 3981 166 4037 obnixe
195 3997 325 4054 rogamus
339 3988 367 4035 ut
388 3982 592 4054 angelbergam
621 3981 705 4036 liliam
734 3990 865 4049 nostram,

63 4085 149 4142 quam
162 4068 232 4124 divae
246 4069 386 4124 memoriae
401 4069 553 4125 Ludovicus
577 4085 624 4125 rex
645 4078 721 4140 pater
747 4071 867 4141 impera-

62 4157 144 4220 toris,
161 4164 188 4210 et
198 4157 351 4213 Ludovicus
376 4156 522 4228 imperator
537 4158 577 4212 vir
587 4158 644 4229 ejus
655 4158 733 4213 nobis
749 4159 864 4214 Veronae

60 4245 332 4313 commendaverunt,
369 4262 402 4301 ac
440 4246 612 4316 postmodum
640 4245 698 4316 ipsa
738 4262 767 4301 se
806 4262 866 4300 san-

61 4341 108 4388 cto
122 4333 200 4387 Petro
210 4332 328 4401 tradidit,
337 4341 363 4388 et
371 4333 496 4404 deipsius
504 4334 599 4389 altaris
605 4334 776 4389 consessione
785 4341 867 4388 tuen-

916 3540 942 3588 et
953 3532 1109 3603 apostolice
1123 3533 1290 3588 auctoritatis
1300 3540 1327 3587 et
1341 3533 1526 3591 miserationis
1541 3536 1711 3608 magisterio,

916 3646 964 3686 seu
984 3630 1184 3697 benovolentia,
1202 3630 1337 3698 omnibus,
1355 3646 1425 3701 quos
1438 3647 1489 3703 pro
1510 3631 1640 3688 Ecclesia
1662 3632 1713 3689 Dei

916 3718 1073 3773 utilitatibus
1101 3716 1218 3772 tideliter
1245 3718 1379 3773 desudare
1398 3719 1590 3789 conspicimus,
1615 3719 1714 3777 subve-

916 3806 976 3861 nire
991 3806 1132 3874 debentes,
1142 3812 1323 3876 opportunum
1334 3821 1367 3862 ac
1375 3807 1560 3862 necessarium
1569 3821 1620 3863 nos
1628 3821 1713 3879 opor·

916 3901 953 3950 tet
980 3894 1103 3964 praebere
1126 3893 1267 3949 auxilium.
1297 3893 1381 3966 lgitur
1408 3895 1472 3967 quia
1499 3902 1526 3951 te
1552 3896 1713 3953 liudericum

918 3983 1105 4038 venerabilem
1138 3983 1328 4054 presbyterum
1356 3991 1383 4038 et
1424 3983 1549 4039 abbatem
1574 3998 1715 4042 sacrorum

916 4072 1144 4127 monasteriorum
1158 4070 1309 4140 beatorum,
1326 4070 1428 4128 scilicet
1463 4071 1587 4128 Gervasii
1607 4080 1634 4128 et
1644 4073 1714 4129 Pro·

917 4159 988 4225 tasii‚
1004 4167 1085 4230 atque
1096 4159 1273 4230 simpliciani,
1289 4175 1340 4215 nec
1356 4174 1410 4214 non
1426 4175 1460 4214 ex
1470 4161 1632 4216 xenodochii
1646 4161 1713 4232 (oli-

920 4247 987 4319 quid
997 4246 1085 4313 deest)
1099 4254 1255 4301 sanctorum
1270 4246 1376 4302 Cosmae
1385 4255 1411 4301 et
1419 4247 1554 4314 Damiani,
1570 4248 1643 4319 quod
1656 4249 1713 4303 llo-

918 4349 1065 4387 manorum
1080 4333 1190 4397 dicitur,
1206 4340 1232 4388 et
1247 4332 1302 4387 alia
1317 4341 1362 4388 tua
1376 4331 1509 4388 beneficia
1523 4333 1566 4390 vel
1580 4332 1714 4405 patrimo·

61 4421 129 4476 dam
148 4421 313 4492 recepimus,
330 4421 364 4476 de
385 4421 446 4477 loco
461 4421 488 4475 in
503 4437 557 4492 quo
571 4436 644 4476 nunc
658 4437 720 4476 esse
748 4408 902 4488 constat,D
919 4420 963 4474 nia
978 4421 1049 4475 intra
1063 4420 1106 4475 vel
1121 4427 1197 4474 extra
1211 4419 1347 4475 civitatem
1364 4420 1594 4476 Mediolanensem
1609 4421 1712 4477 consti·

60 4525 117 4580 pro
131 4524 226 4564 amore
241 4510 307 4564 Jesu
327 4509 424 4565 Christi
440 4509 549 4564 Domini
563 4509 659 4574 nostri,
678 4517 705 4565 et
726 4525 778 4581 pro
799 4526 865 4565 san·

61 4606 170 4655 ctorum
200 4598 385 4668 apostolorum
410 4598 481 4653 Petri
505 4613 537 4654 ac
551 4598 625 4652 Pauli
640 4598 800 4665 reverentia,
818 4614 866 4654 no·

60 4694 176 4757 straque
200 4694 314 4757 paterna
332 4686 477 4742 dilectione
491 4685 700 4757 presentialiter
715 4687 816 4753 reduci,
840 4694 867 4741 et

59 4774 97 4830 ad
114 4789 166 4829 nos
180 4790 241 4829 eam
257 4775 375 4847 dirigere
382 4775 487 4844 jubeat.
499 4775 576 4831 Unde
587 4791 636 4829 vos
646 4774 746 4830 iratres
756 4783 782 4830 et
792 4791 866 4831 corn·

58 4863 204 4919 ministros
218 4871 328 4918 nostros
341 4864 387 4934 pio
402 4863 499 4918 mentis
514 4863 690 4918 convenimus
706 4871 787 4936 atque
802 4865 866 4919 hor·

59 4960 153 5006 tamur
167 4949 275 5016 affectu,
293 4960 427 5022 quatenus
442 4951 469 5006 in
485 4951 564 5020 hujus
588 4950 696 5007 feminae
711 4952 865 5022 reversione

58 5040 104 5097 vel
121 5039 208 5094 salute
224 5039 366 5094 nobiscum
386 5040 529 5112 cooperari
557 5039 712 5112 pariterque
728 5040 864 5096 desudare

61 5129 206 5194 studeatis,
222 5137 252 5182 ut
272 5135 363 5183 vestro
384 5128 498 5183 consilio
511 5138 657 5200 vestroque
673 5128 782 5183 instanti
798 5129 865 5183 hor-

59 5224 128 5283 tatu,
146 5217 205 5286 ipse
227 5218 366 5289 Augustus
381 5226 482 5272 nostrae
496 5217 635 5288 petitionis
649 5215 774 5272 affectum
790 5231 865 5272 more

57 5312 208 5377 parentum
228 5320 342 5359 suorum
369 5305 464 5360 libenti
491 5304 616 5377 perficiat
633 5305 778 5360 voluntate.
795 5305 866 5358 Nam

59 5395 131 5449 sicut
147 5393 216 5448 illud
232 5408 358 5465 regnum,
375 5393 402 5448 in
423 5409 477 5465 quo
501 5409 572 5448 nune
593 5393 640 5448 illa
663 5393 712 5447 sub
741 5391 866 5447 custodia

61 5490 168 5553 manet,
186 5483 248 5553 ejus
263 5489 314 5555 est,
330 5483 368 5539 ita
381 5491 408 5541 et
421 5483 493 5538 istud
507 5501 514 5552 ;
539 5490 565 5539 et
580 5481 647 5540 sicut
657 5480 694 5537 ibi
704 5479 864 5551 custoditur,

916 4515 973 4563 tuta
986 4507 1061 4563 fideli
1084 4508 1239 4574 devotione,
1255 4515 1367 4580 totoque
1381 4508 1479 4563 mentis
1497 4508 1639 4565 comanine
1663 4524 1713 4579 pro

916 4597 1031 4669 pristino
1054 4604 1123 4652 statu
1139 4603 1166 4652 et
1193 4597 1287 4668 vigore
1309 4604 1391 4668 atque
1416 4595 1585 4652 restitutione
1612 4604 1713 4653 sanctia

916 4685 1128 4741 llediolanensis
1142 4683 1272 4740 Ecclesia
1286 4693 1326 4740 ter
1349 4692 1496 4756 quaterque
1524 4684 1552 4739 in
1580 4684 1712 4755 obsequis

917 4774 1045 4845 ansperti
1075 4773 1295 4829 reverendissimi
1329 4772 1528 4844 archiepiscopi
1561 4772 1598 4828 tui
1632 4781 1712 4846 atquc

917 4861 1061 4918 confratris
1076 4861 1162 4917 nostri
1177 4862 1390 4932 devotnmatque
1398 4859 1425 4915 in
1441 4859 1566 4916 omnibus
1580 4860 1712 4918 fidelissi·

916 4967 990 5005 mum
998 4966 1162 5025 permanere
1173 4958 1254 5021 atque
1260 4949 1401 5005 decertare
1407 4949 1518 5004 omnino
1532 4956 1558 5004 et
1573 4950 1713 5006 evidenter

916 5039 1110 5109 comperimus,
1136 5045 1161 5092 et
1182 5036 1345 5109 legationem
1369 5036 1556 5092 ambrosiana
1582 5037 1712 5094 Ecclesia

917 5126 1049 5184 catholica
1065 5124 1118 5179 fido
1139 5132 1175 5190 te,
1193 5133 1219 5179 et
1234 5132 1314 5196 prout
1329 5124 1403 5181 vires
1434 5125 1639 5197 suppleverunt,
1667 5140 1713 5180 ar-

916 5213 1074 5270 dentissimo
1095 5212 1194 5268 ardore
1219 5212 1338 5284 explere,
1356 5213 1439 5268 crebo
1464 5213 1654 5283 cognovimus.
1679 5213 1713 5269 lit

916 5303 951 5357 ob
967 5303 1017 5357 hoc
1041 5300 1147 5372 aliquos
1176 5302 1356 5357 contumacia
1370 5301 1456 5356 livore
1471 5300 1617 5356 adversum
1640 5307 1714 5358 tuam

916 5398 1067 5445 commotos
1083 5405 1143 5444 usse
1159 5388 1342 5454 dilectionem,
1359 5387 1401 5445 vel
1426 5388 1462 5443 ob
1476 5387 1545 5443 alias
1559 5403 1657 5444 causas
1673 5389 1715 5446 in·

918 5478 1006 5545 vidire,
1019 5477 1065 5556 qui
1081 5485 1106 5535 et
1120 5476 1201 5536 modo
1215 5475 1295 5536 labiis
1310 5475 1413 5536 dolosis
1423 5475 1473 5535 aeli
1488 5484 1582 5537 contm
1605 5484 1631 5538 te
1644 5492 1712 5540 coa·
