3794 6104
55 247 107 303 221
775 234 963 295 EPlS'fOLAE.
1658 241 1712 301 222

59 378 123 426 runt
137 368 291 424 debuerant
304 366 381 423 Pauli
391 365 615 438 sententiamque
624 363 690 422 dicit
701 365 776 421 :Non
785 362 901 426 enimA
915 360 1006 418 cilium
1021 361 1087 418 dicit
1097 363 1173 433 (can.
1184 363 1229 433 ιι)
1242 380 1248 416 :
1263 382 1274 414 ι
1288 363 1321 420 Ut
1331 362 1436 419 etiamsi
1448 363 1507 419 talis
1519 364 1617 437 aliquis
1628 368 1713 422 exsti-

59 474 160 515 romas
193 458 270 512 sicat
297 457 421 529 plurimi
448 456 645 512 adulterantes
676 455 789 510 vertam
814 453 865 507 Dei
915 451 977 505 terit
992 451 1164 514 temerarius
1182 459 1211 505 ut
1234 450 1360 506 fortassis
1375 453 1579 509 excusationem
1594 454 1714 512 afferens

60 547 97 616 (ll
112 547 176 601 Cor.
192 560 223 611 ιι,
240 545 296 614 17).
316 566 327 595 ι
354 543 475 609 Adulter,
500 542 587 616 iuquit
601 543 697 598 beatus
713 540 865 612 Gregorius
915 548 1054 594 asseveret
1069 540 1141 610 quod
1156 539 1250 610 populi
1265 540 1367 595 litteras
1381 542 1529 613 acceperit,
1547 559 1608 599 eum
1623 545 1713 599 mani-

60 635 170 704 (dcrat.
196 648 256 699 xvi,
272 648 324 703 eap
343 635 399 701 25),
422 631 450 686 iu
465 631 569 687 carnali
593 631 665 687 coitu
689 646 745 686 non
758 629 865 701 prolem
915 626 1015 683 festum
1030 628 1064 683 sit
1079 627 1201 699 potuisse
1215 643 1319 699 pancos
1333 629 1446 700 praemio
1470 639 1496 686 et
1512 632 1639 688 mercede
1655 649 1715 689 cor-

61 723 108 779 sed
122 721 294 792 voluptatem
308 720 414 793 quaerit,
430 728 457 775 et
472 735 618 791 perversus
633 719 733 791 quique
748 733 865 775 aoranae
915 717 1013 787 rumpi,
1031 717 1140 787 eosqui
1156 717 1390 774 sinceramlidem
1416 734 1471 774 non
1485 720 1596 787 habent,
1613 728 1642 775 ut
1657 721 1714 777 ela·

60 811 155 884 gloriae
170 810 296 865 servieus
311 819 386 866 recte
402 809 558 864 adulterare
572 808 685 864 verbum
695 807 863 873 Deidicitur,
914 813 1019 861 merent
1032 805 1059 881 iu
1074 804 1207 876 Ecclesia,
1224 814 1250 861 et
1264 806 1353 876 ipsum
1377 815 1471 877 petere
1485 807 1644 864 viderentur
1658 810 1716 881 opi·

61 900 123 971 quia
138 915 191 969 per
215 914 325 954 sacrum
346 897 487 969 eloquium
509 913 564 952 non
580 897 638 952 Deo
653 895 723 952 filios
739 896 863 968 gignere,
915 909 1038 965 scopum,
1054 893 1163 950 omnino
1178 895 1227 948 has
1242 893 1353 949 fraudes
1374 895 1546 959 dernnandas
1562 912 1624 952 esse
1639 898 1715 954 arbi-

61 989 200 1043 sedanam
216 986 357 1042 scientiam
372 985 512 1041 desiderat
527 991 675 1040 ostentare.
691 984 780 1053 Quem
791 984 864 1039 enim
914 990 983 1047 tror,
1000 982 1037 1036 ita
1051 991 1080 1036 ut
1099 998 1149 1037 nce
1165 982 1263 1038 laicam
1287 983 1314 1036 in
1339 982 1392 1038 linc
1416 985 1634 1040 communionem
1654 986 1715 1042 talis

61 1075 142 1130 libido
158 1073 256 1148 gloriae
276 1075 311 1129 ad
332 1075 500 1145 loquendum
519 1073 611 1140 trahit,
629 1073 760 1143 voluptati
775 1072 864 1144 magis
915 1070 1068 1140 accipiat.»
1086 1069 1156 1138 Quia
1183 1086 1249 1125 vero
1278 1071 1384 1125 duabus
1399 1073 1615 1143 metropolitanis
1639 1073 1715 1129 sedi-

61 1179 142 1236 quam
160 1163 348 1234 procreationi
374 1178 485 1233 operam
514 1162 673 1233 impendit.»
696 1161 742 1216 Sic
766 1168 792 1215 et
818 1160 865 1231 qui
916 1159 967 1213 bus
983 1175 1053 1213 unus
1067 1159 1291 1228 metropolitanus
1306 1159 1449 1230 episcopus
1464 1161 1627 1233 regulariter
1641 1177 1716 1232 prae-

61 1263 110 1318 pro
126 1246 229 1317 opibus
243 1253 271 1301 et
285 1244 442 1302 facultatum
471 1245 557 1316 copiis
584 1259 618 1301 ac
647 1245 731 1299 rebus
746 1242 864 1298 terrenis
916 1247 1008 1302 sidere
1017 1262 1072 1301 non
1087 1247 1195 1317 poterit,
1213 1254 1323 1302 sanetus
1338 1247 1494 1304 Bonifacius
1507 1265 1578 1320 papa
1592 1250 1716 1306 auetori-

61 1329 215 1387 Ecclesiam
237 1341 313 1384 suam
334 1338 428 1397 muas.
449 1329 555 1386 inurar
578 1329 676 1384 merito
699 1336 822 1397 vocatur,
839 1334 865 1382 et
915 1343 968 1390 tate
982 1335 1085 1390 nicam
1103 1335 1215 1390 conenit
1228 1333 1382 1389 manifesto
1393 1336 1561 1390 snspensas
1571 1337 1714 1404 utranam,

60 1419 130 1475 inter
153 1418 294 1474 adulteros
322 1418 506 1490 deputabitur·
522 1417 593 1474 Nam
607 1417 752 1481 civilatem,
769 1416 796 1471 in
812 1429 865 1487 qua
913 1423 1123 1479 Narbonensem
1132 1423 1289 1494 episcopum
1301 1423 1455 1493 (Epist.8):
1469 1424 1715 1496 «Nulliinquiens,

61 1508 159 1562 0⁰1⁰&
181 1506 334 1575 inhabitat,
351 1514 377 1562 0¹
391 1505 483 1562 defici
504 1504 615 1561 8012501
636 1504 753 1573 ”Obilesi
774 1504 823 1558 Sed
837 1510 865 1558 θῑ
915 1511 1023 1567 videtur
1045 1511 1185 1583 incognita
1210 1511 1307 1583 synodi
1327 1511 1483 1567 constitutio
1504 1513 1632 1578 Nicaenae,
1648 1513 1717 1584 {quse

61 1594 197 1668 ignobiles
214 1602 294 1666 atque
318 1595 414 1651 rustici
441 1594 623 1662 laboratores,
640 1600 666 1648 et
680 1593 763 1648 etiarn
778 1591 864 1647 ludaei
914 1600 952 1654 ita
966 1599 1088 1670 praecipit
1104 1598 1238 1654 utendam
1266 1600 1377 1670 proprie
1391 1600 1477 1655 verba
1498 1615 1651 1671 ponamus;
1667 1617 1718 1672 per

62 1692 89 1737 ut
116 1682 203 1738 fertur
231 1682 392 1751 inhabitant,
421 1690 448 1737 et
477 1683 505 1736 in
531 1680 662 1753 parochia
677 1681 727 1736 sub
753 1679 863 1736 nominc
876 1702 1135 1778 Buramquamque
1153 1687 1322 1759 provinciam
1337 1687 1397 1756 ejus
1420 1689 1644 1758 metropolitanos
1659 1690 1719 1745 sin·

61 1770 215 1828 Christiano
230 1771 343 1842 degunt,
364 1771 523 1842 episcopum
538 1785 622 1826 eausa
637 1768 800 1840 cupiditatis,
817 1776 864 1823 eut
914 1776 995 1849 gulos
1014 1776 1117 1832 habere
1132 1775 1243 1844 debere,
1259 1791 1311 1832 nec
1325 1776 1452 1847 cuiquam
1476 1777 1545 1831 duas
1560 1793 1621 1833 esse
1636 1792 1720 1848 posse

60 1860 158 1916 ardore
174 1859 330 1915 ambitionis
344 1860 484 1927 deserere,
497 1867 523 1914 et
538 1859 651 1913 alteram
659 1858 754 1913 sedem
764 1872 864 1912 racan-
915 1864 1063 1934 subjectas,
1080 1864 1151 1936 quod
1172 1863 1220 1929 illi,
1238 1864 1300 1935 quia
1314 1864 1393 1919 aliter
1408 1864 1575 1921 credendum
1597 1873 1718 1934 nonest,

60 1956 114 2004 ιειιι
142 1947 286 2017 invadere,
310 1956 337 2002 et
352 1963 413 2004 curu
428 1946 476 2002 illa
494 1947 522 2002 in
538 1962 592 2018 qua
607 1946 748 2001 ordinatus
760 1945 820 2012 fuit,
837 1952 863 2000 et

914 1952 1081 2008 servandum
1095 1960 1189 2008 sancto
1204 1950 1304 2023 Spiritu
1328 1961 1494 2025 suggerente
1509 1951 1627 2008 siblimet
1651 1968 1719 2009 een·
1796 2002 1799 2010 .

59 2036 87 2091 iu
104 2048 161 2107 qua
184 2035 244 2091 sine
266 2035 389 2107 periculo
412 2035 509 2091 mortis
534 2035 637 2108 degere
661 2033 742 2102 valet,
760 2042 861 2102 tenere,

60 2139 115 2180 non
125 2123 217 2179 solum
233 2130 312 2195 turpe
326 2125 374 2179 sed
389 2132 416 2179 et
430 2122 614 2194 periculosum
622 2130 703 2193 atque
727 2121 864 2193 pernicio·

60 2228 121 2269 sum
145 2221 198 2278 est,
219 2226 282 2267 cum
311 2212 381 2269 sacri
396 2227 515 2268 canones
530 2211 609 2266 etiam
625 2211 660 2265 de
674 2218 787 2266 vacante
803 2210 864 2280 epi-

913 2049 1052 2098 suerunt.»
1069 2040 1318 2112 Etpastaliquanta
1335 2057 1342 2094 :
1360 2062 1371 2090 r
1389 2039 1468 2108 Quod
1478 2040 1581 2096 idcirco
1589 2041 1715 2109 dicimus,

913 2138 941 2184 et
955 2129 1087 2184 advertat
1111 2128 1230 2184 charitas
1244 2136 1299 2193 tua,
1316 2128 1385 2183 adeo
1403 2143 1453 2182 uos
1480 2143 1616 2185 canonum
1643 2144 1717 2200 prae·

913 2226 994 2288 cepta
1026 2232 1148 2282 servare,
1178 2224 1207 2271 ut
1234 2216 1271 2270 ita
1299 2216 1456 2272 constitutio
1485 2232 1594 2288 qnoque
1621 2224 1718 2272 nostra

60 2316 146 2372 seopo
160 2300 189 2354 iu
204 2300 359 2357 Ecclesiam
377 2309 519 2357 vacantem
535 2299 692 2370 prosiliente
715 2299 865 2355 decemaut
915 2305 1030 2371 offiniat,
1047 2314 1181 2377 quatenus
1194 2304 1396 2375 metropolitani
1410 2304 1452 2359 sui
1466 2321 1636 2378 unaquaeque
1646 2321 1711 2376 pro.

60 2390 150 2459 (ωηο.
166 2390 301 2446 Antiatis.
311 2404 362 2445 can
372 2391 426 2459 ιι),
441 2396 492 2443 «ut
503 2389 526 2442 si
536 2387 753 2460 quisepiscopus
763 2401 865 2442 vacans
914 2394 1004 2450 vincia
1019 2394 1046 2448 in
1062 2393 1189 2449 omnibus
1216 2393 1301 2448 rebus
1315 2393 1515 2449 ordinationem
1544 2409 1653 2465 semper
1667 2409 1717 2449 ex-

58 2477 87 2532 in
101 2477 248 2533 ecclesiam
263 2485 402 2534 vacantem
425 2475 556 2548 prosiliat,
573 2476 721 2547 sedemque
735 2476 864 2546 pervadat
916 2490 1028 2554 spectet,
1048 2501 1059 2532 ι
1087 2483 1203 2554 Cogunt,
1220 2482 1307 2553 inquit
1330 2482 1509 2554 Augustinus,
1534 2482 1624 2537 multis
1638 2483 1718 2538 inve.

60 2567 166 2638 absque
185 2566 293 2638 inlegro
314 2565 493 2637 perfectoque
515 2565 641 2630 concilio,
665 2564 709 2620 hle
723 2563 865 2632 abjiciatur
915 2572 973 2627 nire
997 2569 1147 2626 medicinas
1171 2570 1317 2625 multorum
1342 2570 1526 2640 experimenta
1548 2570 1716 2627 morborum,

59 2669 175 2710 1190θὸ30
190 2662 245 2721 θὸῑ,
262 2654 313 2710 elsi
327 2662 441 2710 cunctus
455 2653 572 2725 populus
588 2668 669 2724 quem
678 2651 787 2723 diripuit
802 2667 864 2708 eum
916 2660 949 2714 Et
964 2660 1037 2731 quia,
1055 2666 1082 2714 ut
1098 2658 1195 2713 Daniel
1210 2658 1299 2713 dicit:
1314 2660 1534 2715 Pertransitont
1548 2660 1677 2731 plurimi,
1689 2663 1719 2714 et

60 2743 164 2799 habere
192 2742 337 2814 delegerit.
363 2741 517 2798 Perfectum
545 2756 610 2797 vero
636 2739 865 2797 consiliumillud
915 2747 1070 2821 multiplea
1085 2748 1142 2803 erit
1150 2747 1271 2802 scientio
1286 2746 1370 2813 (Duo.
1388 2750 1431 2814 ta,
1443 2748 1481 2816 ι),
1498 2762 1549 2818 pro
1564 2756 1717 2817 temporum

60 2839 111 2900 est,
128 2830 177 2886 ubi
204 2830 358 2887 interfuerit
385 2830 607 2902 metropolitanus
635 2829 758 2884 antistes.
782 2828 865 2884 »Sed
916 2835 1081 2902 diversitate,
1099 2843 1125 2890 et
1139 2834 1296 2890 morborum
1309 2834 1448 2903 carimate,
1468 2843 1549 2907 atque
1577 2835 1717 2890 hominum

60 2929 87 2976 et
102 2920 137 2975 de
152 2933 187 2975 eo
202 2921 250 2992 qui
265 2919 482 2976 irrationabiliter
494 2928 522 2974 et
531 2918 720 2990 irregulariter
729 2917 865 2974 civitatem
917 2924 1042 2990 sanitate,
1059 2924 1183 2995 quaedam
1198 2923 1395 2990 conceduntur,
1413 2923 1482 2979 sicut
1496 2924 1555 2980 Noe
1565 2931 1592 2979 ει
1601 2922 1720 2979 filiorum

60 3030 137 3072 snam
159 3015 189 3070 in
213 3027 267 3085 qua
295 3010 435 3066 ordinatus
451 3008 500 3065 fuit
527 3008 630 3064 deserit
647 3050 654 3074 ,
672 3015 698 3062 et
727 3007 763 3062 ad
784 3006 865 3062 aliam
916 3014 962 3082 J'us
998 3012 1093 3067 usibus
1116 3011 1248 3066 alimenta
1274 3026 1345 3066 nova
1375 3011 1556 3083 permissione
1584 3027 1716 3068 concessa

61 3105 173 3169 transit,
188 3099 353 3158 sardicense
382 3097 526 3154 concilium
541 3096 606 3153 dicit
621 3096 696 3167 (can.
719 3096 765 3166 ιιι
780 3116 790 3145 ι
803 3095 866 3151 Νοιι
881 3067 1025 3167 Cdeinde,
1042 3116 1092 3171 per
1115 3100 1237 3170 bfoysem
1264 3099 1370 3170 populo
1403 3101 1561 3155 ludaeorum
1584 3100 1720 3171 prohibita

60 3195 150 3250 minus
166 3191 240 3247 mala
255 3187 433 3254 consuetudo,
447 3200 529 3258 quam
543 3185 699 3255 perniciosa
710 3183 865 3254 corruptela
914 3206 1066 3261 rursusque
1090 3189 1168 3244 nobis
1184 3197 1247 3242 sunt
1266 3188 1303 3242 ita
1328 3203 1475 3255 concessa,
1492 3197 1521 3243 ut
1543 3204 1604 3260 qum
1618 3189 1719 3245 Judaeis

61 3283 182 3339 funditus
209 3276 378 3334 eradieanda
407 3283 458 3345 est,
474 3290 509 3329 ne
534 3274 577 3329 eui
592 3273 671 3328 liceat
686 3273 817 3344 episcopo
830 3272 865 3327 de
915 3277 1023 3334 fuerunt
1048 3277 1129 3332 vetita
1152 3277 1181 3331 in
1205 3277 1360 3347 pecoribus,
1377 3276 1457 3332 nohis
1479 3276 1677 3347 prohibeantur
1690 3278 1718 3331 in

61 3372 170 3428 civitate
185 3383 235 3424 sua
251 3367 287 3423 ad
302 3365 384 3420 aliam
399 3363 514 3418 transire
545 3362 691 3418 civitatem.
723 3360 866 3416 Manifesta
914 3366 1047 3431 moribus,
1065 3365 1135 3421 sicut
1155 3365 1289 3420 Dominus
1312 3365 1340 3418 in
1356 3363 1507 3437 Evangelio
1522 3364 1587 3420 dicit
1605 3382 1611 3419 :
1626 3365 1718 3422 Aodi·

62 3469 103 3516 est
112 3460 190 3516 enim
204 3470 289 3515 causa
304 3469 357 3525 qua
371 3453 423 3509 1100
438 3450 527 3507 facere
547 3458 641 3516 tentat,
658 3465 720 3505 011111
734 3449 824 3505 nullus
838 3449 867 3503 in
915 3457 967 3510 stis
984 3457 1050 3527 pato
1064 3454 1173 3510 dietam
1188 3457 1230 3509 est
1245 3454 1390 3524 antiquis:
1403 3468 1450 3523 epo
1463 3457 1560 3508 notem
1575 3453 1719 3510 diceretis

59 3550 110 3605 hae
125 3547 297 3602 reinventus
312 3542 347 3597 sit
360 3541 515 3611 episcopus,
532 3538 623 3610 quide
638 3539 741 3608 majore
756 3537 866 3594 civitate
916 3544 1025 3612 (tfottlt.
1043 3558 1070 3608 v,
1087 3543 1143 3612 at).
1161 3539 1336 3611 Quapropter
1350 3540 1424 3611 quod
1439 3540 1542 3595 licitum
1553 3539 1612 3608 fuit,
1624 3557 1720 3597 neces·

61 3637 95 3692 ad
118 3636 260 3691 minorem
281 3630 430 3685 transiret:
447 3628 520 3683 unde
546 3636 641 3698 aparet
670 3626 792 3683 avaritiae
819 3640 866 3680 ar·
916 3631 996 3686 sitate
1019 3630 1062 3685 vel
1087 3629 1210 3696 utilitate,
1228 3629 1262 3684 de
1284 3629 1515 3701 transmigrandis
1532 3629 1670 3700 episcopis
1685 3630 1720 3686 ab

61 3726 125 3781 dore
153 3738 205 3778 eos
232 3718 403 3783 inflammari,
445 3725 471 3772 et
498 3716 638 3772 ambitioni
668 3715 780 3781 servire,
798 3721 824 3770 ct
838 3721 867 3768 ut
918 3719 1041 3777 ecclesiis
1055 3718 1088 3774 ad
1105 3718 1238 3774 ccclesias
1253 3722 1316 3773 ante
1331 3733 1471 3774 sacrarum
1481 3718 1638 3789 regularum
1648 3735 1720 3789 prae-

63 3811 281 3870 dominationem
295 3814 389 3881 agant.
408 3806 437 3862 Si
452 3806 578 3861 omnibus
593 3805 693 3876 placat,
710 3802 867 3873 hujusmodi
916 3808 1054 3874 fixionem,
1071 3815 1167 3879 postea
1194 3807 1326 3862 intantum
1345 3806 1405 3873 fnit,
1422 3814 1474 3873 est,
1491 3814 1518 3862 et
1532 3807 1584 3862 erit
1597 3807 1720 3864 illicitum

62 3901 200 3974 pernicies
230 3896 329 3953 savius
358 3904 385 3951 et
412 3894 547 3950 austerius
574 3893 742 3959 vindicetur,
758 3899 786 3946 ut
816 3907 867 3947 nec
917 3905 1009 3954 contra
1030 3896 1141 3952 casdem
1156 3911 1250 3951 sacras
1272 3896 1383 3968 regulas
1399 3912 1541 3967 usurpare,
1557 3903 1586 3950 ut
1610 3903 1721 3952 sauctus

61 3991 156 4048 laicam
171 3985 395 4046 communionem
410 3985 510 4040 habeat
525 3983 571 4054 qui
586 3981 646 4037 talis
662 3988 713 4037 est.
732 4002 743 4030 ι
761 3982 791 4036 ln
815 3982 867 4036 hoc
917 3985 1070 4059 Gregorius
1084 3984 1284 4051 Nazianzenus,
1302 3984 1343 4040 vir
1365 3984 1550 4053 doctissimus,
1567 3985 1721 4041 catholicis-

63 4078 179 4151 capitulo
193 4076 284 4145 maj0r
297 4083 324 4130 et
337 4073 426 4130 minor
439 4073 542 4139 civitas,
554 4087 611 4128 non
626 4071 716 4126 solum
726 4069 868 4140 pensanda
918 4072 1003 4126 simus
1024 4079 1104 4142 atque
1128 4069 1376 4141 eloquentissimus,
1393 4078 1419 4124 et
1434 4069 1496 4127 vitae
1510 4069 1608 4127 merito
1623 4085 1655 4125 ac
1671 4084 1719 4126 sa·

63 4177 97 4223 est
111 4165 237 4232 nomine,
256 4164 306 4220 sed
320 4172 347 4219 et
360 4162 545 4235 possessione,
562 4161 632 4217 sicut
651 4167 677 4214 et
692 4159 803 4215 avaritia
813 4174 868 4214 uon
916 4158 1155 4231 pientiaedoetrina
1166 4158 1400 4229 venerandus,qui
1414 4159 1486 4230 apud
1505 4159 1720 4215 GraecosTheo-

65 4257 147 4312 solum
163 4251 291 4326 pecuniae
305 4260 346 4308 est
359 4267 392 4308 ac
405 4249 597 4323 possessionis,
614 4249 663 4306 sed
677 4248 759 4304 etiam
774 4247 868 4304 altitu·
917 4246 998 4321 logus
1026 4247 1244 4320 cognominatur,
1262 4247 1409 4301 multorum
1439 4248 1550 4303 decreto
1575 4247 1721 4318 episcopo-

66 4344 141 4400 dinis.
159 4344 192 4400 ln
236 4341 348 4398 nornine
375 4339 581 4411 Metropolitano
618 4337 730 4393 avaritia
758 4336 866 4404 dieitur,
918 4353 989 4406 rum,
1006 4345 1034 4391 ut
1049 4338 1078 4391 in
1093 4335 1210 4391 historiis
1226 4335 1419 4391 ecclesiasticis
1433 4334 1551 4408 legimus
1567 4353 1574 4390 z
1590 4336 1625 4390 de
1636 4351 1722 4406 parva

67 4447 121 4488 corn
142 4430 356 4504 supramodum
383 4427 535 4484 subhmitas
550 4427 668 4482 ambitur
684 4443 691 4480 :
708 4425 736 4480 in
750 4440 863 4495 posscs—
878 4425 1025 4486 Doirittte
1039 4425 1177 4480 Nazianzo
1191 4422 1454 4495 Constantinopolim
1464 4438 1547 4479 eausa
1557 4422 1621 4478 fidei
1631 4430 1721 4477 traus-

70 4522 150 4590 sione,
170 4517 302 4578 videlicet
319 4519 347 4573 iu
361 4533 454 4573 rerum
468 4531 500 4573 ae
514 4515 671 4572 facultatum
698 4514 868 4586 copiositate,
921 4515 1000 4579 latus,
1017 4530 1099 4585 qnam
1114 4529 1164 4584 per
1178 4528 1264 4568 annos
1275 4511 1421 4569 duodecim
1431 4511 1615 4584 insignissime
1625 4511 1721 4584 garber-

70 4620 101 4664 est
128 4609 253 4677 arentia,
271 4623 353 4679 quarn
379 4605 527 4677 apostotus
556 4604 690 4660 idolorum
712 4605 871 4661 servitutem
921 4603 994 4659 navit
1009 4603 1078 4658 etab
1094 4602 1191 4658 haeresi
1213 4602 1313 4657 Ariana
1336 4600 1531 4674 gloriosissime
1545 4599 1679 4668 liberavit,
1694 4607 1721 4655 et

72 4699 191 4769 appellat.
209 4698 245 4752 Et
256 4703 367 4752 sanetus
381 4695 435 4750 Leo
450 4710 520 4765 papa
529 4694 581 4749 hoe
592 4709 711 4766 sequens
721 4692 870 4764 capitulum
921 4692 1021 4763 dogma
1034 4691 1141 4747 Nicaeni
1154 4690 1262 4748 concilii
1277 4690 1354 4762 quasi
1366 4690 1423 4759 jam
1437 4696 1572 4743 mortuum
1582 4687 1610 4741 iu
1624 4687 1720 4743 eadem

72 4784 186 4844 decrevit
201 4787 297 4858 (epist.
316 4788 349 4839 88
364 4783 514 4840 Anastasio
535 4783 683 4854 Thessal),
701 4791 754 4837 «ut
770 4782 793 4835 si
809 4781 870 4853 quis
921 4782 999 4853 regia
1027 4781 1136 4838 civitate
1166 4780 1223 4835 suis
1238 4778 1451 4850 expositionibus
1467 4775 1650 4844 resuscitavit,
1668 4792 1720 4849 ag·

76 4877 210 4946 episeopus
228 4872 346 4929 civitatis
369 4888 425 4928 suae
439 4870 627 4927 mediocritate
642 4871 770 4942 despecta
785 4869 870 4925 admi-

77 4962 256 5019 nistrationem
283 4960 338 5017 loci
368 4960 526 5017 celebrioris
541 4960 675 5026 ambierit,
692 4969 718 5014 ct
733 4961 767 5014 ad
780 4959 869 5028 majo·

79 5066 125 5105 ram
138 5068 168 5107 se
182 5051 294 5123 plebem
309 5064 472 5122 quacunque
480 5050 584 5105 ratione
595 5048 768 5117 transierit,a
779 5049 871 5105 cathe-

81 5137 118 5193 dra
130 5141 238 5212 qudem
253 5139 370 5211 pellatur
383 5139 481 5207 aliena,
494 5138 543 5193 sed
553 5145 579 5193 et
594 5137 698 5193 carebit
709 5144 735 5193 ct
749 5137 869 5209 propria,

84 5235 103 5279 ιι
114 5245 158 5285 nec
169 5229 222 5284 illis
237 5228 393 5299 praesidcat,
411 5243 480 5299 quos
494 5243 545 5298 per
555 5226 694 5283 avaritiam
704 5226 868 5298 concupivit,

83 5328 120 5371 tec
132 5318 182 5373 illis
196 5334 267 5391 quos
277 5334 327 5389 per
339 5317 496 5388 superbiam
511 5315 623 5388 sprevit.
642 5316 704 5370 Suis
720 5315 804 5389 igitur
820 5324 871 5371 ter·

86 5405 148 5460 niuis
163 5408 280 5479 quisque
311 5413 456 5462 contentus
470 5406 513 5471 sit,
533 5421 585 5461 neo
604 5421 688 5476 supra
715 5420 871 5460 mensuram

88 5497 138 5564 luris
158 5505 197 5562 sui
211 5503 324 5562 affectet
347 5504 453 5578 augeri.
468 5524 480 5555 ε
496 5505 530 5560 ιιι
543 5503 608 5560 item
623 5502 787 5561 Sardiceuse
802 5519 870 5560 cou-

921 4886 1039 4927 noseens
1055 4871 1199 4941 episcopos
1213 4881 1382 4922 murmurare
1396 4881 1429 4920 eo
1445 4866 1517 4936 quod
1532 4873 1605 4921 esset
1629 4873 1654 4921 et
1669 4865 1721 4921 alia

921 4960 1026 5015 civitate
1054 4966 1150 5015 contra
1173 4971 1290 5013 canones
1306 4954 1450 5009 translatus
1466 4954 1609 5023 adoliam,
1635 4955 1721 5011 vitare

921 5047 976 5104 imo
991 5047 1099 5104 auferre
1114 5045 1263 5101 fraternum
1273 5041 1368 5098 volens
1377 5042 1546 5113 scandalum,
1556 5059 1590 5100 ne
1602 5043 1722 5100 schisma

921 5137 949 5192 in
975 5136 1127 5193 Ecclesiam
1151 5133 1323 5188 introducere
1336 5131 1485 5198 videretur,
1502 5140 1630 5189 monente
1644 5135 1720 5203 apo-

922 5227 991 5281 stolo
1003 5227 1050 5280 :ln
1060 5223 1189 5281 omnibns
1198 5221 1383 5278 exhibeamus
1394 5223 1577 5294 nosnaetipsos
1588 5222 1722 5277 aicatllei

921 5316 1078 5379 ministros,
1089 5313 1199 5368 nemini
1208 5311 1309 5367 dantes
1318 5311 1606 5383 allnmotlensionem,
1620 5312 1653 5366 ot
1663 5326 1721 5366 non

921 5415 1098 5484 vituperator
1107 5411 1449 5467 ministeriumnoatram.
1463 5409 1501 5478 (ll
1509 5408 1569 5464 Cor.
1579 5422 1618 5476 vt,
1631 5409 1669 5479 ι),
1678 5408 1723 5464 ad·

921 5509 1047 5567 veniente
1062 5507 1326 5584 Constantinopolim
1352 5505 1505 5564 Theodosio
1519 5505 1653 5581 principe,
1669 5521 1721 5586 pt·
