3794 6104
119 260 171 312 883
764 255 910 310 JOANNlS
930 255 1026 309 Parin
1038 256 1096 309 vlit

118 388 200 452 atque
216 379 385 436 inimicorum
401 387 502 434 sanctae
519 376 566 433 Dei
580 378 712 434 Ecclesiae
726 388 915 435 etnostrorum
930 379 1050 442 Aetium
1064 394 1080 431 a
1095 377 1172 431 malis
1197 378 1376 441 Christianis,
1394 378 1466 447 quod
1491 377 1545 447 ipsi
1569 375 1667 446 procul
1691 377 1763 431 dubio

117 467 240 524 ferocem
255 468 427 524 severitatem
450 466 524 521 omni
546 466 628 522 modo
651 469 830 538 comprimere
854 468 918 523 laci·
971 466 1054 531 scitis,
1072 475 1239 537 permaneat,
1253 465 1349 531 donec,
1360 467 1418 521 Deo
1433 464 1592 529 auxiliante,
1604 472 1764 519 revertentes

117 556 198 628 leque
213 571 343 627 superare
366 555 539 626 putabamus.
562 555 616 610 Sed
640 556 752 626 quiade
772 557 814 610 bis
829 556 918 609 omni·
970 557 1004 609 ad
1018 555 1154 627 gremium
1169 562 1270 608 sarretae
1286 554 1379 607 matris
1390 561 1487 608 vestrae
1499 554 1635 608 llomanae
1644 551 1765 606 Ecclesia

119 643 172 698 bus
186 642 252 698 nihil
266 643 338 714 apud
353 642 567 714 magnitudinem
592 650 730 712 vestram,
753 652 780 697 ut
805 644 918 699 voleba-
971 643 1100 706 veniatis;
1119 643 1182 713 quia
1198 642 1221 695 si
1236 643 1288 697 hoc
1303 641 1544 712 praetermiseritis,
1564 649 1643 694 tanta
1659 639 1766 710 undique

120 746 192 800 mus,
208 729 376 803 peregimus,
394 737 560 785 revertentes
575 729 714 800 prioribus
727 731 819 802 pejora
843 748 920 802 repe·
970 733 1085 786 adversa
1100 731 1144 786 rix
1158 731 1229 785 ferre
1245 731 1374 785 valemus.
1398 729 1573 799 Quapropter
1589 736 1683 783 restra
1698 743 1766 800 rega-

1720 259 1761 309 bil

120 818 217 873 rimus.
231 817 302 873 Nam
316 817 418 873 inimici
434 818 537 884 nostri,
554 818 652 886 majori
676 819 787 873 audacia
811 819 918 888 elevati,

121 906 281 963 nouaclum
300 922 331 962 aa
350 922 410 978 quae
431 906 518 962 sancti
541 906 612 960 Petri
634 915 695 960 sunt
719 907 855 978 diripere,
872 907 920 962 sed

121 995 204 1051 etiam
218 994 342 1050 homines
357 1001 466 1050 nostros
480 994 508 1049 iu
533 1010 581 1049 sua
604 999 736 1064 potestate
760 995 920 1067 recolligere

121 1090 148 1141 ct
163 1081 280 1138 retinere
295 1097 349 1137 nou
364 1082 496 1136 dubitant.
509 1080 688 1152 Quapropter,
700 1081 738 1135 lili
749 1082 918 1149 charissime,

120 1185 171 1245 pro
186 1177 261 1225 certo
280 1168 375 1224 scitote
389 1169 452 1241 quia
467 1185 517 1224 nos
532 1178 652 1224 restrum
671 1170 803 1225 bonorem
818 1179 843 1225 et
858 1171 920 1241 glo-

121 1257 191 1313 riam
205 1263 260 1313 toto
274 1257 416 1313 conamine
432 1256 621 1311 desideramus
636 1255 784 1328 perficere,
811 1266 837 1312 et
858 1259 920 1314 ideo

120 1361 171 1402 vos
186 1360 220 1400 ea
233 1361 294 1417 quae
308 1343 416 1399 utilitati
430 1352 457 1399 et
471 1344 624 1399 exaltationi
640 1354 740 1401 sanotae
754 1346 828 1400 sedis
851 1363 919 1416 apo-

122 1432 225 1489 stolicae
238 1430 361 1504 proficua
374 1438 454 1500 sunt,
482 1432 527 1503 pio
551 1432 645 1486 intuitu
663 1441 808 1504 menteque
824 1433 920 1489 devota

122 1520 228 1577 debetis
241 1535 385 1593 peragere.
412 1520 488 1575 Unde
503 1519 601 1575 obnixe
621 1536 767 1590 precamur
790 1531 818 1576 ut
842 1523 920 1576 nobis

122 1606 247 1682 dirigatis
254 1607 450 1663 Luithbardum
465 1608 649 1664 venerabilem
674 1609 850 1680 episcopum,
868 1611 921 1664 lla-

970 819 1003 872 lis
1019 819 1178 891 magnitudo
1202 819 1350 888 praevideat
1374 834 1408 873 ne
1432 817 1532 873 vestris
1556 816 1658 871 diebus
1682 816 1767 871 eadem

970 906 1094 962 Ecclesia
1108 906 1226 977 aliquam
1241 906 1409 961 minuitatem
1429 905 1559 976 patiatur,
1585 903 1635 959 sed
1658 918 1709 974 per
1729 916 1769 960 ros

969 995 1057 1065 magis
1072 1003 1270 1066 angmentetur,
1288 994 1414 1064 quoniam
1430 993 1516 1064 ipsius
1535 999 1721 1063 augmentum
1734 1008 1768 1047 re

971 1091 1026 1137 ster
1043 1092 1083 1137 est
1099 1084 1195 1137 bonor.
1212 1084 1277 1137 ideo
1292 1083 1407 1152 petimus
1433 1090 1460 1136 ut
1481 1098 1544 1137 cum
1568 1088 1711 1152 praesente
1723 1081 1768 1149 jam

970 1171 1043 1225 dieto
1057 1179 1155 1241 nepote
1171 1179 1265 1225 nostro
1280 1171 1407 1224 idoneum
1432 1186 1447 1223 e
1472 1169 1557 1223 latere
1581 1175 1679 1222 vestro
1701 1167 1768 1222 uobis

970 1258 1093 1329 dirigatis
1107 1258 1237 1327 legatum,
1256 1258 1301 1328 qui
1313 1257 1476 1312 adsalutem
1501 1265 1526 1311 et
1549 1255 1688 1325 justitiam
1701 1262 1767 1311 ιειιιι

970 1346 1112 1401 nobiscnm
1128 1347 1235 1401 interim
1249 1345 1352 1417 pariter
1365 1353 1391 1399 et
1406 1344 1615 1416 promptissime
1640 1343 1670 1397 iu
1687 1343 1766 1398 omni-

970 1434 1030 1498 bns
1048 1443 1128 1503 prout
1142 1450 1210 1504 opus
1227 1434 1320 1498 luerit,
1337 1433 1470 1500 desudet;
1487 1440 1515 1486 ut
1541 1440 1569 1488 et
1592 1447 1646 1486 nos
1670 1446 1766 1486 omnem

970 1530 1091 1576 vestrum
1106 1522 1237 1577 bonorem
1261 1521 1440 1576 libentissime
1462 1521 1608 1575 ualeamus
1632 1518 1765 1590 perficere,

971 1610 1012 1664 cui
1029 1627 1059 1664 ea
1074 1626 1134 1680 quea
1150 1610 1226 1664 vobis
1242 1610 1355 1674 dixerit,
1381 1608 1458 1680 qnasi
1483 1607 1693 1679 uobismetipsis
1712 1623 1766 1663 cre-

122 1694 264 1768 nigoldum
279 1693 364 1750 filium
378 1694 531 1762 adelberti,
550 1703 576 1750 et
590 1696 766 1751 adelbertum
779 1698 920 1769 protopin-
936 1698 1038 1786 Bdere
1061 1713 1115 1752 non
1137 1697 1331 1770 dedignemini.
1356 1696 1543 1765 Quamobrem
1569 1711 1720 1767 rogamus,
1743 1705 1767 1750 ιιι

124 1799 234 1840 cernam
248 1791 379 1851 vestrum,
397 1783 453 1854 qui,
470 1792 614 1855 antequam
637 1801 686 1839 vos
710 1786 758 1839 bas
782 1786 809 1840 iu
830 1796 922 1857 partes

126 1871 251 1928 veniendi
265 1871 316 1927 iter
330 1871 458 1937 sumatis,
474 1887 524 1927 nos
548 1879 575 1926 et
597 1881 721 1928 sanctam
743 1882 856 1928 matrem
879 1892 923 1929 re

122 1967 206 2015 stram
216 1960 364 2015 Romanam
374 1959 525 2014 Ecclesiam
541 1959 700 2026 certificent,
713 1969 782 2016 etad
801 1971 921 2018 vestrum

122 2049 254 2104 bonorem
274 2055 302 2103 et
321 2047 437 2120 gloriam
468 2047 616 2117 placabiles
645 2057 672 2103 et
695 2049 771 2104 laetos
794 2049 920 2117 alliciant,

123 2143 256 2208 qualenam
270 2136 328 2190 Deo
342 2134 502 2203 auxiliante,
520 2134 597 2191 robis
612 2135 782 2192 venientibus
798 2140 920 2203 llomam,

123 2238 206 2278 uuum
221 2221 375 2292 depactis,
392 2229 419 2276 et
432 2221 575 2293 privilegia
599 2232 700 2279 sauctae
717 2225 846 2281 Romanae
870 2227 923 2283 Ec·

123 2309 226 2380 alesine,
241 2324 319 2365 more
333 2317 478 2381 parentum
491 2318 654 2378 restromm,
667 2328 797 2368 renovare
812 2322 838 2368 et
853 2329 921 2369 eon-

123 2398 232 2454 firmare
246 2397 376 2453 studeatis
393 2413 400 2452 z
416 2405 442 2452 et
456 2400 574 2468 petimus
589 2406 618 2453 ιιι
636 2399 670 2454 de
691 2401 744 2457 hoc
765 2403 839 2473 quod
861 2419 923 2474 pro

123 2489 228 2543 bonore
239 2485 291 2541 Dei
306 2491 333 2542 et
345 2492 447 2541 sanctae
460 2485 611 2552 Ecclesiae,
636 2504 684 2543 seu
705 2498 796 2544 vestro
816 2507 864 2545 ros
879 2491 892 2545 f
906 2522 921 2532 -

125 2588 187 2632 cere
201 2587 354 2644 monemus,
370 2572 471 2644 aliquid
481 2574 598 2631 inimicis
615 2577 716 2631 nostris
727 2594 780 2631 nou
791 2579 920 2645 credatis,

123 2661 423 2735 nequeltlaquimagis
438 2676 469 2716 ea
486 2678 547 2732 qum
564 2677 613 2716 sua
631 2672 693 2717 sunt
711 2681 791 2735 quam
803 2676 921 2721 vestram

124 2748 242 2824 gloriam
256 2755 389 2825 quaerum,
406 2764 440 2804 eo
455 2749 526 2821 quod
541 2750 627 2805 honor
641 2760 667 2806 et
682 2753 808 2808 exaltatio
823 2764 922 2811 sanetae

123 2840 255 2895 Romana
269 2837 401 2894 Ecclesiae
414 2843 507 2893 vestra
529 2839 661 2908 protectio
684 2850 725 2895 est
746 2841 774 2895 in
797 2843 922 2898 onmibns

124 2933 271 2997 vestraque
286 2933 382 2982 contra
395 2940 490 2981 omnes
504 2925 628 2982 inimicos
644 2927 776 2984 defensio.
801 2932 856 2985 Hcs
871 2948 922 2986 au-

123 3021 180 3070 tem
193 3013 292 3070 missos
306 3020 425 3080 nostros,
442 3013 576 3068 llarinnm
591 3014 716 3071 videlicet
740 3020 921 3074 venerabilem

124 3102 282 3174 episcopum
299 3110 326 3157 et
341 3101 473 3158 arcarium
488 3101 562 3156 sedis
577 3112 693 3173 nostrae,
715 3114 794 3177 atque
814 3109 924 3163 Petrum

123 3205 202 3263 aeque
217 3190 376 3262 episcopum
401 3189 637 3262 senogalliensem
661 3193 738 3249 vobis
763 3195 922 3267 direximus,

125 3293 196 3351 quos
209 3287 236 3333 ιιι
249 3278 369 3352 benigne
393 3277 532 3350 recipiatis
556 3295 701 3353 rogamus,
719 3290 745 3338 et
759 3300 792 3338 ea
806 3302 866 3355 quae
881 3302 925 3342 xo·

122 3368 166 3423 bls
181 3366 344 3424 verbotenus
368 3365 503 3430 dixerint,
531 3369 609 3438 quasi
633 3370 711 3425 nobis
735 3373 846 3427 credere
870 3389 924 3429 non

125 3454 263 3511 dubitetis.
280 3456 348 3510 Data
362 3459 396 3510 ct
410 3470 510 3527 sopra.

464 3591 576 3648 CCLXl.

398 3704 443 3744 au
468 3705 647 3744 nunnan.

438 3787 529 3858 (Anno
541 3788 616 3855 879.)

124 3875 205 3930 Dolct
219 3891 248 3932 sc
262 3892 321 3934 aon
333 3895 414 3951 posse
428 3899 532 3940 comeo
542 3884 671 3953 colloqui.
683 3879 837 3948 bertolfum
854 3879 924 3945 tepu-

162 3949 224 3999 tttm
236 3948 272 4002 od
288 3963 354 4005 eom
367 3954 469 4020 mittit,
500 3958 579 4009 eterra
596 3969 632 4006 oo
656 3954 810 4006 Romanam
825 3947 922 4002 Eccle-

159 4015 234 4069 siam
261 4017 295 4072 ab
323 4020 447 4078 hortibus
477 3971 541 4079 ieet
566 4024 707 4094 patiatur,
724 4020 837 4089 ideoque
862 4019 922 4088 ejas

162 4085 286 4156 legatam
300 4103 366 4146 com
380 4092 502 4165 Amelso
516 4095 552 4149 od
562 4110 591 4150 ae
605 4092 684 4148 mitti
695 4090 784 4162 jobet.

159 4199 264 4260 Dilecto
278 4220 312 4261 ac
326 4206 439 4279 spiritali
454 4208 509 4265 lilio
525 4209 636 4264 Cxaoao
650 4206 771 4280 glorioso
785 4203 854 4276 regi.

159 4290 321 4351 Audivimus
343 4297 417 4367 quod
439 4297 564 4354 debeatis
583 4312 654 4352 nunc
678 4295 760 4365 Alpes
792 4291 920 4356 transire,

121 4386 202 4452 atque
225 4397 287 4439 oum
309 4384 469 4445 charissimo
491 4386 573 4441 fratre
597 4393 686 4440 vestro
710 4380 846 4438 communi
861 4380 921 4434 elo-

123 4469 188 4540 quio
202 4469 253 4527 troi
266 4490 274 4539 ;
287 4473 360 4528 unde
375 4474 455 4531 valde
470 4475 567 4529 turbati
582 4473 721 4529 existimus
742 4487 775 4526 eo
797 4469 870 4540 quod
885 4484 926 4522 se·

122 4558 242 4615 cundum
256 4575 401 4618 commune
415 4562 545 4633 placitum
561 4563 738 4633 sperabamus
762 4574 813 4613 nos
837 4556 928 4611 vobis-

122 4659 186 4702 cum
206 4648 287 4704 aimul
312 4650 469 4718 convenire,
494 4659 520 4706 et
549 4667 681 4721 magnum
711 4663 743 4702 ac
773 4643 926 4716 proficuum

122 4749 192 4805 opus
217 4737 387 4794 exaltationis
411 4746 512 4794 sanctae
536 4740 665 4794 Romanae
687 4734 818 4792 Ecclesiae
833 4733 927 4786 matris

122 4831 222 4880 vestra)
235 4827 373 4898 vestrique
388 4827 500 4882 honoris
515 4835 542 4881 et
558 4827 638 4880 totius
659 4833 740 4879 terrae
755 4821 842 4877 sancti
857 4820 927 4874 Petri

121 4913 216 4970 salutis
230 4930 374 4985 peragere.
390 4915 493 4971 idcireo
507 4914 656 4969 direximus
672 4911 749 4966 robis
772 4911 843 4964 bunc
865 4909 928 4963 cha·

119 5002 261 5061 tissimum
291 5011 419 5072 nepotem
442 5011 567 5058 nostrum
590 5001 727 5056 Farullnm
765 4997 926 5053 deliciosum

120 5090 307 5149 consiliarium
321 5099 456 5154 nostrum,
473 5108 522 5161 per
537 5107 617 5162 quem
632 5098 731 5145 vestrae
752 5085 840 5159 regali
858 5101 925 5156 sug-

119 5181 243 5252 gerimus
257 5177 469 5252 maguificentiae
483 5187 511 5233 ut
526 5179 599 5233 nullo
614 5179 695 5233 modo
712 5172 925 5247 praetermittatis

120 5268 157 5322 ita
171 5268 300 5324 ordinare
315 5275 396 5340 atque
410 5268 555 5338 disponere
571 5275 669 5321 terram
695 5266 722 5319 S.
749 5262 820 5317 Patri
835 5281 842 5329 3
857 5276 924 5333 qua-

122 5362 201 5410 tenus
220 5355 293 5412 salva
314 5365 340 5411 et
362 5355 475 5412 deieosa
499 5371 553 5410 non
577 5355 664 5409 solnm
689 5370 704 5408 a
729 5352 850 5423 paganis,
875 5349 923 5404 sed

188 5505 373 5569 necarique.

972 1784 1064 1839 libenti
1080 1785 1170 1840 animo
1185 1786 1235 1841 lroc
1251 1784 1360 1852 lacere,
1386 1792 1411 1839 et
1433 1784 1587 1840 secundum
1611 1783 1766 1854 promissum

972 1881 1092 1928 vestrum
1107 1873 1258 1944 adimplere
1269 1872 1432 1928 omnimodis
1447 1872 1594 1944 satagatis,
1607 1887 1672 1926 narn
1686 1879 1766 1927 certos

973 1977 1021 2015 ros
1035 1945 1096 2016 esse
1112 1961 1234 2016 volumus
1248 1961 1310 2031 quin
1325 1970 1442 2015 vestrum
1464 1962 1601 2015 bonorem
1618 1968 1645 2015 et
1660 1959 1762 2031 gloriam

973 2058 1028 2104 tota
1043 2059 1133 2104 mente
1149 2049 1336 2104 desideramus
1352 2046 1492 2118 perficere.

1306 2190 1426 2246 cctxtt.

1140 2301 1175 2340 xo
1196 2301 1332 2342 roxxsurx
1352 2300 1607 2342 ancamrrsoorun.

1274 2400 1363 2471 (Anno
1384 2402 1469 2468 (aial

973 2508 1090 2562 Μιναίαν
1104 2507 1175 2578 qnod
1188 2507 1305 2577 injuriis
1323 2508 1470 2562 lacessitos
1494 2507 1531 2561 od
1553 2523 1584 2561 se
1604 2524 1662 2562 ooo
1679 2511 1767 2578 consu·

1007 2579 1094 2648 peril;
1110 2577 1246 2631 orientium
1275 2579 1437 2631 Rooerrnam
1468 2578 1583 2642 mittit,
1609 2580 1659 2649 qui
1682 2577 1767 2632 omnia

1008 2651 1107 2702 contra
1127 2663 1191 2700 νιιιιι
1205 2650 1283 2717 porto
1298 2647 1450 2715 diligenter
1465 2649 1609 2719 inquirat,
1627 2653 1656 2702 et
1672 2663 1715 2703 eor
1727 2649 1768 2719 qai

1008 2720 1147 2788 injuriam
1162 2718 1333 2781 intulerant,
1352 2719 1465 2772 Rornae-or
1481 2720 1581 2772 uenire
1604 2718 1766 2789 compellat,

978 2812 982 2823 ι
1008 2789 1172 2859 quibuscum
1195 2789 1253 2858 ipsc
1277 2788 1313 2841 ed
1336 2787 1472 2856 sporadum
1496 2789 1712 2860 proficiscatur,
1728 2788 1767 2844 uti

1009 2875 1069 2981 ἷμιν
1085 2874 1170 2912 conso
1186 2861 1286 2928 agetur
1300 2877 1309 2911 .·
1324 2874 1442 2928 raimone
1456 2860 1554 2929 arguit
1579 2857 1654 2931 quod
1672 2861 1703 2913 ia
1723 2873 1767 2912 aaa

1019 2929 1133 2983 maleam
1148 2944 1205 2982 aon
1217 2928 1348 2982 resideat.

1009 3042 1248 3098 Revereudissimo
1263 3051 1290 3096 et
1305 3041 1478 3096 sanctissimo
1493 3041 1619 3097 Romano
1641 3041 1765 3113 archiepi-

976 3146 1060 3201 scopo
1075 3138 1175 3185 sanctae
1190 3128 1320 3185 Ecclesia
1335 3129 1510 3184 Ravennatis.

1011 3228 1157 3283 audientes
1173 3227 1240 3282 tales
1256 3227 1332 3280 vobis
1347 3242 1363 3280 a
1378 3226 1543 3296 quibusdam
1568 3227 1685 3283 insidias
1699 3235 1723 3283 et
1734 3226 1764 3280 ia

971 3317 1058 3387 jurias
1072 3315 1218 3379 accidisse,
1235 3306 1321 3368 mirati
1338 3330 1431 3368 sumus
1444 3316 1585 3386 quomodo
1599 3316 1635 3370 ad
1650 3317 1763 3372 Romana

974 3405 1106 3461 Ecclesiae
1130 3404 1265 3476 gremium
1279 3411 1307 3458 et
1320 3403 1355 3456 ad
1372 3411 1496 3458 nostram
1517 3404 1699 3474 apostolicam
1720 3417 1761 3458 non

975 3494 1064 3548 statim
1078 3493 1206 3548 veneritis
1219 3491 1409 3562 praesentiam3
1426 3492 1529 3546 namsi
1546 3492 1701 3560 venissetis,
1711 3505 1760 3562 pro

974 3592 1047 3637 certo
1077 3581 1146 3635 scire
1169 3581 1282 3650 potestis
1305 3580 1366 3650 qnia
1388 3594 1457 3647 nos,
1481 3580 1633 3652 diligenter
1656 3577 1758 3652 inquistis

974 3669 1109 3730 omnibns,
1134 3684 1242 3722 omnem
1267 3677 1338 3723 tuam
1355 3683 1464 3723 causam
1480 3668 1514 3722 ad
1531 3677 1657 3738 optatum
1671 3677 1696 3722 et
1705 3682 1756 3738 pro

974 3773 1084 3827 sperum
1098 3754 1196 3817 finem,
1213 3757 1271 3811 Deo
1287 3756 1411 3819 laxante,
1428 3755 1591 3810 omnimodo
1615 3757 1756 3827 perducere·

973 3861 1043 3899 mus.
1064 3846 1142 3900 Nunc
1156 3852 1245 3899 autem
1259 3860 1310 3914 pro
1326 3843 1405 3912 hujus
1420 3843 1459 3897 rei
1473 3858 1560 3898 causa
1584 3844 1698 3899 missum
1709 3856 1754 3912 pre

974 3934 1082 3987 dentem
1107 3931 1249 4002 dirigimus
1274 3932 1449 3994 Ravennam,
1475 3931 1520 3985 cui
1545 3946 1578 3986 ea
1610 3948 1672 4003 quae
1695 3927 1753 3984 nobis

974 4020 1122 4075 mandastis
1136 4029 1229 4074 contra
1244 4028 1270 4073 te
1284 4028 1344 4073 aeta
1360 4018 1452 4087 fuisse,
1469 4017 1621 4090 diligenter
1645 4017 1754 4092 inquirere

970 4110 1108 4179 jubemus
1125 4118 1153 4162 ut
1168 4124 1215 4162 eos
1231 4108 1277 4178 qni
1292 4106 1365 4175 talia,
1382 4113 1411 4160 ut
1426 4106 1566 4174 asseritis,
1584 4114 1705 4181 egerunt,
1717 4103 1753 4158 sub

974 4197 1134 4265 fidejussore
1149 4195 1249 4267 talique
1264 4196 1354 4267 legato
1373 4193 1490 4265 obliget,
1508 4203 1648 4266 quatenus
1667 4193 1712 4265 ipsi
1729 4191 1753 4244 de

973 4286 1100 4358 prasenti
1115 4286 1228 4340 Romam
1244 4283 1440 4354 compellantur
1456 4283 1559 4338 venire.
1592 4282 1694 4352 Quibus
1705 4292 1754 4334 sanc

975 4374 1155 4438 venientibus
1172 4372 1298 4426 rolumns
1313 4380 1342 4425 ut
1356 4379 1442 4426 atros
1457 4371 1564 4441 pariter
1589 4371 1698 4427 veniatis
1715 4367 1754 4422 lio·

976 4464 1064 4518 lendis
1080 4461 1221 4529 Octobris,
1239 4461 1307 4514 sicut
1323 4459 1369 4513 tibi
1386 4475 1436 4529 pro
1450 4459 1619 4513 celebranda
1633 4460 1705 4514 etiam
1723 4470 1756 4525 sp·

976 4551 1047 4605 nodo
1059 4552 1114 4619 jam
1130 4557 1296 4620 praeceptum
1312 4556 1361 4611 est,
1378 4547 1441 4619 quia
1463 4546 1491 4600 in
1516 4547 1665 4617 presentia
1684 4550 1756 4600 uastat

976 4655 1083 4694 cansam
1097 4646 1168 4692 tnam
1183 4637 1308 4692 volumus
1323 4635 1493 4700 deliberare,
1510 4635 1643 4706 quoniam
1657 4649 1710 4701 nos,
1722 4645 1756 4684 sc·

976 4729 1094 4782 eundum
1116 4727 1207 4781 datam
1229 4724 1308 4779 nobis
1332 4723 1459 4777 divinitus
1490 4730 1673 4793 potestatem,
1698 4731 1755 4774 mort

976 4817 1209 4886 praedeeessorum
1224 4823 1381 4867 nostrornm
1398 4827 1446 4865 ros
1461 4811 1599 4880 adiurare
1613 4810 1714 4867 omuino
1724 4822 1756 4863 ca
1803 4846 1805 4851 ,

976 4904 1113 4968 rabimus3
1130 4918 1194 4957 nam
1209 4902 1334 4956 volumus
1349 4909 1376 4954 ιιι
1390 4901 1479 4954 honor
1495 4908 1601 4956 sauctae
1616 4894 1755 4956 Ravennatis
1803 4902 1805 4915 '

975 4992 1107 5046 Ecclesiae
1122 5007 1230 5060 seraper
1244 4989 1421 5042 indiminutus
1435 4997 1610 5057 permaneat.
1628 4989 1656 5042 ln
1670 4988 1713 5042 hoc
1724 4992 1754 5036 ta·
1798 5042 1802 5050 ¹

946 5072 951 5085 ⁸
975 5097 1038 5134 meo
1060 5079 1267 5152 redarguendus
1290 5094 1338 5141 oa,
1366 5076 1427 5147 quia
1453 5076 1569 5130 dimissa
1592 5075 1750 5133 Ecclesiam
1803 5074 1805 5087 '

976 5171 1118 5227 ltaxennae,
1136 5184 1184 5237 per
1199 5166 1303 5220 alienas
1318 5163 1457 5219 Ecclesiae
1478 5172 1574 5219 contra
1594 5173 1665 5220 lnam
1687 5175 1751 5232 spou-
1802 5164 1805 5213 ἐ

975 5257 1079 5311 sionem
1093 5255 1221 5310 discurris
1237 5263 1262 5307 et
1278 5253 1400 5317 resides3
1427 5268 1488 5305 nam
1515 5269 1568 5324 pro
1589 5254 1631 5307 his
1645 5268 1702 5324 que
1719 5245 1753 5300 tibi

976 5347 1098 5401 evenisse
1114 5344 1182 5399 dicis
1198 5352 1219 5396 ι.
1236 5343 1304 5396 Dato
1321 5345 1353 5395 ot
1368 5357 1463 5413 supro.
