3794 6104
119 189 169 243 rra
579 160 751 237 utranam
778 174 976 235 aanuausrs
1005 178 1280 238 ancnrnrrscoer.
1719 185 1768 240 rar

121 326 203 383 quam
213 309 342 378 judicari,
357 308 403 382 qui
417 322 563 379 personam
578 305 635 376 ejus
650 305 741 371 mariti
751 303 794 360 rel
817 300 919 366 uxoris,
936 300 964 359 Α
974 303 1074 375 quippe
1089 321 1155 360 usus
1170 322 1199 361 se
1214 305 1251 361 ita
1265 305 1356 371 habet,
1370 313 1399 361 ut
1414 306 1437 361 si
1453 306 1518 378 quid
1540 306 1569 361 in
1584 305 1625 362 eis
1639 322 1690 378 pcr
1704 322 1768 363 car-

121 397 168 471 qui
182 397 226 454 rel
242 413 303 469 qnae
316 397 443 466 jamnon
463 395 654 457 aestimabatur,
678 391 844 463 assumpsit;
870 390 920 445 sed
969 391 1012 445 nis
1027 393 1243 448 commistionem
1259 393 1315 460 srat,
1333 395 1406 465 quod
1421 395 1527 450 excedit
1542 395 1696 467 generandi
1720 410 1771 450 ne-

121 485 287 557 inculpabile
299 484 476 555 judicandum
501 483 574 554 quod
596 481 747 537 necessitas
770 478 867 543 intulit,
893 485 920 533 et
969 481 1133 552 cessitatem,
1150 483 1275 553 quamvis
1285 483 1427 538 venialiter
1451 482 1552 540 lactum
1575 484 1771 540 contaminatio

120 574 317 630 restituendum
335 572 408 646 quod
423 571 491 627 sides
506 570 640 642 poposcit.
666 567 794 624 Mulieres
818 574 917 630 autem,
970 569 1012 623 sit.
1030 569 1063 624 Et
1077 578 1140 640 post
1149 570 1289 641 paululum
1303 587 1309 626 :
1326 573 1430 627 Bonum
1444 572 1526 645 igitur
1539 573 1705 643 nuptiarum,
1720 589 1771 644 per

120 662 164 720 vel
178 661 261 729 viros,
277 659 461 733 posteriorum
475 659 593 714 uirorum
613 657 657 713 rel
671 672 785 712 uxorum
800 654 920 710 delecta·
969 671 1064 712 omnes
1077 667 1173 729 gentes
1188 669 1269 730 atque
1284 660 1408 716 homines
1422 661 1450 714 in
1458 675 1542 717 cansa
1556 661 1709 733 generandi
1717 669 1768 729 est,

120 750 194 807 tione
208 757 312 822 captos,
330 756 357 805 et
367 747 402 803 ad
412 748 532 820 priorum
541 746 688 818 conjugum
699 759 819 799 amorem
830 741 919 800 redire
969 752 995 799 et
1010 743 1271 815 iusrdccastitatis3
1295 749 1367 819 qnod
1396 756 1486 804 autem
1509 750 1543 804 ad
1563 749 1696 821 populum
1721 750 1771 805 Dei

120 839 255 905 nolentes,
272 836 463 894 communione
477 834 581 906 privari
596 833 729 890 decrevit.
968 833 1096 904 pertinet,
1113 835 1193 890 etiam
1207 835 1233 891 in
1249 838 1392 892 sanctitate
1414 838 1586 906 sacramenti,
1611 853 1663 909 per
1688 853 1770 910 quarn

155 929 189 983 Et
201 927 266 1000 quia
281 923 475 982 ecclesiasticae
488 921 594 996 regulas
609 922 643 977 de
659 921 701 976 his
716 919 798 976 etiam
822 917 919 975 nefrni-
969 919 1047 976 nefas
1062 930 1103 977 est
1119 925 1201 978 etiarn
1216 925 1330 996 repudio
1350 925 1535 982 discedentem
1550 925 1630 982 elteri
1653 927 1767 995 nubere,

118 1015 200 1072 tionis
215 1013 375 1070 sententiam
386 1010 535 1085 proterunt,
548 1011 595 1082 qui
606 1006 826 1081 sponsalitiorum
837 1005 919 1062 sidem
966 1008 1034 1064 dum
1050 1011 1146 1079 conjux
1162 1013 1222 1081 ejus
1236 1013 1309 1075 vivit,
1336 1029 1388 1070 nec
1411 1014 1508 1070 saltem
1532 1014 1591 1085 ipsa
1616 1029 1702 1071 cansa
1724 1031 1771 1087 pa-

119 1102 278 1174 inlringunt,
295 1103 402 1158 ridetur
416 1100 506 1166 nobis,
523 1114 577 1154 non
592 1097 742 1154 secundum
771 1094 919 1152 auctorite·
968 1099 1066 1164 riendi,
1082 1116 1218 1171 quacum
1234 1101 1293 1156 sola
1308 1102 1342 1157 sit
1355 1118 1410 1174 qua
1424 1102 1524 1174 nuptiae
1535 1104 1612 1170 liunt,
1622 1119 1674 1160 nec
1687 1119 1722 1160 en
1740 1121 1768 1160 re

117 1201 172 1248 tcrn
183 1191 342 1264 promendo,
370 1189 419 1245 sed
434 1184 587 1255 consilium,
605 1185 628 1240 si
643 1184 713 1241 sorte
734 1184 813 1241 robis
827 1183 865 1239 ita
876 1182 918 1239 ri·
968 1201 1022 1241 non
1040 1188 1233 1259 subsequente,
1249 1198 1457 1262 propterquam
1475 1190 1552 1257 liunt,
1569 1192 1686 1248 solvitur
1708 1192 1768 1248 vin-

117 1297 178 1336 snm
193 1280 282 1346 luerit,
295 1278 398 1344 dando,
413 1283 442 1332 ut
457 1276 522 1347 qnia
532 1274 695 1346 Stephanus,
710 1273 732 1327 si
745 1270 919 1344 sponsalitio·
968 1274 1059 1329 culum
1075 1277 1203 1346 nuptiale,
1221 1277 1274 1332 nisi
1288 1279 1413 1350 conjugis
1428 1287 1524 1335 morte.

57 1367 61 1373 '
119 1384 178 1424 rum
188 1367 271 1423 fidem
282 1365 420 1437 fregisset,
432 1363 580 1419 secundum
593 1361 683 1435 legem
690 1360 797 1418 civilem
807 1359 918 1415 multam
1004 1365 1036 1417 Et
1046 1364 1135 1419 statim
1145 1365 1178 1420 de
1193 1366 1365 1423 ordinatione
1376 1367 1442 1423 cleri
1451 1368 1485 1422 ad
1494 1367 1603 1438 plebem
1615 1370 1767 1441 supposuit,

118 1456 278 1513 eorumdem
293 1452 517 1525 sponsalitiorum
537 1451 705 1522 judicaretur
729 1464 892 1521 componere
909 1465 917 1503 τ
968 1450 1019 1505 snb
1035 1469 1089 1523 quo
1104 1469 1187 1508 sensu
1201 1455 1228 1508 in
1244 1453 1312 1511 libro
1327 1455 1361 1511 dc
1375 1456 1483 1526 Nuptiis
1501 1464 1527 1511 et
1542 1457 1769 1529 Concupiscentia

119 1553 147 1602 et
160 1545 221 1616 ipsa
235 1543 334 1615 puella,
350 1549 412 1614 post
435 1539 630 1612 desponsalitia
654 1539 744 1595 dotem
767 1544 916 1609 acceptam,
967 1539 1032 1595 dicit
1049 1558 1055 1593 :
1073 1541 1111 1595 lta
1127 1548 1216 1597 manet
1231 1543 1311 1598 etiam
1326 1543 1396 1599 inter
1419 1544 1542 1600 virentes
1556 1545 1688 1616 quiddam
1702 1562 1768 1603 con·

120 1648 204 1706 quam
218 1632 253 1688 de
268 1631 367 1703 seipsa,
393 1629 416 1684 si
440 1628 585 1685 carnaliter
605 1628 775 1699 jungeretur,
802 1624 918 1681 mercari
933 1628 1069 1715 Bjugale,
1085 1630 1157 1701 quod
1173 1646 1224 1687 nec
1239 1632 1420 1703 separatione,
1437 1649 1488 1689 nec
1502 1649 1565 1689 curn
1579 1632 1665 1690 altero
1681 1650 1768 1706 copu-

121 1721 263 1787 debuerat,
289 1727 318 1775 ut
342 1718 468 1775 eamdem
492 1718 584 1773 dotem
608 1717 710 1771 hebere
733 1730 788 1771 non
807 1714 916 1779 debeat,

120 1821 175 1866 non
200 1809 269 1881 ipsa,
296 1807 345 1863 sed
367 1807 531 1878 Stephanus,
556 1813 585 1860 ut
614 1804 731 1869 ridetur,
758 1802 917 1868 commisit;

121 1899 220 1955 habeat
238 1898 298 1954 loco
323 1897 415 1952 multae
448 1893 670 1966 sponsalitiorum
700 1892 791 1947 dotem
814 1906 831 1946 a
855 1891 918 1946 Ste-

120 1989 210 2060 phano
225 1986 278 2041 sibi
292 1986 394 2054 datam,
410 1992 437 2040 et
460 1999 522 2040 cum
545 1982 641 2038 eadem
665 1982 728 2037 dote
752 1980 822 2052 patri
843 1978 920 2035 resti-

120 2083 221 2142 tnatur,
238 2081 264 2130 et
278 2074 360 2129 nnbat
374 2079 519 2144 parentum
535 2070 649 2127 consilio
664 2069 708 2125 cui
723 2069 789 2133 vult,
815 2075 918 2123 tantum

118 2163 148 2219 in
164 2163 292 2233 Domino,
308 2163 397 2235 sitque
412 2177 464 2233 pax
480 2161 550 2215 inter
563 2167 690 2230 parentes
700 2158 759 2225 ejus
769 2163 796 2212 et
807 2156 919 2227 Stepha-

120 2267 195 2308 num.
213 2253 247 2308 Et
261 2268 296 2306 ne
311 2251 371 2323 quis
386 2257 482 2323 argute
507 2248 551 2302 his
574 2263 635 2318 quae
657 2246 799 2318 posuimus
822 2245 918 2300 rolens

119 2340 250 2397 resistere
265 2339 339 2394 dicat
356 2355 363 2393 ε
380 2337 410 2394 Si
433 2338 483 2393 dos
506 2334 637 2402 manebit,
665 2342 692 2389 et
719 2332 918 2403 desponsalitia

119 2436 201 2501 atque
216 2427 361 2483 celebratae
370 2424 472 2496 nuptiae
487 2439 541 2479 non
551 2429 697 2496 negantur,
710 2420 846 2493 quomodo
858 2437 919 2476 esse

118 2516 229 2588 poterit,
246 2522 275 2570 ut
287 2524 314 2570 et
333 2513 487 2585 Stephanus
502 2511 625 2576 maritus,
651 2517 677 2566 et
706 2509 751 2564 illa
774 2524 842 2565 uxor
864 2524 918 2565 non

118 2611 247 2661 maneant
263 2607 274 2659 ?
289 2610 334 2658 eut
349 2601 486 2674 quomodo
506 2600 550 2655 ille
576 2599 656 2655 alteri
680 2598 806 2663 lerninae,
823 2605 849 2652 et
872 2596 920 2652 illa

118 2694 198 2750 alteri
213 2692 270 2749 viro
285 2708 315 2747 se
330 2691 388 2746 sine
412 2690 547 2746 adulterio
571 2689 740 2761 conjungere
764 2686 919 2759 poterunt?

118 2781 271 2854 praesertim
287 2796 349 2837 cum
364 2779 437 2834 idern
452 2785 564 2834 sanctus
579 2777 746 2848 Augustinus
762 2775 789 2830 in
805 2774 918 2846 praelato

117 2870 188 2925 libro
202 2870 237 2925 de
253 2870 326 2924 Bono
341 2866 463 2938 conjugii
477 2866 551 2922 dicat
566 2883 573 2920 ε
591 2865 619 2920 Si
641 2863 687 2920 irat
703 2864 840 2919 ordinatio
851 2863 919 2919 cleri

118 2959 154 3014 nd
165 2956 274 3029 plebem
284 2954 516 3026 congregandam,
528 2953 634 3008 etiamsi
645 2952 732 3024 plebis
743 2952 918 3024 congregatio

970 1715 1070 1772 latione
1085 1719 1172 1789 possit
1188 1719 1300 1775 auferri.
1318 1721 1506 1777 lllanetautem
1517 1723 1552 1777 ad
1565 1738 1666 1779 noxam
1677 1724 1768 1779 crimi-

969 1806 1021 1874 nis,
1039 1823 1092 1861 non
1108 1807 1143 1862 ad
1156 1807 1291 1863 vinculum
1304 1809 1433 1878 loederis3
1447 1811 1515 1866 sicut
1524 1819 1656 1882 apostatae
1666 1812 1766 1880 anima,

970 1909 1029 1965 quaa
1042 1894 1077 1950 de
1092 1896 1219 1968 conjugio
1234 1896 1334 1953 Christi
1349 1898 1491 1967 recedens,
1505 1900 1584 1955 etiam
1600 1898 1655 1956 srde
1664 1902 1769 1973 perdita

970 1991 1173 2038 sacramentum
1188 1983 1252 2041 tidei
1267 2003 1322 2041 non
1337 1988 1436 2058 amisit,
1453 1989 1525 2060 quod
1548 1989 1661 2045 lauacro
1685 2007 1768 2063 rege-

969 2067 1119 2122 nerationis
1134 2078 1288 2139 acceperat.
1305 2071 1478 2127 Redderetur
1491 2073 1564 2128 enim
1578 2074 1677 2145 procul
1687 2075 1769 2132 dubio

970 2156 1103 2222 redeunti,
1120 2157 1143 2211 si
1158 2158 1294 2213 amisisset
1309 2159 1470 2216 abscedens.

1003 2244 1039 2298 Et
1052 2245 1079 2298 in
1094 2246 1311 2315 praecedentibus
1337 2248 1421 2318 ipsius
1440 2248 1503 2304 libri
1528 2250 1592 2307 dicit
1616 2252 1651 2307 de
1678 2268 1769 2310 sacra·

969 2341 1061 2388 mento
1075 2333 1251 2404 nuptiarum:
1272 2337 1430 2407 Propterea,
1456 2338 1592 2410 inquiens,
1608 2355 1767 2399 sacramen-

971 2428 1025 2475 tum
1042 2422 1196 2492 nuptiarum
1211 2424 1340 2494 temporis
1354 2426 1450 2492 nostri,
1468 2427 1557 2483 sicud
1571 2444 1654 2484 unum
1680 2430 1768 2486 virum

971 2517 997 2564 ct
1013 2524 1126 2565 uxorem
1143 2511 1279 2567 redactum
1295 2521 1345 2579 est,
1363 2522 1392 2568 ut
1406 2514 1538 2571 lioclesiae
1550 2517 1768 2590 dispensatorem

970 2611 1026 2651 non
1041 2597 1122 2652 liceat
1135 2598 1273 2666 ordinare,
1290 2600 1342 2655 nisi
1358 2600 1437 2656 unius
1451 2603 1545 2658 uxoris
1564 2604 1661 2660 virum.
1689 2605 1767 2675 Quod

970 2685 1074 2740 acutius
1086 2685 1286 2754 intellexerant,
1303 2689 1349 2759 qui
1364 2706 1415 2746 nec
1430 2706 1503 2759 eum,
1527 2693 1573 2763 qui
1598 2696 1769 2750 catechume-

970 2788 1022 2827 nus
1036 2772 1079 2829 vel
1093 2790 1217 2847 paganus
1232 2777 1357 2833 habuerit
1369 2777 1493 2847 alteram,
1506 2780 1686 2838 ordinandum
1705 2799 1767 2841 esse

970 2871 1144 2918 censuerunt.
1161 2863 1201 2919 De
1216 2874 1388 2922 sacramento
1398 2868 1472 2922 enim
1486 2869 1585 2941 agitur,
1596 2885 1650 2926 non
1662 2872 1698 2927 de
1708 2888 1768 2944 pec

970 2957 1040 3005 cato.
1057 2950 1127 3004 Nam
1142 2950 1169 3005 in
1184 2951 1318 3024 baptismo
1340 2964 1452 3025 peccata
1472 2958 1561 3012 omnia
1583 2958 1765 3018 dimittuntur.

118 3061 173 3101 non
188 3045 378 3116 subsequatur,
394 3048 485 3097 manet
509 3049 598 3096 tamen
613 3040 709 3095 inillis
724 3039 856 3096 ordinatis
871 3054 919 3094 sa·
971 3037 1025 3093 Sed
1041 3038 1088 3109 qni
1101 3039 1169 3094 dixit
1185 3056 1191 3094 :
1208 3043 1237 3096 st
1251 3047 1393 3116 acceperis
1403 3061 1523 3100 acorem
1533 3063 1590 3102 non
1601 3051 1769 3120 peccastict

120 3141 290 3192 crementum
313 3130 493 3188 ordinationis
510 3148 517 3185 ε
534 3136 560 3186 et
583 3130 606 3184 si
630 3129 720 3199 aliqua
744 3128 821 3199 culpa
844 3128 914 3199 quis·
969 3128 994 3182 εἰ
1010 3129 1767 3207 cogitaritvirpononpeccat,etquodncltsacictmcn

119 3237 201 3296 quarn
216 3222 252 3277 ab
266 3219 356 3277 officio
366 3234 415 3275 suo
430 3225 613 3288 removeatur,
626 3224 797 3273 sacramento
809 3215 919 3271 Domini
967 3216 1099 3286 pecentri
1113 3216 1202 3272 nubet
1211 3217 1236 3288 (l
1255 3219 1314 3274 Cor.
1331 3220 1401 3290 vu),
1416 3221 1482 3276 satis
1497 3222 1643 3279 declararit
1658 3227 1767 3298 nuptias

119 3310 204 3368 semel
219 3308 346 3382 imposito
361 3324 416 3364 non
438 3306 552 3372 carebit,
578 3305 702 3378 quamvis
731 3304 765 3359 ad
786 3304 918 3374 Judicinm
969 3302 1073 3357 nullum
1088 3319 1150 3359 esse
1174 3314 1324 3375 peccatum.
1351 3308 1465 3380 Propter
1488 3313 1652 3368 sacramenti
1677 3323 1767 3372 autern

117 3406 295 3472 permanente
312 3415 320 3454 s
336 3397 376 3454 sic
390 3396 458 3452 etin
472 3395 531 3451 istis
555 3393 778 3466 desponsatione,
803 3393 919 3449 dotatio·
969 3391 1148 3461 sanctitatem,
1166 3393 1236 3449 siout
1247 3395 1357 3463 femina,
1372 3398 1478 3453 etiamsi
1491 3401 1690 3458 catechumena
1705 3404 1767 3462 fne-

117 3503 162 3555 ne,
179 3495 207 3544 et
229 3486 329 3558 nuptiis
349 3484 582 3558 permanentibus,
607 3482 751 3556 conjugale
781 3481 919 3538 vinculum
969 3479 1004 3534 rit
1019 3480 1120 3550 vitiata,
1136 3490 1198 3553 post
1213 3483 1379 3554 baptismum
1395 3485 1423 3540 in
1436 3487 1486 3542 Dei
1509 3489 1644 3562 virginem
1668 3508 1766 3551 conse.

117 3575 295 3649 permanebit,
321 3582 348 3630 et
373 3574 453 3630 alteri
477 3588 557 3629 nemo
583 3571 752 3637 eorum,nisi
777 3570 920 3640 cujuslibet
969 3568 1052 3635 orari,
1069 3569 1105 3624 ita
1121 3585 1176 3625 non
1190 3571 1308 3627 absurde
1322 3573 1410 3629 risum
1425 3583 1476 3643 est,
1493 3592 1553 3631 eum
1578 3580 1625 3650 qui
1649 3583 1766 3638 excessit

119 3680 152 3721 cx
168 3665 208 3720 eis
222 3670 309 3721 morte
323 3661 519 3728 intercedente,
538 3661 597 3716 sine
607 3659 742 3716 adulterio
766 3675 796 3714 se
820 3659 919 3730 poterit
969 3670 1086 3711 uxorum
1110 3674 1252 3715 numerum
1275 3660 1453 3733 singularem,
1478 3680 1533 3720 non
1556 3677 1700 3737 peecatum
1721 3670 1766 3726 311.

115 3753 244 3826 jungere.
261 3750 368 3815 Audiat,
386 3750 485 3820 siquis
507 3750 567 3804 haec
590 3747 671 3803 luerit
694 3755 808 3802 conatus
833 3761 919 3818 oppo·
969 3744 1042 3814 quod
1053 3746 1232 3813 commisisse,
1245 3748 1426 3806 sednormam
1437 3755 1582 3823 quamdam
1592 3757 1717 3815 amisisse
1728 3774 1765 3816 sa·

118 3855 195 3906 nere,
212 3839 276 3909 quin
300 3838 335 3890 de
358 3836 480 3891 dotalitio
503 3834 602 3906 puellae
624 3835 762 3898 habendo,
788 3849 843 3890 non
867 3834 919 3889 nisi
969 3845 1054 3899 cram,
1070 3848 1125 3888 non
1138 3834 1172 3890 ad
1188 3835 1249 3891 ritae
1264 3837 1343 3894 bonre
1357 3840 1491 3909 meritum,
1508 3843 1557 3899 sed
1572 3844 1607 3900 ad
1621 3846 1766 3905 ordinatio

117 3934 230 3999 propter
244 3922 461 3995 pacificationem
475 3930 620 3994 parentum
644 3923 702 3992 ejus
727 3929 753 3978 ct
779 3921 917 3993 Stephani,
968 3919 1215 3980 nisecclesinsticae
1234 3924 1403 3997 signaculum
1426 3933 1619 3989 necessariam.
1645 3936 1680 3991 Et
1703 3937 1765 3994 hine

119 4014 180 4070 loco
194 4012 286 4067 multae
300 4010 446 4067 fractorum
461 4010 684 4081 sponsalitiorum
694 4009 821 4079 diximus,
837 4025 919 4082 quam
968 4008 1051 4077 dicat,
1068 4010 1091 4065 si
1106 4011 1167 4082 quis
1183 4013 1218 4067 ad
1233 4013 1293 4070 haec
1307 4032 1366 4086 quae
1381 4019 1557 4088 praediximus
1571 4037 1710 4095 opponere
1729 4032 1766 4082 aa.

118 4100 231 4155 multam
246 4100 269 4152 si
287 4097 420 4153 dissoluto
431 4097 551 4154 dotalitio
562 4097 659 4169 puellae
669 4104 796 4168 parentes
808 4097 919 4171 exigere
969 4100 1121 4166 tentaverit,
1137 4109 1164 4156 et
1179 4117 1252 4158 nunc
1267 4103 1420 4175 Stephanus
1434 4117 1520 4164 morte
1535 4122 1690 4180 praetentus
1704 4113 1765 4171 lue-

117 4187 273 4255 mnluerlnt,
291 4193 337 4241 nut
351 4193 462 4257 utraque
476 4184 628 4258 indulgere,
644 4187 689 4242 vel
711 4194 827 4258 utraque
842 4201 919 4258 repo·
968 4185 1011 4252 rit,
1028 4195 1054 4241 ot
1065 4186 1112 4242 illa
1122 4187 1234 4256 intacta,
1247 4191 1453 4250 sicuthactenus
1463 4207 1564 4266 manet,
1573 4203 1763 4271 permanserit,

120 4293 208 4346 scere,
224 4275 276 4348 ipsi
292 4273 418 4340 viderint,
435 4281 460 4328 et
473 4273 581 4346 legibus
597 4274 722 4330 civilibus
745 4275 917 4332 corumdem·
969 4280 995 4328 ct
1009 4274 1112 4332 nubere
1136 4293 1191 4332 non
1214 4279 1342 4347 voluerit,
1368 4283 1432 4353 quia
1446 4288 1639 4345 catechumena
1661 4291 1763 4362 vitiata,

119 4379 173 4436 que
186 4358 368 4433 pacilioationi
380 4357 478 4414 exinde
492 4358 646 4415 conveniat.
657 4360 714 4416 Nos
729 4368 830 4429 autem,
843 4359 915 4432 quod
929 4361 1028 4434 Dpost
1042 4363 1204 4436 baptismum
1219 4367 1246 4422 in
1262 4369 1311 4425 Dei
1326 4369 1459 4444 virginem
1480 4378 1634 4434 consecrari
1649 4396 1703 4436 non
1716 4398 1766 4454 po·

118 4452 152 4506 ad
176 4466 228 4506 nos
251 4447 378 4520 pertinet,
406 4454 492 4502 astute
516 4445 585 4501 forte
618 4449 748 4518 querenti
772 4449 919 4519 responde
969 4452 1042 4521 terit,
1060 4461 1152 4509 utrum
1181 4455 1239 4512 lraec
1253 4457 1281 4511 in
1297 4473 1405 4514 sacram
1425 4461 1560 4535 virginem
1582 4467 1616 4520 ab
1636 4469 1767 4543 episcopo

119 4555 191 4606 mus,
216 4536 345 4610 quoniam
369 4536 438 4591 bano
466 4534 697 4603 comparationem
722 4536 756 4591 de
790 4537 918 4593 ordinan-
969 4542 1123 4597 consecrari
1139 4543 1249 4612 valebit,
1265 4546 1312 4617 qui
1326 4562 1381 4602 non
1395 4549 1447 4603 nisi
1462 4551 1596 4625 virginem
1611 4556 1639 4610 in
1654 4558 1767 4632 virgini-

120 4627 163 4684 dis
189 4627 305 4699 positam
340 4626 436 4681 beatus
470 4621 646 4695 Augustinus,
679 4640 734 4679 non
766 4625 800 4680 dc
825 4626 919 4698 imagi·
968 4629 1032 4684 tatis
1046 4631 1226 4700 professione,
1253 4634 1296 4690 rel
1317 4634 1344 4689 in
1367 4635 1490 4710 legitima
1514 4644 1633 4716 conjugii
1656 4650 1766 4720 copula,

119 4715 199 4770 naria
231 4715 283 4771 viri
315 4721 342 4770 et
374 4712 469 4769 uxoris
501 4710 703 4779 conjunctione,
720 4712 768 4766 scd
784 4713 818 4768 de
832 4714 919 4770 incor-
969 4732 1078 4774 sacrare
1094 4719 1174 4775 debet
1191 4739 1197 4775 :
1212 4722 1281 4777 sicut
1296 4739 1346 4779 nec
1361 4726 1505 4798 episcopus
1519 4729 1589 4799 fieri,
1606 4735 1651 4806 qni
1670 4746 1768 4807 praerer

121 4809 215 4873 porata
252 4817 301 4871 pcr
336 4817 449 4858 sexuum
492 4798 710 4856 commistionem
747 4801 917 4871 copulatione
968 4806 1102 4879 virginem
1125 4816 1152 4862 et
1175 4825 1255 4864 unam
1279 4811 1354 4868 duxit
1373 4831 1496 4872 uxorem.
1526 4819 1604 4877 Dicat
1625 4824 1717 4892 ctiam,
1744 4828 1767 4882 si

120 4887 220 4961 posuit,
245 4888 314 4943 sicut
339 4889 366 4945 in
390 4889 513 4960 proxime
539 4887 755 4959 precedentibus
770 4887 827 4943 inlrt
845 4907 851 4942 :
869 4889 918 4946 Se·
967 4903 1160 4964 postmortem
1177 4896 1306 4969 Stephani
1320 4902 1398 4976 ringo
1412 4918 1579 4976 permaneat,
1592 4918 1619 4966 et
1634 4928 1664 4968 se
1679 4916 1766 4971 conti·

121 4983 249 5050 quantur,
266 4974 402 5046 inquiens,
417 4994 519 5050 agnum
535 4976 612 5049 pueri
627 4983 770 5032 cantantes
784 4978 918 5034 canticum
968 4998 1033 5038 nere
1047 4998 1100 5039 non
1115 4986 1242 5055 potuerit,
1254 4995 1280 5042 ct
1296 4992 1398 5048 nubere
1412 4997 1499 5068 magis
1524 5015 1605 5070 quam
1625 5003 1766 5063 continere

121 5078 232 5131 norum,
249 5061 318 5117 sicut
331 5061 358 5115 in
375 5063 539 5136 Apocalypsi
553 5064 684 5136 scriptum
710 5072 760 5132 est,
786 5065 832 5137 qui
856 5081 919 5122 cunr
957 5070 1091 5141 elegerit,
1116 5081 1207 5127 utrum
1239 5074 1312 5132 fratri
1335 5080 1457 5148 ejusdem
1483 5086 1613 5156 Stephani
1646 5093 1767 5164 copulari

121 5151 280 5208 mulieribus
294 5165 324 5205 se
338 5165 393 5204 non
416 5152 675 5223 contaminaverunt,
700 5170 750 5209 nec
775 5154 810 5208 ob
833 5154 916 5222 aliud,
968 5158 1077 5214 valebit.
1094 5159 1275 5229 Quibuscum
1300 5170 1486 5228 contradicere
1509 5190 1563 5231 non
1584 5177 1696 5248 valebit,
1721 5191 1767 5238 aut

121 5240 175 5296 nisi
186 5239 249 5312 quia
262 5238 385 5312 virgines
399 5250 617 5309 permanserunt.
632 5243 690 5300 Neo
713 5243 775 5300 ideo
797 5259 828 5300 se
850 5244 919 5299 arbi·
968 5246 996 5300 in
1011 5248 1160 5318 quaestione
1175 5267 1222 5306 sua
1233 5251 1351 5324 deficiat,
1369 5267 1413 5314 aut
1429 5261 1453 5315 ei
1468 5271 1559 5318 nostra
1578 5266 1678 5323 solutio
1690 5272 1766 5328 sarisa

121 5334 227 5384 trentur
239 5326 368 5384 meliores
392 5340 454 5382 csse
477 5325 572 5397 primis
594 5330 718 5400 patribus
739 5331 850 5397 sanctis,
871 5332 918 5406 qui
969 5334 1057 5391 saciat.
1074 5337 1289 5397 Ethaecinvita
1305 5343 1493 5417 stephanide
1514 5357 1723 5416 consecratione
1743 5360 1766 5416 si

123 5414 235 5489 nuptiis,
251 5423 281 5472 ut
292 5413 329 5472 ita
351 5414 453 5482 dimin,
477 5414 633 5485 nuptialiter
655 5419 696 5475 usi
719 5429 791 5477 sunt.
815 5420 918 5478 Earum
968 5431 1110 5506 delegerit,
1126 5437 1169 5493 vel
1184 5438 1219 5494 de
1232 5439 1402 5499 maritatione
1418 5445 1441 5501 si
1454 5448 1581 5507 maluerit
1594 5453 1694 5523 puella,
1706 5456 1766 5515 fieri
