3794 6104
113 239 164 293 sor
849 232 1036 290 nrrsronn.
1712 249 1765 304 202

118 368 213 416 mento
227 359 398 416 Bondacinm
412 359 532 434 legatum
543 358 781 432 apostolicaesedis
792 357 919 415 adreicr·
932 361 1032 421 Arum
1046 375 1077 414 ac
1091 360 1327 430 praedecessorum
1342 375 1455 418 suorum
1476 362 1586 434 collato,
1601 366 1639 423 ita
1651 367 1717 424 dicit
1731 372 1766 426 ad

119 449 251 504 mandam
266 448 476 504 Christianitatis
491 448 661 520 religionem,
673 449 763 520 primo
776 448 918 521 presbyte-
969 446 1068 503 locum.
1086 448 1160 503 Inter
1173 449 1232 505 hac
1247 449 1356 523 quidem
1372 459 1398 506 et
1411 451 1464 508 hoc
1479 453 1627 523 sancimus,
1638 472 1674 512 ne
1687 457 1768 529 quili-

120 552 190 608 mm,
209 544 307 608 postea
320 554 386 593 vero
402 539 560 608 episcopum
574 538 730 593 ordinatum
751 537 917 592 direxerunt.
970 535 1015 591 bet
1039 542 1091 591 tuae
1114 536 1265 593 dioeceseos
1287 538 1389 612 reguha
1411 541 1547 611 subjectus
1568 544 1710 612 Ecclesiae,
1739 556 1765 603 te

121 626 168 681 Cui
183 642 236 697 per
250 641 336 681 annos
351 625 610 699 vigintiquinquein
621 627 715 682 eadem
726 625 919 698 praedicatione
970 631 1133 695 contempto,
1149 625 1259 696 impune
1274 627 1372 683 audeat
1383 645 1431 685 seu
1442 628 1627 687 valeataliena
1638 642 1767 705 expetere

122 713 179 768 sine
194 714 327 770 cardinali
343 715 409 770 sede
422 715 569 787 laboranti,
585 715 759 787 praelatorum
777 729 920 771 successor
970 720 1014 767 aut
1043 721 1200 784 exspectare
1226 715 1345 783 judicia,
1369 725 1398 771 ut
1419 717 1554 774 almorum
1576 721 1766 779 traditionibus

123 803 268 858 Zacharias
281 818 354 875 pape
368 805 438 860 inter
452 813 551 860 caetera
565 804 591 859 in
600 805 743 876 privilegio
753 803 805 859 sibi
815 803 919 859 directo
969 801 1078 856 Patrum
1100 817 1288 875 canonumque
1310 806 1573 878 promulgationibus
1597 818 1639 865 est
1661 812 1765 868 consti-

122 892 232 962 scripsit
242 899 324 964 atque
338 891 457 948 firmavit
466 894 500 947 ad
510 893 600 949 locum
608 893 644 948 ita
651 894 744 949 dicens
755 894 847 966 (epist.
859 893 918 964 tt):
970 896 1067 959 tutum,
1085 890 1159 948 salvo
1172 891 1199 947 in
1214 893 1339 948 omnibus
1351 896 1413 963 jure
1429 897 1586 967 apostohcae
1600 907 1701 955 nostras
1718 917 1764 958 se-

125 1003 133 1026 ·
151 980 205 1036 tbi
220 981 296 1036 Deus
310 981 531 1052 pradicationem
547 991 618 1037 tuam
631 983 713 1047 auxit,
730 981 854 1037 obtinere
868 997 919 1037 ro·
970 977 1023 1045 dis,
1040 986 1069 1033 ut
1083 979 1118 1033 ab
1133 978 1193 1051 ipso
1205 979 1288 1035 veluti
1298 982 1403 1039 Christo
1413 985 1499 1040 sacris
1510 993 1552 1040 cst
1562 995 1672 1042 cautum
1684 1004 1767 1045 cano-

122 1068 203 1135 luisti,
221 1077 252 1124 nt
266 1067 314 1124 tibi
329 1070 514 1143 episcopalem
523 1070 686 1141 Ecclesiam,
698 1071 742 1127 rel
753 1070 920 1127 successori-

123 1157 171 1212 bus
200 1158 254 1213 tuis
284 1157 447 1215 confirmare
474 1160 642 1227 debeamus,
664 1161 740 1231 juxta
761 1160 920 1216 eorumdem

124 1243 241 1302 tiliorum
257 1255 413 1303 nostrorum
427 1247 594 1305 Francorum
608 1248 777 1321 petitionem.
788 1250 822 1304 Et
835 1248 920 1304 idcir·

124 1349 154 1390 co
169 1336 331 1391 auctoritate
345 1337 376 1392 B.
393 1336 465 1392 Petri
479 1338 595 1409 apostoli
609 1338 756 1408 sancimus,
779 1345 807 1392 ut
822 1351 920 1408 supra-

123 1424 192 1478 dicta
204 1423 331 1480 Ecclesia
345 1425 505 1498 Mogontina
518 1427 658 1498 perpetuis
678 1427 845 1498 temporibus
869 1425 918 1481 tibi

970 1066 1050 1122 nibus
1066 1083 1072 1123 :
1090 1068 1138 1123 sed
1153 1069 1251 1135 cuncti,
1269 1069 1328 1126 sive
1344 1071 1371 1125 in
1385 1071 1552 1142 praelatione,
1565 1075 1622 1131 sire
1632 1076 1660 1130 in
1675 1077 1768 1133 subdi-

971 1154 1043 1210 tione
1057 1155 1157 1223 dcbita,
1168 1157 1291 1212 ordinem
1307 1158 1341 1214 ab
1357 1158 1548 1217 ecclesiasticis
1561 1163 1666 1236 regulis
1681 1166 1765 1221 tradi-

971 1251 1027 1298 tum
1041 1244 1229 1312 observantes,
1253 1245 1383 1304 obediant
1405 1256 1431 1303 et
1454 1249 1600 1308 studiosius
1622 1253 1764 1326 obtempe-

971 1347 1032 1388 rare
1046 1342 1205 1404 procurent.

1007 1421 1107 1477 XXlll.
1121 1424 1150 1476 tn
1165 1437 1219 1494 quc
1233 1424 1342 1481 decreto
1356 1434 1382 1481 et
1397 1426 1467 1482 beati
1482 1426 1631 1484 innocentii
1645 1431 1767 1488 scriben-

124 1521 147 1567 ct
161 1512 371 1569 successorihus
386 1514 439 1569 tuis
452 1514 480 1569 in
498 1515 669 1586 metropolim
695 1516 728 1570 sit
750 1514 919 1582 confirmata,

124 1601 227 1657 habens
242 1602 295 1656 sub
311 1617 341 1658 sc
355 1603 404 1657 has
418 1603 536 1675 quinque
547 1603 680 1670 civitates,
691 1604 778 1670 idest,
790 1603 920 1676 Tungris,

971 1509 1005 1564 tis
1030 1510 1065 1566 ad
1090 1512 1247 1567 victricium
1276 1515 1524 1585 Rotbomagensem
1546 1517 1704 1589 episcopum
1725 1530 1768 1576 est

972 1606 1082 1654 secutus
1096 1599 1243 1668 decretum,
1259 1617 1313 1672 quo
1328 1602 1394 1657 dicit
1406 1603 1557 1673 (Innocent.
1576 1606 1598 1674 Ι,
1614 1609 1696 1679 epist.
1715 1611 1742 1678 t)
1760 1627 1767 1664 :

124 1689 279 1759 Coloniam,
303 1691 504 1759 warmaciam,
530 1692 684 1763 Spirutiam,
709 1700 735 1747 ct
758 1693 872 1760 Trcctis,
895 1699 959 1777 etB
976 1707 986 1736 t
1005 1687 1033 1741 Si
1056 1704 1125 1759 quae,
1149 1688 1285 1761 inquiens,
1311 1705 1400 1746 fflsssae
1423 1690 1467 1747 Vel
1490 1693 1679 1751 θθῦῑθῦῑῑθῦθθ
1700 1696 1771 1756 'mter

125 1778 278 1836 Germania
302 1787 408 1852 gentes,
432 1797 500 1853 quas
524 1790 571 1836 tua
594 1781 750 1837 fraternitas
773 1797 823 1852 per
844 1796 922 1837 suam
973 1775 1098 1844 clericos,
1122 1785 1176 1832 tam
1192 1778 1341 1849 superioris
1365 1779 1468 1835 ordinis
1489 1796 1571 1853 quam
1595 1782 1674 1838 etiam
1697 1785 1739 1840 ini
1755 1816 1770 1828 -

124 1867 346 1938 pradicationem
359 1868 458 1924 Christi
471 1870 562 1925 lumen
577 1885 745 1943 cognoscere
761 1869 834 1926 iecit.
848 1870 924 1925 Hisa
973 1864 1063 1932 riOriS.
1080 1864 1181 1921 fuerim
1195 1874 1305 1933 ⁰¹⁰ll³³i
1321 1868 1424 1938 Pl⁸0¹¹il
1434 1876 1463 1923 ul
1472 1870 1622 1926 secundum
1635 1875 1770 1944 SlBOdUffl

124 1956 201 2012 nobis
217 1956 351 2025 diffinitis,
368 1974 420 2028 per
434 1957 512 2027 hujus
525 1966 625 2014 nostrae
645 1959 858 2014 confirmationis
873 1974 923 2030 pa·
972 1952 1121 2019 Nicaenam,
1138 1955 1312 2028 congregatis
1327 1956 1610 2028 ejusdemprovinciae
1622 1962 1770 2035 episcopis,

124 2045 213 2116 ginam
228 2045 319 2100 intua
334 2045 459 2102 Ecclesia
474 2047 613 2119 perpetuis
628 2047 796 2119 temporibus
818 2064 868 2119 pro
883 2046 924 2102 sui
970 2041 1101 2111 judicium
1116 2044 1282 2099 terminetur·
1304 2045 1361 2098 Nee
1385 2044 1569 2116 adonibesec,
1588 2048 1647 2104 Sine
1666 2053 1769 2121 praet'u·

124 2132 329 2189 confismarione
342 2135 401 2190 haec
414 2135 570 2191 conservari
582 2137 753 2191 mandamus,
769 2161 780 2184 i
795 2136 841 2193 Sic
851 2136 923 2191 enim
973 2130 1044 2187 dicio
1060 2140 1151 2186 tamen
1165 2132 1295 2187 Romanae
1309 2132 1451 2203 Ecclesia,
1468 2135 1511 2190 cui
1525 2135 1553 2190 in
1566 2136 1692 2194 omnibns
1702 2155 1769 2195 cau-

124 2231 148 2278 ct
162 2224 236 2279 sacri
253 2222 353 2278 diriore
368 2223 513 2294 provinciae
523 2240 642 2280 canones
652 2226 727 2298 (cop.
737 2225 782 2296 86)
793 2225 924 2281 decrere-
973 2218 1011 2273 sis
1025 2219 1107 2275 debet
1122 2220 1274 2276 reverentia
1286 2222 1426 2289 custodiri,
1442 2222 1542 2279 relictis
1557 2225 1600 2279 his
1615 2228 1768 2284 sacerdoti-

124 2319 194 2376 mnt,
212 2318 243 2367 ut
258 2327 328 2383 quos
342 2312 551 2368 adminiculante
567 2313 658 2369 divina
673 2313 763 2386 gratia
779 2314 924 2385 episcopus
973 2307 1034 2376 bus,
1061 2308 1107 2380 (tui
1130 2308 1158 2362 in
1180 2309 1277 2365 eadem
1299 2311 1441 2381 provincia
1469 2313 1520 2367 Dei
1540 2312 1680 2370 Ecclesits
1703 2326 1770 2374 nutu

124 2400 242 2471 potuerit
256 2399 360 2456 lucrari
376 2400 412 2456 sd
434 2401 593 2458 catholicam
616 2402 756 2471 unitatem,
779 2402 814 2456 ad
835 2401 923 2474 ipsum
973 2395 1065 2451 divino
1088 2399 1252 2470 gubernant,
1282 2397 1316 2453 ad
1340 2399 1408 2454 alias
1431 2400 1577 2457 convolare
1600 2404 1766 2474 provincius.

124 2489 288 2560 pertineam,
974 2482 1054 2553 Quod
1069 2485 1091 2539 si
1107 2486 1168 2558 quis
1184 2486 1252 2542 torte
1266 2489 1482 2559 praesumpserit,
1507 2497 1533 2545 et
1550 2490 1584 2544 ab
1599 2491 1688 2549 officio
1703 2493 1770 2549 cleri

158 2578 237 2633 xxi.
255 2578 297 2633 De
310 2575 428 2649 primatu
443 2593 551 2651 qnoque
569 2579 597 2634 in
612 2579 673 2634 aliis
688 2578 836 2650 provinciis
859 2579 922 2635 item
973 2581 1135 2641 summotus,
1153 2582 1180 2629 et
1194 2575 1352 2645 injuriarum
1367 2593 1431 2632 reus
1442 2577 1768 2649 abomnibusjudicetur.

125 2666 195 2722 idern
211 2665 359 2722 Zacharias
371 2681 443 2737 papa
456 2667 491 2723 ad
502 2667 628 2724 eumdem
639 2666 806 2723 bonifacium
815 2667 924 2738 scripsit
974 2660 1002 2715 Si
1017 2670 1108 2716 aulem
1122 2663 1239 2731 ¹11²¹l0res
1255 2679 1345 2720 ⁰³⁰⁵ae
1359 2664 1386 2719 1¹¹
1401 2665 1521 2720 medium
1535 2666 1635 2722 fuerim
1652 2669 1770 2726 defflu-

125 2755 173 2811 hoc
186 2753 272 2810 modo
287 2757 383 2827 (epist,
394 2756 420 2826 3)
433 2773 439 2808 :
454 2778 464 2802 a
476 2757 509 2810 Er
520 2755 584 2827 quia
595 2755 743 2811 sideberes
753 2755 781 2810 in
792 2756 923 2825 flajorriae
973 2756 1018 2815 tae,
1034 2751 1069 2804 ad
1085 2751 1178 2806 sedem
1194 2749 1382 2822 apostohcam,
1399 2753 1468 2810 sicut
1484 2756 1604 2825 synodus
1619 2758 1719 2829 statuit,
1743 2769 1769 2816 et

125 2844 266 2915 provincia
288 2843 333 2912 jus
357 2843 459 2898 habere
482 2844 685 2916 predicationis
708 2844 863 2912 sciscitasti,
889 2860 923 2898 an
973 2839 1053 2894 beata
1072 2840 1239 2895 consuetudo
1261 2841 1354 2914 erigit,
1377 2849 1439 2912 post
1457 2842 1589 2911 judicium
1613 2845 1771 2918 episcopale

126 2949 185 2998 non,
200 2948 287 3004 quam
301 2948 317 2985 a
330 2932 477 2987 decessore
496 2942 590 2988 nostro
612 2933 730 2989 habuisti
752 2949 921 3000 concessam,
973 2926 1133 2982 reserantur·
1167 2952 1177 2976 ¹¹
1208 2929 1248 2984 De
1278 2946 1330 3000 qua
1356 2929 1400 2985 ΜΟ
1429 2932 1583 3002 speciahter
1616 2937 1769 2992 reverentia

127 3038 173 3076 nos
188 3021 319 3092 denique,
335 3020 478 3077 auxiliante
493 3023 561 3087 Dco,
577 3037 610 3076 ea
626 3038 687 3093 quae
701 3021 749 3076 tihi
758 3021 872 3095 largitus
882 3029 923 3078 est
974 3015 1059 3082 dicat,
1089 3016 1246 3088 ³P⁰S²Oli⁰ae
1274 3018 1333 3073 sedi
1360 3020 1495 3075 reservati
1518 3021 1638 3091 debere,
1669 3025 1712 3080 ⁰⁰1
1742 3026 1770 3082 5¹1

128 3110 256 3166 decessor
270 3117 374 3178 noster,
397 3125 452 3164 non
475 3110 630 3180 minuimus,
658 3110 707 3165 scd
730 3125 870 3182 augemus,
896 3119 923 3166 et
974 3105 1101 3160 omnibus
1127 3107 1209 3160 rebus
1237 3106 1317 3162 debet
1347 3109 1500 3164 reverentia
1522 3112 1667 3178 custodiri,
1701 3114 1771 3172 sicut

129 3213 178 3255 non
193 3197 286 3254 solum
301 3196 460 3266 bajoariam,
478 3197 619 3253 sedetiam
641 3213 751 3254 omnem
776 3198 924 3253 Gatharum
974 3194 1094 3264 synodus
1122 3195 1227 3263 statuit,
1258 3202 1284 3250 et
1313 3203 1391 3252 vetus
1420 3199 1587 3254 consuetudo
1611 3201 1712 3273 exigit,
1742 3212 1770 3260 ot

130 3285 307 3357 provineinn,
323 3285 411 3342 donec
426 3294 451 3340 to
465 3286 555 3341 divina
567 3286 680 3354 jusserit
695 3302 842 3358 superesse
863 3303 924 3342 ma·
974 3298 1043 3353 quos
1058 3298 1187 3352 canones,
1204 3283 1280 3339 tertio
1295 3293 1322 3341 et
1337 3293 1432 3357 quarto
1454 3302 1487 3342 ac
1508 3288 1624 3358 septimo
1648 3290 1766 3350 demon-

128 3375 213 3444 jesias,
240 3381 336 3431 nostra
359 3373 419 3429 ricc
441 3390 490 3446 per
514 3375 737 3446 praedicationem
763 3374 809 3430 tibi
832 3375 924 3444 injun-
973 3378 1040 3426 strat
1054 3371 1182 3442 capitulo.

130 3472 203 3531 eum,
220 3480 284 3535 qure
299 3462 438 3534 repereris
453 3471 548 3519 contra
560 3463 741 3520 Christianam
751 3463 922 3536 religionem,
1008 3459 1108 3514 XXIV,
1124 3461 1164 3516 De
1177 3459 1275 3532 quibus
1290 3467 1315 3517 ct
1330 3461 1357 3516 S.
1376 3461 1501 3518 Gelasius
1514 3463 1542 3518 in
1560 3469 1768 3526 commonitorio

130 3552 168 3606 rel
179 3567 318 3608 canonum
331 3551 461 3616 instituta,
487 3551 643 3622 spiritaliter
664 3553 742 3608 stude
761 3567 793 3608 ac
808 3552 841 3606 ad
856 3569 923 3607 nor·
973 3546 1035 3603 dato
1057 3546 1157 3604 Fausto
1178 3557 1270 3603 contra
1298 3547 1450 3605 Orientales
1479 3551 1624 3624 episcopos
1645 3555 1710 3612 dicit
1731 3558 1768 3613 ita

133 3656 197 3695 mam
211 3640 386 3697 rectitudinis
401 3640 561 3696 reformare.
581 3665 592 3688 n
974 3637 1065 3707 (epist.
1083 3637 1110 3706 3)
1127 3653 1133 3690 :
1152 3660 1162 3682 «ι
1177 3635 1299 3692 Viderint
1314 3653 1389 3710 ergo,
1404 3637 1427 3692 si
1441 3638 1510 3695 alios
1521 3641 1621 3696 habent
1635 3657 1768 3717 canones,

162 3730 249 3786 XXII.
281 3729 337 3784 sed
365 3736 475 3785 etcum
499 3729 577 3784 Ebbc
598 3730 735 3800 quondam
757 3730 924 3785 Rhemorum
974 3723 1071 3795 quibus
1087 3739 1150 3780 suas
1165 3725 1282 3795 ineptias
1296 3734 1490 3798 exsequantur.
1507 3729 1640 3785 Caeterum
1654 3731 1768 3806 isti,qui

135 3818 273 3890 episcopus
289 3833 320 3872 se
334 3816 362 3872 in
376 3817 481 3888 synodo
497 3818 678 3890 quadraginta
692 3827 808 3889 quatuor
818 3819 924 3890 episcc-
974 3812 1055 3879 sacri,
1072 3813 1119 3885 qui
1133 3813 1320 3882 ecclesiastici,
1337 3815 1383 3885 qui
1398 3815 1512 3888 legitimi
1526 3817 1708 3889 celebrantur,
1724 3839 1770 3880 sa·

135 3922 222 3976 porum
237 3905 341 3977 scripto
356 3915 382 3960 et
397 3905 509 3977 propria
524 3907 721 3977 subscriptione
737 3923 768 3962 ae
782 3907 843 3962 vive
856 3923 924 3964 voce
973 3901 1036 3956 dem
1050 3902 1224 3973 apostolicam
1239 3903 1418 3972 adjudicium
1432 3920 1533 3985 uocare
1546 3922 1601 3963 uon
1615 3918 1741 3979 possunt.
1755 3935 1766 3960 o

136 4011 176 4064 pro
189 3994 352 4052 criminibus
368 3994 424 4048 suis
443 3994 591 4060 damnavit,
613 4004 639 4050 et
654 4012 670 4050 a
687 3995 847 4050 sacerdotali
871 3995 925 4050 mi-
973 3990 1008 4044 Et
1023 3990 1158 4061 aliquanto
1172 3992 1297 4062 superius
1314 4010 1321 4045 z
1340 4016 1349 4039 u
1369 3993 1423 4064 tpsi
1438 4002 1499 4049 sunt
1514 4009 1645 4063 canones.
1661 4000 1709 4070 <1¹11
1721 4016 1770 4072 81)-

139 4083 237 4141 nisterio
251 4082 373 4139 alienum
382 4082 511 4148 reddidit,
523 4100 604 4155 quem
614 4092 711 4155 postea
722 4083 925 4155 Sergiuspapc,
974 4078 1134 4148 pellationcs
1148 4080 1231 4135 totius
1245 4080 1376 4137 Ecclesia
1399 4081 1434 4136 ad
1454 4083 1534 4153 hujus
1558 4085 1631 4140 sedis
1656 4102 1770 4146 examen

142 4170 196 4227 sicut
209 4172 296 4228 ctiam
312 4172 340 4225 in
355 4171 441 4245 gestis
456 4172 514 4241 ejus
529 4171 638 4245 legitur,
655 4172 853 4242 condemnavit,
874 4173 925 4227 de·
975 4167 1087 4222 voluere
1101 4167 1211 4232 deferri,
1227 4171 1262 4224 ab
1275 4168 1334 4239 ipsa
1349 4184 1413 4226 veto
1427 4185 1564 4242 nusquam
1585 4190 1698 4245 prorsus
1717 4192 1770 4248 tp-

143 4257 218 4318 tuco
232 4262 336 4317 domno
351 4260 489 4317 ludovico
500 4260 674 4332 imperatore,
698 4261 926 4317 contentionem
975 4255 1073 4327 pellani
1100 4257 1456 4324 debe1·esenxerunr,»er
1484 4259 1598 4332 reliqna.
1625 4261 1677 4332 Qui
1706 4280 1773 4323 vero

145 4363 212 4419 reguo
226 4350 300 4406 inter
314 4347 386 4404 tilios
400 4349 459 4418 ejus
469 4357 574 4420 exorta,
584 4350 700 4421 primum
713 4351 746 4404 ad
758 4350 924 4416 Lothnrium,
975 4343 1118 4416 praefatam
1133 4345 1274 4415 epistolam
1291 4345 1377 4401 sancti
1398 4346 1550 4402 iunocentii
1563 4350 1596 4402 ad
1613 4349 1772 4408 victricium

146 4434 225 4495 dehde
239 4438 276 4494 ad
292 4438 460 4494 Ludoricum
475 4438 619 4494 damnatus
633 4438 705 4494 idern
721 4439 799 4495 Ebbc
814 4456 843 4494 se
857 4455 925 4496 con·
939 4432 1225 4504 DRothcmagensem
1240 4433 1484 4506 archiepiscopum,
1506 4451 1539 4492 ex
1554 4438 1641 4492 sacris
1656 4441 1771 4496 canoni·

147 4506 272 4595 tuhr,'Qui
296 4542 389 4600 reges,
415 4526 542 4599 quoniam
566 4543 616 4599 per
639 4527 735 4582 merita
759 4535 925 4598 sanctorum,
976 4523 1027 4577 bus
1055 4522 1267 4594 promulgatam,
1292 4522 1326 4577 de
1350 4537 1404 4594 qua
1426 4523 1562 4593 praemissi
1585 4525 1689 4582 decreti
1711 4528 1770 4596 eJus

149 4612 338 4671 adminiffllanre
365 4614 482 4670 Domino
511 4623 536 4670 er
562 4616 663 4672 domno
688 4624 782 4671 nostro
807 4616 924 4687 egroto,
976 4610 1137 4667 sententium
1152 4611 1195 4666 hic
1210 4610 1359 4683 posuimus,
1382 4611 1559 4684 diligentera
1571 4612 1706 4686 principio
1727 4615 1770 4671 sui

149 4698 254 4759 violencia
269 4720 326 4759 non
341 4702 480 4773 valebant,
496 4720 547 4776 per
562 4704 685 4770 insidias,
702 4713 756 4760 tarn
770 4704 842 4776 apud
857 4720 926 4776 apo·
975 4716 1061 4772 usque
1076 4699 1110 4754 ad
1125 4698 1207 4756 finam
1222 4699 1358 4772 relegarit,
1375 4699 1493 4756 inveniet
1508 4700 1603 4757 eadem
1625 4702 1660 4758 dc
1683 4703 1772 4775 privi-

151 4791 251 4849 stotieam
266 4793 362 4848 sedem
377 4808 460 4863 quem
476 4800 501 4848 et
516 4793 586 4864 apud
601 4808 779 4866 quoscunque
803 4793 927 4851 valebant
975 4789 1055 4861 legiis
1070 4788 1242 4862 singulorum
1255 4788 1536 4860 metropolitanorum,
1554 4789 1657 4848 scilicet
1671 4792 1772 4864 prima-
1849 4873 1852 4876 Ι

152 4879 283 4954 episcopos,
312 4889 339 4936 et
364 4897 584 4954 quaquaversum
607 4890 739 4953 poterant,
762 4883 927 4939 Ehemorum
976 4885 1050 4933 tunm
1064 4878 1277 4949 provinciarum,
1301 4894 1361 4948 quae
1384 4883 1411 4932 et
1425 4885 1535 4933 sanctus
1559 4879 1715 4938 bonifacius
1738 4882 1774 4938 ad

151 4968 257 5043 episcopo
273 4970 436 5042 laqueorum
451 4969 588 5026 tendicula
596 4969 705 5039 injicere
714 4988 775 5042 quae
789 4988 927 5043 praepara-
976 4966 1119 5037 episcopos
1134 4967 1291 5023 Gallicanos
1305 4973 1331 5022 et
1352 4965 1387 5021 ad
1410 4965 1544 5022 Hilarium
1564 4968 1771 5027 Narbonensem

152 5067 233 5129 rerunt,
251 5068 278 5115 et
294 5076 340 5115 res
353 5059 440 5130 ipsius
461 5059 623 5115 Rhemensis
649 5059 789 5130 Ecclesiae,
816 5078 876 5133 quar
899 5061 927 5114 in
976 5056 1133 5127 episcopum
1148 5056 1293 5120 constituit,
1310 5053 1446 5123 videlicet,
1472 5062 1500 5111 ut
1523 5056 1615 5113 nullus
1630 5067 1771 5130 metropo-

151 5140 244 5202 dirersis
258 5147 352 5219 regnis
367 5147 427 5202 sitae
442 5154 512 5212 sunt,
529 5163 544 5201 a
558 5147 681 5218 pluribus
695 5149 821 5220 usurpari
833 5165 927 5220 coepc-

150 5244 201 5305 runt,
216 5237 303 5310 gratia
318 5244 346 5291 et
361 5236 471 5292 nomine
486 5236 648 5292 Benedictus
664 5254 742 5308 papa,
764 5237 792 5290 in
813 5236 926 5309 privile-

79 5366 81 5373 .
149 5322 181 5389 gio
193 5325 354 5381 ithamarum
371 5325 510 5396 episcopo,
523 5325 569 5397 qui
585 5341 657 5381 nunc
674 5325 762 5381 eidem
777 5327 860 5383 servit
870 5329 926 5383 Ec-

147 5409 227 5485 clesia,
243 5416 276 5471 B.
296 5414 370 5470 Petri
386 5423 412 5469 et
428 5414 586 5485 apostolieae
602 5414 687 5487 ipsius
712 5415 785 5470 sedis
808 5416 927 5472 auctori-

147 5506 196 5574 tate,
205 5505 356 5561 seeundum
369 5518 464 5560 sacros
479 5518 610 5572 canones,
626 5512 652 5559 et
667 5503 780 5562 decreta
794 5503 926 5562 decesso-

270 5616 392 5672 Paraor..
409 5613 533 5674 cxxvi

975 5144 1075 5200 titanus
1090 5145 1158 5201 duas
1173 5143 1395 5214 metropolitanas
1409 5143 1542 5214 civitates,
1568 5146 1691 5218 duasque
1705 5163 1771 5218 pro-

976 5233 1080 5290 vincias
1102 5233 1201 5289 debeat
1221 5232 1324 5288 habere
1348 5232 1501 5301 subjectas,
1528 5234 1577 5291 sed
1600 5250 1772 5308 unaquaque

976 5321 1114 5394 provincia
1128 5320 1328 5393 metropolitani
1342 5322 1384 5378 sui
1397 5320 1425 5378 in
1440 5322 1565 5378 omnibus
1588 5322 1670 5379 rebus
1694 5325 1773 5382 ordi·

976 5410 1113 5468 nationem
1127 5426 1236 5481 semper
1251 5418 1397 5482 exspectet,
1414 5419 1441 5466 et
1455 5409 1490 5467 de
1511 5409 1662 5480 majoribus
1683 5413 1773 5495 causis

953 5578 961 5595 .
977 5499 1012 5556 ad
1026 5498 1120 5558 sedem
1134 5498 1311 5574 apostolicam
1326 5500 1427 5574 singuli
1440 5499 1644 5571 metropolitani
1660 5517 1693 5558 ex
1717 5503 1774 5560 suis

1543 5616 1560 5668 7
