3794 6104
112 254 173 307 aar
300 305 304 309 4
872 242 1058 300 EPtSlOLAE.
1724 226 1775 306 rai

115 376 189 442 edri,
211 375 235 430 δί
249 373 343 445 l³0lt¹¹li
364 371 476 430 auribus
500 387 555 427 ⁰⁰¹¹
576 371 731 442 publicetur
759 368 926 426 ΰθῦὃθῑθῦῑῑᾶ
941 374 1080 454 Ajuncta,
1096 384 1218 457 legitime
1232 385 1335 455 dotata,
1353 394 1380 444 ει
1387 387 1504 458 publicis
1514 388 1614 459 nuptiis
1623 389 1775 460 honestata,

115 463 292 536 innitenti&
309 462 347 517 Εῑ
362 461 490 534 limiam
515 460 631 532 qualiter
651 459 749 517 debead
773 458 836 515 iniri
861 474 929 514 ⁰⁰¹¹·
981 489 1092 529 sexuum
1108 475 1297 530 commistione
1305 476 1491 548 conjungitur.
1503 477 1539 532 Et
1552 485 1616 535 tuno
1624 479 1723 535 babent
1733 495 1780 536 nu·

116 560 239 633 ingiam,
257 566 371 615 etvetus
400 565 427 613 et
452 572 523 613 nova
547 555 589 612 lex
610 557 717 625 edocet,
743 555 859 612 Domino
880 571 931 626 per
979 563 1043 635 ptiar
1056 562 1085 617 in
1100 577 1129 619 se
1146 563 1244 617 Christi
1259 571 1285 618 ει
1299 564 1431 621 Ecclesiae
1446 575 1655 638 sacramentum,
1671 576 1698 624 et
1716 576 1780 625 tuae

121 650 240 721 Moysen
263 646 448 719 praecipiesslei
475 652 503 702 02
525 644 677 717 Evangelio
703 645 928 701 demonstrante:
981 650 1117 722 pertinere
1128 652 1250 707 noscitur
1259 651 1411 709 mulierilla
1420 655 1455 709 ad
1464 655 1713 723 matrimonium‚in
1726 671 1781 728 qua

124 739 296 802 euinceret,
313 735 409 807 inquit,
448 735 615 808 desponsata
636 738 729 790 arator
750 736 816 789 lese
844 734 930 788 llario
982 739 1781 817 etsexaumcommistiaetnuptieledoceturluissemyste·=

125 827 229 898 loseph
244 829 399 897 antequam
420 824 719 890 convenirtttltdldlld·
729 823 760 895 Ι),
771 821 849 879 idest
859 829 932 875 anlo-
982 828 1061 883 rium.
1074 828 1114 883 De
1125 829 1589 902 quomysterioPauloapostolusad
1602 832 1782 903 Ephesiosdi·

124 931 209 988 quam
237 912 353 985 nuptiali
381 912 561 968 celebratione
590 912 777 977 convenirent,
808 910 876 966 sicut
904 909 931 964 in
980 913 1032 969 cit:
1048 914 1315 982 Qniroomaaorem
1325 915 1427 987 diligit,
1440 919 1564 989 reipsam
1575 917 1680 990 diripit.
1693 918 1779 975 Nemo

122 1002 225 1074 nuptiis
240 1002 385 1058 celebratis
401 1002 473 1057 idern
488 1000 619 1070 ostendit,
646 1015 715 1071 quas
742 1014 793 1055 sua
808 1014 931 1070 praesen-
982 1002 1059 1056 enim
1076 1018 1201 1074 unquam
1216 1017 1331 1059 caraem
1347 1005 1614 1074 saomodiolrabnit,
1627 1006 1781 1064 rcdaatrt't

127 1093 164 1146 tia
187 1089 371 1156 sanctificare,
401 1097 428 1145 et
456 1088 589 1144 miraculo
613 1088 717 1144 ibidem
746 1086 931 1160 patratoillu·
983 1090 1782 1167 etsovcteam,ricatatChristas'Ecctcsiom;qoiamem·

125 1187 212 1235 strare
250 1178 380 1250 dignatus
415 1185 466 1233 est.
497 1177 552 1234 Sed
583 1185 609 1233 et
638 1184 748 1233 sanctus
777 1175 931 1242 Eraristus,
984 1178 1785 1254 brasamoscorporisejaadeceruariae,etdeortibus

129 1261 243 1340 quartus
271 1267 391 1322 abacto
420 1267 500 1322 Petro
522 1267 652 1322 llomanae
675 1264 749 1321 sedis
774 1262 930 1336 episcopus,
982 1267 1057 1337 ejus.
1072 1267 1651 1342 Propter-trocrelinqactboraopatreraet
1664 1273 1787 1328 taetram

129 1363 281 1412 etsenctus
311 1355 432 1424 siricius,
458 1362 484 1409 et
513 1353 609 1410 beatus
635 1354 699 1423 Leo,
726 1360 808 1425 atque
840 1351 932 1408 caeteri
983 1355 1787 1424 socacraatoeretztoxortsan,sternutamentum

134 1444 234 1516 quique
264 1444 391 1499 doctores
421 1443 576 1512 ostendunt,
613 1459 673 1514 quae
695 1441 785 1497 omnia
814 1439 857 1496 hic
880 1455 932 1512 po·
983 1455 1052 1494 aaa.
1065 1439 1283 1496 Sacramentum
1295 1442 1487 1513 bacaroqnaat
1499 1443 1787 1515 cst3cqoaatemdico

131 1549 193 1589 nere
218 1541 332 1605 propter
363 1531 545 1604 pluralitatem
578 1538 605 1587 et
632 1531 829 1604 longitudinem
858 1529 933 1586 deri·
983 1528 1015 1582 tn
1033 1527 1141 1583 Christo
1151 1531 1180 1583 ct
1193 1530 1227 1583 ia
1240 1529 1366 1586 Ecclesia
1388 1530 1500 1603 (Epioe.
1528 1532 1569 1603 v).
1587 1531 1656 1588 llino
1678 1525 1800 1589 sanctua'

132 1629 225 1678 amus.
983 1615 1147 1672 Ambrosius
1161 1617 1284 1688 mysterii
1299 1626 1496 1675 sacramentnm
1512 1621 1616 1691 grande
1638 1620 1666 1677 in
1689 1620 1792 1679 unitate

177 1711 296 1766 Tantum
325 1710 420 1766 dicere
443 1709 630 1766 necessarium
649 1708 785 1777 duximus,
816 1717 841 1763 er
860 1707 931 1763 inter
946 1703 1036 1794 Briri
1064 1719 1098 1761 ac
1125 1703 1232 1761 feminae
1259 1722 1321 1762 esse
1351 1705 1576 1779 siguificatrnec
1601 1709 1654 1766 boc
1683 1715 1789 1766 matum

135 1799 248 1872 equales
264 1798 389 1872 legitima
405 1796 470 1853 frunt
485 1797 620 1869 conjugia,
647 1813 709 1853 cum
732 1797 929 1868 aparentibus,
985 1792 1087 1863 prodit,
1108 1792 1254 1849 sedaliam
1268 1809 1388 1861 causam,
1406 1811 1466 1869 quae
1482 1812 1538 1853 non
1552 1797 1689 1854 discordet
1704 1812 1721 1854 a
1735 1813 1793 1856 me·
1877 1870 1881 1876 Α

137 1903 246 1959 quorum
260 1888 385 1956 interest,
402 1885 494 1958 petita,
520 1893 547 1942 et
571 1885 697 1958 legaliter
718 1886 893 1958 desponsata,
910 1894 936 1941 et
986 1888 1093 1937 morato
1107 1882 1248 1954 mysterio,
1264 1881 1381 1956 tlagitat,
1398 1901 1479 1957 quam
1507 1885 1558 1942 scit
1585 1886 1622 1941 ad
1635 1885 1791 1957 proiectum

136 1976 230 2046 dotata,
247 1984 276 2031 et
291 1974 408 2048 publicis
423 1973 524 2046 nuptiis
539 1975 672 2030 honorata
687 1973 788 2029 lemine
815 1973 937 2046 conjugii
986 1968 1097 2024 humani
1112 1969 1221 2041 generis
1235 1970 1382 2043 pertinere,
1397 1972 1450 2029 hoc
1465 1980 1507 2029 est
1526 1973 1657 2032 Ecclesiae
1685 1982 1712 2031 et
1726 1974 1790 2032 Sal-

138 2073 234 2145 copulae
249 2073 383 2141 sociatur,
401 2079 428 2127 et
441 2088 474 2126 cx
489 2070 596 2127 duobus
612 2087 694 2125 unum
709 2086 806 2142 corpus
828 2086 938 2142 unaque
987 2057 1100 2124 vetoris,
1131 2066 1160 2113 ut
1188 2058 1257 2116 sicut
1284 2059 1388 2117 relictis
1414 2061 1574 2134 parentibus
1602 2064 1684 2119 bomo
1711 2063 1792 2120 uxori

138 2176 191 2218 raro
216 2158 346 2227 efficitur,
377 2160 447 2216 sicut
468 2160 600 2231 scriptum
628 2161 802 2215 est215ruue
826 2159 879 2215 auo
904 2162 937 2215 m
988 2160 1046 2201 sua
1064 2145 1195 2215 adhaeret,
1219 2146 1255 2202 ita
1277 2154 1305 2205 et
1326 2148 1423 2205 relicto
1448 2149 1522 2205 omni
1545 2166 1639 2208 errore
1662 2150 1791 2209 Ecclesia

139 2266 214 2307 ,ame
228 2268 291 2307 ,ma
306 2249 389 2321 (qen,
407 2248 439 2318 1.)
452 2267 459 2316 3
472 2249 527 2317 jam
546 2264 600 2304 110„
628 2247 692 2314 duo,
718 2248 767 2303 seq
795 2263 848 2303 una
875 2254 938 2304 suni
988 2232 1138 2303 adhereat,
1149 2235 1347 2306 etsubjiciatur
1359 2237 1501 2310 capitisue
1517 2239 1642 2313 quodeat
1655 2238 1790 2297 Christus.

139 2354 202 2396 caro.
211 2340 249 2395 Et
264 2356 273 2395 ε
287 2337 364 2406 Quod
373 2339 446 2393 Deos
453 2339 566 2409 junxit,
578 2338 658 2395 leonto
670 2353 727 2393 aaa
737 2341 851 2409 separat
861 2336 938 2407 (llat-
989 2321 1126 2392 Qu⁰¹¹1³m
1155 2340 1210 2380 ΠΜ
1237 2332 1333 2381 nalum
1356 2326 1384 2380 in
1408 2326 1466 2384 Vim
1480 2335 1507 2384 θῑ
1535 2327 1637 2402 [emim
1665 2334 1707 2385 0⁵3
1722 2345 1730 2386 ²
1746 2327 1791 2385 id·

141 2430 168 2484 tt.
183 2429 262 2500 nx).
281 2427 323 2483 De
338 2442 393 2499 qua
408 2425 596 2495 conjunctione
610 2441 726 2497 magnas
741 2426 794 2481 Leo
809 2440 883 2497 papa
903 2425 938 2481 ad
990 2420 1063 2476 circo
1078 2421 1121 2477 vir
1136 2421 1213 2495 quasi
1229 2422 1349 2493 seipsum
1366 2431 1393 2479 et
1415 2423 1560 2481 mulierem
1586 2424 1703 2500 diligere
1716 2440 1796 2485 com·

140 2517 340 2573 Narbonensem
364 2513 459 2570 scribit
479 2513 635 2586 episcopum
660 2532 667 2568 ε
688 2514 749 2571 Non
774 2515 872 2584 omnis,
893 2515 937 2570 in·
988 2516 1125 2567 monetur.
1147 2511 1270 2566 Naturali
1298 2510 1404 2568 ratione
1431 2512 1530 2568 mulier
1557 2514 1646 2586 portio
1660 2515 1796 2588 vcorporis

141 2607 237 2676 quiens,
256 2604 359 2660 mulier
374 2603 433 2660 viro
455 2603 554 2672 juncta
581 2619 650 2658 uxor
668 2611 710 2658 est
734 2603 795 2669 viri,
820 2602 884 2675 quia
905 2619 940 2658 ne
989 2596 1041 2653 viri
1056 2605 1097 2654 est
1111 2615 1119 2652 ε
1131 2613 1164 2656 ao
1178 2615 1228 2671 per
1242 2599 1295 2656 hoc
1310 2601 1351 2657 vir
1363 2600 1392 2656 in
1407 2600 1521 2657 muliere
1544 2602 1666 2673 seipsum
1688 2603 1794 2678 diligit;

140 2695 217 2750 annis
232 2693 309 2749 filins
320 2693 411 2749 haeres
426 2699 467 2747 εει
482 2692 576 2763 patris.
593 2691 754 2762 Nuptiarum
776 2699 867 2747 autem
881 2691 937 2748 loe-
990 2700 1044 2757 quo
1057 2687 1141 2743 modo
1156 2686 1180 2743 si
1195 2687 1342 2745 lornicetur
1357 2689 1385 2744 in
1401 2690 1522 2760 seipsum
1536 2699 1643 2762 peccat,
1660 2693 1726 2765 quia
1739 2692 1795 2751 duo

142 2782 196 2839 dora
215 2783 292 2837 inter
305 2781 442 2852 ingenuos
456 2787 518 2835 sunt
532 2779 663 2853 legitima,
678 2786 704 2835 et
718 2780 788 2835 inter
809 2780 937 2851 aequales.
989 2773 1016 2829 in
1031 2790 1181 2831 carneuna
1195 2783 1270 2833 sunt.
1290 2777 1353 2832 Non
1368 2793 1436 2850 ergo
1461 2794 1587 2850 personae
1616 2780 1798 2837 substantiam

141 2869 165 2924 Ei
176 2871 261 2941 paulo
276 2877 341 2941 posu
357 2886 364 2924 :
381 2869 459 2926 Unde
473 2885 535 2924 cum
550 2869 667 2925 societas
681 2868 837 2938 nuptiarum
851 2868 889 2923 itu
904 2868 938 2922 ab
989 2861 1124 2930 dividunt,
1142 2872 1171 2919 ut
1185 2880 1235 2935 per
1248 2880 1379 2935 personas
1393 2881 1524 2922 numerus
1538 2867 1586 2923 liat
1610 2877 1712 2926 naturae
1724 2887 1733 2938 ;
1747 2867 1798 2926 sed

142 2958 204 3016 initio
220 2959 372 3016 constituta
382 2956 426 3026 sit,
438 2965 467 3012 ut
478 2966 577 3029 praeter
585 2973 698 3012 sexuum
708 2956 936 3025 conjunctionem,
991 2957 1053 3006 sunt
1067 2951 1095 3006 in
1115 2952 1219 3009 unitate
1247 2961 1362 3010 nature.
1392 2954 1428 3009 Et
1451 2964 1561 3012 sanctus
1585 2957 1753 3031 Augustinus
1767 2957 1796 3013 in

142 3043 244 3099 haberet
260 3043 291 3098 in
313 3059 344 3098 se
371 3041 471 3098 Christi
498 3050 523 3098 et
551 3041 682 3099 Ecclesiae
712 3050 935 3107 sacramentum;
990 3037 1060 3095 libro
1074 3039 1109 3096 de
1125 3041 1233 3113 Nuptiis
1248 3050 1275 3099 et
1295 3042 1521 3116 Concupiscentia
1549 3044 1615 3102 dicit
1632 3062 1639 3102 :
1655 3045 1729 3103 Sane
1743 3062 1799 3105 non

141 3130 242 3187 dubium
258 3146 316 3187 non
345 3139 388 3187 est
416 3146 477 3186 cam
502 3130 643 3186 mulierem
672 3145 726 3184 non
751 3130 889 3201 pertinere
904 3129 940 3194 ad
994 3128 1273 3199 tantumlocunditas,
1301 3147 1379 3200 curus
1408 3132 1553 3189 sructusin
1581 3134 1727 3206 proleest,
1743 3150 1796 3194 nco

144 3220 347 3286 matrimonium,
377 3219 405 3273 in
426 3234 479 3290 qua
500 3219 613 3274 docetur
633 3217 752 3289 nuptiale
775 3234 830 3274 non
855 3217 941 3274 luisse
993 3220 1097 3269 lantum
1120 3214 1262 3285 pudicitia·
1288 3216 1365 3285 cujus
1380 3216 1517 3274 Vinculum
1542 3216 1612 3275 fides
1636 3226 1687 3288 est.
1703 3235 1800 3278 verum

144 3309 303 3380 mysterium.
320 3309 356 3363 Et
371 3321 450 3362 uose
472 3306 584 3380 regione
605 3305 669 3362 hine
691 3307 772 3362 etiam
797 3305 941 3362 ostendere
993 3300 1075 3356 etiam
1091 3303 1229 3375 quoddam
1252 3314 1455 3362 sacramentum
1483 3306 1639 3376 nuptiarum
1654 3323 1794 3365 commen-

145 3412 291 3468 possumus,
307 3396 442 3468 quianon
463 3411 558 3451 omnes
577 3394 677 3467 nuptiae
700 3395 871 3467 conjugalem
895 3409 942 3451 co·
993 3389 1073 3445 datur
1101 3390 1227 3447 fidelibus
1255 3394 1418 3466 conjugatis,
1443 3393 1515 3451 unde
1544 3394 1610 3452 dicit
1623 3396 1797 3469 Apostolus:

145 3485 226 3554 pularn
248 3485 361 3554 iaciunt,
392 3499 461 3555 quas
489 3499 544 3540 non
572 3483 693 3556 sequitur
717 3482 869 3539 commistio
899 3499 941 3539 se·
997 3479 1801 3551 l’irt',ditt'pitcoaorcscestros,sicatetdlrristasditeait

146 3589 215 3629 raum
232 3591 240 3629 :
258 3574 330 3630 sicut
355 3588 406 3629 nec
430 3588 540 3643 semper
560 3571 633 3627 illius
653 3581 694 3627 est
717 3570 789 3627 filius
812 3571 901 3627 omnis
916 3579 943 3627 ει
993 3568 1154 3623 Ecclesiam
1165 3569 1275 3642 (Epiros.
1289 3569 1425 3641 v).llujus
1434 3570 1529 3642 procul
1537 3570 1621 3629 dubio
1629 3575 1797 3632 sacramenti

148 3661 235 3730 lares,
249 3663 329 3732 cujus
344 3678 406 3718 csse
421 3662 543 3718 noscitur
552 3660 651 3717 hares.
663 3661 721 3716 Nec
729 3660 831 3717 habent
842 3660 942 3731 nuptiae
993 3670 1038 3710 res
1053 3663 1104 3724 est,
1121 3664 1149 3712 ut
1163 3672 1223 3712 mas
1239 3665 1264 3712 et
1279 3656 1380 3714 lamina
1400 3659 1538 3716 connubio
1562 3661 1692 3733 copulati,
1709 3676 1800 3734 quan-

149 3749 169 3804 in
180 3767 209 3807 sc
221 3750 322 3808 Christi
346 3757 374 3806 et
393 3749 525 3806 Ecclesia
547 3757 758 3819 sacramentum,
783 3748 856 3805 siout
878 3748 942 3805 bea·
993 3742 1157 3814 dindrant,
1187 3745 1407 3818 inseparabiliter
1434 3747 1572 3818 conjuncti
1598 3760 1796 3823 perseverent;

149 3846 181 3894 tra
194 3839 363 3913 Augustinus
377 3838 452 3906 dicit,
470 3837 494 3894 si
512 3855 543 3894 se
563 3838 720 3911 nuptialiter
741 3852 796 3894 nou
819 3844 941 3908 utuntur,
994 3848 1045 3889 nec
1059 3833 1147 3903 liceat,
1167 3843 1281 3908 excepta
1295 3851 1380 3893 causa
1393 3836 1593 3909 fornicationis,
1621 3840 1801 3914 conjogema

151 3925 171 3981 id
183 3937 231 3998 est,
248 3928 272 3984 si
287 3944 336 3985 eas
356 3944 412 3985 non
438 3925 613 3999 subsequitur
635 3926 788 3982 commistio
817 3941 941 3983 sexuum.
994 3921 1112 3996 conjuge
1131 3922 1232 3980 dirimi.
1256 3926 1314 3982 lloc
1337 3926 1411 3981 euim
1433 3927 1584 3985 custoditur
1604 3928 1632 3983 in
1647 3928 1756 3987 Christo
1773 3937 1802 3988 et

151 4014 196 4072 Nec
209 4016 346 4089 pertinere
360 4015 460 4089 poterit
474 4015 520 4071 illa
539 4014 638 4071 mulier
663 4015 698 4070 ad
727 4015 940 4081 matrimonium,
994 4010 1021 4065 ia
1037 4010 1173 4082 Ecclesia,
1190 4020 1219 4069 ut
1234 4013 1406 4071 vivenacum
1420 4016 1528 4072 vivente
1543 4015 1572 4072 in
1585 4018 1801 4078 aetemumnullo

152 4117 203 4161 cun
229 4122 283 4180 qua
307 4105 422 4163 docetur
442 4120 498 4161 non
522 4103 605 4160 luisse
627 4103 782 4160 commistio
805 4119 940 4160 sexuum:
990 4097 1259 4173 divortioseparetur
1277 4103 1305 4158 in
1315 4103 1424 4161 civitate
1434 4103 1544 4161 Domini
1554 4107 1651 4174 nostri,
1661 4106 1690 4163 in
1708 4115 1801 4168 monte

152 4193 208 4251 sicut
221 4195 336 4252 dubium
349 4210 404 4250 non
419 4203 462 4250 εει
482 4209 542 4249 eam
564 4192 708 4249 mulierem
729 4207 783 4249 non
806 4192 944 4264 pertinere
995 4197 1087 4246 sancto
1103 4190 1173 4258 eius,
1189 4189 1243 4248 hoc
1257 4199 1299 4246 εει
1314 4191 1342 4248 iu
1370 4193 1495 4250 Ecclesia
1523 4194 1668 4253 catholiea.
1686 4196 1721 4253 Et
1737 4212 1801 4255 san-

152 4276 401 4355 td'matrimonium,
417 4283 446 4338 in
460 4299 512 4355 qua
527 4281 639 4339 docetur
653 4281 772 4353 nuptiale
787 4297 841 4336 non
858 4280 942 4337 luisse
994 4283 1054 4333 ctus
1069 4279 1221 4352 Gregorius
1235 4278 1264 4334 in
1280 4279 1397 4351 epistola
1413 4282 1448 4338 ad
1462 4283 1648 4340 Theoctistam
1656 4284 1801 4356 patriciam

153 4373 310 4441 myserium.
329 4371 411 4442 Quod
425 4371 464 4427 ita
479 4387 541 4427 esse
554 4370 681 4442 praelatus
696 4371 751 4427 Leo
774 4371 943 4427 demonstrat
995 4364 1060 4422 dicit
1075 4384 1082 4421 ε
1099 4368 1150 4423 Per
1160 4384 1190 4423 se
1202 4366 1275 4424 enim
1283 4368 1390 4425 Veritas
1400 4369 1482 4426 dicit:
1494 4372 1570 4439 Quod
1579 4373 1715 4431 Dominus
1727 4376 1797 4447 jaa-

153 4458 232 4517 dicena
248 4478 256 4517 :
273 4462 354 4519 Unde
368 4475 433 4517 curn
447 4459 564 4516 societas
577 4458 735 4532 nuptiarum
748 4459 784 4515 ita
806 4459 839 4514 ab
868 4459 944 4514 initio
959 4453 1052 4522 Data,
1071 4456 1150 4512 boma
1165 4474 1221 4513 aaa
1241 4463 1351 4530 separet
1366 4458 1476 4531 (tlattlr.
1493 4461 1566 4530 xlx).
1580 4458 1733 4529 Qnaeetiam
1744 4463 1796 4519 ait:

158 4549 291 4606 consututa
318 4549 364 4617 sit,
387 4556 415 4605 ut
441 4556 542 4620 praeter
577 4565 689 4604 sexuum
729 4547 947 4618 conjunctionem
997 4543 1796 4622 Noaticetdimitteraoaoremeaccptttcoaroloraicatio-

154 4636 256 4695 iuberer
270 4640 300 4696 jn
315 4654 347 4695 se
361 4637 463 4693 christi
479 4645 506 4693 et
531 4637 664 4694 Ecclesiae
686 4645 895 4693 sacramentum,
914 4637 937 4691 E
996 4632 1163 4689 aisscimus
1171 4634 1312 4706 euiraquia
1320 4636 1507 4708 scriptumest:
1515 4638 1665 4696 Eraatdao
1673 4639 1797 4697 incarne

153 4724 317 4785 iternidem:
339 4726 436 4800 Igitur,
452 4726 588 4798 inquiens,
611 4726 657 4797 qui
681 4723 765 4780 liliam
787 4742 865 4781 suam
887 4740 945 4781 vrro
995 4718 1192 4794 aaa(Gen.u).
1203 4723 1231 4779 Si
1241 4723 1481 4794 igiturviretuxor
1489 4734 1692 4796 unacarosunt,
1701 4728 1795 4785 etreli-

150 4811 244 4871 babeuti
265 4815 448 4873 concubinam
478 4814 506 4870 in
528 4812 729 4870 matrimonium
750 4813 864 4879 dederit,
891 4830 945 4871 non
995 4808 1085 4882 gionis
1099 4826 1181 4867 cauea
1195 4812 1237 4868 vir
1250 4811 1360 4869 dimittit
1373 4828 1493 4877 uxorem,
1510 4813 1795 4874 velmulierrirumin

152 4901 181 4958 ita
190 4903 376 4977 accipiendum
392 4912 443 4972 εει,
461 4904 538 4976 quasi
561 4919 621 4959 eam
645 4903 790 4976 conjugato
813 4903 919 4958 dederit
936 4912 942 4949 τ
994 4898 1046 4955 boe
1060 4899 1163 4956 mando
1177 4910 1373 4967 remanentem,
1390 4900 1434 4957 vel
1447 4900 1564 4961 ἰοειεεεε
1575 4903 1610 4959 ad
1633 4903 1728 4963 illicita
1742 4906 1793 4964 mi·

150 4991 274 5051 uisitarte
289 4994 335 5050 illa
350 4993 449 5049 mulier
464 4998 492 5048 et
512 4991 633 5066 ingenua
656 4991 734 5056 lacta,
763 5000 789 5047 et
819 4991 943 5065 legitime
994 4988 1790 5068 grentam,quaestistaconveraio,inquaunaeademque

151 5080 238 5151 datam,
254 5090 281 5138 et
302 5080 421 5154 publicis
443 5080 543 5152 nuptiis
564 5082 708 5136 honestata
729 5079 861 5136 rideatur.
889 5082 943 5136 Pa·
993 5091 1057 5134 earo
1072 5085 1195 5150 exparte
1222 5078 1317 5132 transit
1330 5076 1367 5133 ad
1394 5077 1598 5151 continentiam,
1628 5090 1697 5140 etex
1711 5091 1789 5154 parte

151 5175 216 5228 terno
229 5171 341 5228 arbitrio
357 5169 424 5227 airis
436 5170 536 5239 junctae
551 5177 653 5234 carent,
665 5167 755 5238 culpa,
765 5169 788 5224 ai
803 5169 941 5236 mulieres,
991 5173 1083 5221 manet
1110 5164 1137 5221 in
1159 5163 1331 5238 pollutione?
1347 5165 1375 5221 Si
1403 5184 1470 5225 vero
1499 5170 1620 5242 utrisque
1645 5170 1789 5229 conveniat

150 5273 200 5329 qua
211 5276 227 5315 a
240 5259 306 5317 ciris
319 5259 505 5326 habebantur,
520 5258 548 5313 in
563 5257 735 5313 matrimonio
749 5273 805 5312 non
823 5256 939 5313 luerunt.
991 5254 1173 5310 continentem
1197 5254 1278 5309 vitam
1307 5253 1418 5323 ducere,
1438 5259 1491 5314 hoc
1518 5258 1578 5332 quis
1593 5258 1693 5316 audeat
1706 5275 1788 5316 eccu-

151 5343 241 5414 Quibus
256 5347 404 5405 sententiis
421 5347 562 5402 evidenter
583 5345 712 5411 ostendit,
737 5346 800 5416 quia
823 5353 886 5402 tuuc
901 5355 941 5402 est
991 5343 1074 5398 sare?
1089 5342 1198 5414 quando
1213 5351 1318 5399 certum
1334 5353 1385 5412 εει,
1402 5346 1786 5418 quiaomnipotensltominus

150 5449 204 5492 tera
216 5438 331 5512 legitimi
346 5435 469 5508 conjugii
479 5435 585 5506 capula,
596 5434 704 5506 quaudo
713 5434 784 5490 inter
795 5433 938 5507 ingenuas,
989 5429 1035 5503 qai
1048 5430 1155 5487 minora
1168 5433 1313 5498 concessit,
1330 5435 1433 5504 majora
1448 5451 1501 5491 non
1516 5435 1663 5507 probibuit.
1675 5438 1711 5493 Et
1725 5448 1788 5510 post

151 5524 247 5584 etinter
260 5526 358 5601 quales
381 5524 421 5591 fit,
446 5531 473 5579 et
496 5531 607 5595 patemo
629 5523 740 5579 arbitrio
760 5522 820 5580 viro
843 5524 941 5580 mulier
988 5519 1126 5592 aliquanta
1143 5537 1150 5576 τ
1166 5519 1194 5577 Si
1209 5535 1275 5578 vero
1303 5523 1507 5593 continentiam,
1531 5541 1613 5599 quara
1626 5526 1668 5585 air
1681 5527 1792 5600 appetit*

387 5641 510 5698 Parnon.
526 5639 649 5698 CXXVI.
1554 5651 1571 5704 5
