3826 6098
219 230 268 284 331
723 228 894 283 illNcilaitl
908 226 1108 282 RHEMENSIS
1124 224 1401 282 ARCHIEPISCOPI.
1812 232 1868 287 332

218 348 315 419 quibus
331 347 494 417 permissum
509 365 563 404 non
578 358 635 404 erat
649 348 826 420 coniungere,
842 351 1054 421 prooppres-A
1067 346 1135 401 locis
1158 347 1319 417 patriarcbae
1342 364 1358 402 a
1375 347 1493 403 nonullis
1524 356 1665 404 vocantur.
1690 347 1733 404 liii
1756 356 1867 423 autem,

217 434 340 490 sionibus
356 434 398 491 vel
422 436 558 505 injustitiis
574 437 629 492 suis
645 436 870 510 [confugiebantl,
887 438 1015 511 ipsosque
1065 434 1111 505 qui
1130 435 1157 488 in
1177 436 1321 505 metropoli
1336 451 1353 490 a
1368 436 1446 491 beato
1470 435 1560 503 Petro,
1584 436 1729 494 ordinante
1749 437 1868 494 Domino

216 523 390 595 appellabant
405 525 512 596 quoties
527 542 596 596 opus
618 533 687 592 erat,
705 526 774 582 sicut
789 526 815 581 in
846 526 908 599 lege
920 543 1015 584 eorum
1065 530 1091 577 et
1105 523 1308 594 praedecessore
1323 532 1415 580 nostro
1438 524 1568 596 praedicto
1591 532 1686 581 sancto
1713 525 1865 595 Clemente,

216 621 386 684 praeceptum
410 621 479 681 erat,
509 614 576 686 ipsis
604 630 713 687 quoque
741 615 768 670 in
792 615 945 671 civitatibus
972 615 1016 673 vel
1065 626 1138 666 seua
1153 612 1232 667 nobis
1247 613 1386 687 consaluti
1402 622 1473 681 sunt,
1497 630 1552 669 non
1566 629 1662 669 omnes
1675 613 1809 686 primates
1823 614 1867 671 vel

220 701 288 757 locis
300 701 386 757 nostri
400 701 570 773 patriarchas
588 703 631 759 vel
646 702 786 774 primates,
804 704 849 775 qui
864 720 946 759 unam
960 703 1016 760 ior·
1063 700 1225 772 patriarcha
1249 717 1310 758 esse
1334 693 1458 772 possunt.
1475 701 1528 758 Sed
1558 701 1611 758 illae
1625 702 1706 758 urbes
1721 720 1782 776 quae
1795 719 1868 775 prae·

215 803 289 845 mam
305 796 407 858 tenent,
420 789 599 848 licetdiversa
613 791 668 846 sint
682 793 806 860 nomina,
822 791 900 865 leges
916 792 1015 849 divinae
1064 786 1124 844 tatis
1134 795 1161 844 et
1170 790 1270 859 priscis
1285 791 1453 861 temporibus
1466 790 1610 862 primatum
1620 797 1744 860 tenuere,
1759 791 1867 849 archie-

216 885 242 933 et
264 877 458 935 ecclesiasticae
482 879 546 951 poni
570 887 597 936 et
622 895 683 936 esse
701 879 859 949 jusserunt,
880 880 916 935 ad
945 896 1014 953 quos
1062 877 1249 948 piscoporum,
1268 878 1495 946 Patriarcbarum,
1519 888 1564 934 aut
1585 879 1733 950 primatum
1755 879 1866 936 nomine

214 965 344 1038 episcopi,
364 966 387 1022 si
402 982 515 1023 neccsse
530 967 621 1035 fuerit,
643 966 835 1041 confregerant
849 985 952 1042 eosque
966 985 1015 1042 ap-
1063 963 1186 1020 truantur
1202 982 1209 1023 :
1226 966 1339 1037 reliqua
1366 983 1432 1022 vero
1447 967 1614 1039 metropoles
1640 967 1866 1040 archiepiscopo·

212 1053 356 1126 pellerent,
368 1063 394 1112 et
404 1055 456 1127 ipsi
467 1056 576 1113 nomino
587 1056 733 1127 primatum
741 1056 906 1126 fruerentur,
923 1066 1013 1115 etnon
1063 1065 1134 1117 rum,
1154 1058 1200 1104 tut
1212 1049 1498 1123 metropolitanorum.
1532 1057 1558 1107 et
1572 1067 1627 1108 non
1651 1052 1866 1123 patriarcharum

215 1142 261 1198 alii
285 1160 293 1198 :
318 1143 431 1216 reliquae
459 1159 525 1201 vero
546 1145 763 1216 metropolitane
787 1146 919 1214 civitates,
952 1163 1012 1218 quae
1063 1146 1109 1192 aut
1129 1138 1276 1209 primatum
1296 1148 1407 1197 utantur
1429 1139 1596 1206 nominibus,
1612 1140 1675 1212 quit
1689 1139 1749 1198 haet
1767 1141 1867 1197 eadem

212 1231 332 1288 minores
346 1231 452 1301 judices
475 1232 623 1299 habebant,
640 1232 706 1290 lices
726 1235 846 1304 majores
868 1235 1012 1292 comitibus
1062 1233 1089 1281 ei
1110 1225 1187 1298 leges
1206 1227 1299 1285 saeculi
1313 1228 1341 1282 in
1358 1228 1414 1284 suis
1433 1228 1571 1284 continent
1588 1228 1769 1301 principibus.
1798 1228 1866 1286 Alite

213 1328 314 1386 essent,
345 1320 474 1376 baberent
488 1320 712 1400 metropolitanos
727 1338 800 1389 suos,
817 1323 862 1395 qui
875 1324 1012 1395 praedietis
1062 1322 1151 1370 aulem
1173 1315 1269 1386 primae
1285 1316 1417 1384 civitates,
1445 1331 1512 1388 quas
1540 1316 1618 1373 vobis
1645 1317 1816 1389 conscriptes
1837 1317 1865 1374 in

210 1410 285 1478 juste
296 1408 439 1462 obedirent
452 1408 621 1480 primatibus
636 1410 706 1466 sicut
720 1411 784 1466 etin
798 1409 905 1484 legibus
919 1413 1012 1469 saeculi
1063 1403 1181 1474 qt10d³m
1209 1413 1282 1460 tomo
1305 1405 1436 1460 mittimus
1452 1446 1460 1476 ,
1477 1405 1610 1462 astutiis
1638 1404 1768 1478 apostobs
1797 1412 1825 1462 ei
1849 1421 1866 1462 a

211 1495 277 1551 olim
300 1496 456 1552 ordinatum
476 1505 544 1564 erat,
562 1498 606 1570 qui
630 1514 686 1554 non
710 1498 872 1571 primatum,
898 1502 948 1557 sed
967 1510 1012 1558 aut
1062 1491 1307 1561 beatoclemente‚
1324 1493 1864 1567 Sili1²11⁰bi⁵liii¹1¹i²¹e⁸iiiiiififflm⁸

210 1584 505 1656 metropolitanorum,
535 1593 581 1642 aut
615 1587 881 1659 archiepiscoporum
903 1589 1012 1645 nominc
1062 1589 1232 1651 acceperunt·
1249 1582 1314 1638 Haec
1335 1598 1401 1639 ter0
1416 1591 1591 1638 sacrosancta
1612 1583 1735 1638 Romana
1749 1591 1778 1639 et
1796 1598 1864 1657 apo·

210 1670 379 1728 interantur.
411 1674 446 1728 lit
473 1672 536 1730 licet
555 1675 671 1748 singulae
693 1677 859 1747 metropoles
887 1669 1155 1768 ciriratcsBstolica
1179 1669 1314 1738 Ecclesia,
1331 1686 1385 1726 non
1413 1671 1446 1725 δῖ)
1470 1670 1540 1738 aliis,
1558 1670 1608 1727 sed
1623 1670 1657 1726 ³1³
1672 1670 1732 1742 19⁵0
1747 1671 1864 1728 Domino

211 1776 274 1817 suas
307 1761 463 1834 provincias
503 1763 635 1834 habeant,
651 1771 678 1820 ei
702 1781 766 1820 suos
789 1766 1009 1837 metropolitanos
1061 1757 1201 1813 Salvatore
1215 1766 1308 1814 nostro
1322 1759 1469 1830 primatum
1483 1759 1607 1825 obtinuit,
1625 1757 1768 1830 sicutipse
1784 1759 1864 1816 beato

211 1849 314 1906 babere
329 1849 447 1906 debeant
462 1849 616 1924 episcopos,
636 1851 706 1908 sicut
719 1853 797 1925 prius
820 1855 1010 1927 meteopolita-
1061 1846 1142 1901 Pelso
1157 1847 1282 1917 tp0⁵¹010
1298 1847 1365 1902 dixit
1382 1865 1389 1903 ἰ
1408 1851 1446 1903 To
1471 1864 1500 1904 tt
1523 1851 1634 1915 Petite,
1652 1852 1680 1904 δί
1694 1849 1864 1921 intirim

215 1953 266 1994 nos
282 1938 391 2008 judices
415 1939 552 1995 habebant
578 1939 741 2007 saeculares,
758 1941 887 2013 primates
910 1952 1010 2012 tamen,
1060 1938 1171 2004 petram
1181 1935 1321 2004 oedt'ficttbv
1337 1937 1492 1994 Ecclesium
1501 1953 1630 1993 meam-²
1649 1935 1683 1991 Et
1692 1935 1862 2009 paulopost:

213 2034 242 2082 ut
255 2025 397 2098 praefixum
412 2035 461 2095 est,
479 2036 505 2084 et
520 2036 584 2085 tunc
598 2037 625 2084 et
638 2045 711 2086 nunc
725 2029 826 2086 babere
837 2031 922 2100 jussae
937 2040 1009 2099 sunt,
1063 2043 1074 2073 t
1092 2022 1182 2078 prim
1202 2039 1270 2095 01'80
1285 2024 1366 2080 sedes
1389 2033 1431 2081 esi
1454 2025 1559 2082 COEleSii
1587 2022 1720 2081 benefic&
1732 2024 1865 2083 limum

212 2116 247 2171 ad
272 2132 341 2188 quos
356 2124 418 2187 post
441 2117 535 2173 sedem
563 2116 741 2190 apostolicam
770 2136 874 2175 summa
900 2121 1011 2194 negotia
1060 2111 1202 2179 Ecclesia,
1227 2128 1331 2184 quam,
1365 2122 1394 2168 ui
1423 2122 1605 2170 memoratum
1625 2120 1685 2181 ²⁵¹,
1710 2113 1864 2171 beatissimi

214 2205 387 2272 conveniant,
405 2212 433 2259 ut
456 2205 557 2262 ibidem
583 2206 682 2279 quibus
704 2223 817 2263 necesse
838 2207 920 2264 luerit
937 2208 1010 2265 cele.
1061 2200 1156 2255 Petrus
1170 2208 1197 2254 et
1211 2200 1310 2257 Paulus
1320 2217 1369 2257 suo
1380 2203 1511 2274 martyrio
1520 2210 1723 2259 consecrarunt.
1735 2202 1863 2260 Secunda

212 2301 310 2350 ventur
351 2301 377 2348 et
394 2294 467 2363 juste
502 2296 700 2362 restituantur,
734 2303 761 2351 et
779 2296 807 2350 bi
837 2295 884 2369 qui
911 2297 1010 2367 injuste
1060 2295 1149 2343 autem
1166 2289 1246 2345 sedes
1261 2289 1333 2361 apud
1352 2290 1546 2347 Alexandriam
1566 2291 1639 2348 beati
1656 2291 1729 2349 Petri
1751 2291 1863 2348 nomine

212 2381 402 2452 opprimuntur
425 2381 497 2451 juste
524 2383 707 2440 reformentur
728 2392 809 2456 atque
846 2384 1008 2454 fulciantur,
1060 2377 1181 2435 allarco
1196 2379 1255 2447 ejus
1269 2378 1403 2450 discipulo
1418 2386 1500 2452 atque
1521 2379 1688 2453 evangelista
1702 2386 1863 2437 consecrata

214 2469 460 2541 episcoporumque
489 2485 580 2527 cause
607 2480 634 2527 et
663 2487 817 2529 surmorum
838 2473 1010 2545 negotiorum
1060 2472 1110 2534 est,
1136 2466 1198 2537 quia
1211 2466 1270 2537 ipse
1293 2475 1319 2522 et
1333 2467 1362 2522 in
1389 2469 1505 2541 AEgypto
1519 2468 1636 2540 primum
1657 2467 1772 2526 verbum
1787 2468 1862 2524 veri·

209 2556 322 2627 judicia,
351 2557 428 2614 salva
454 2558 705 2629 apostolicaesedis
729 2561 899 2630 auctoritato,
912 2562 1010 2632 justis·
1059 2552 1121 2608 iilis
1150 2553 1268 2610 directus
1295 2571 1312 2610 a
1339 2556 1420 2612 Petro
1446 2556 1624 2627 praedittvii‚
1655 2563 1683 2613 ti
1709 2555 1861 2630 fflOtiOSttffl

215 2644 283 2700 sime
320 2645 509 2705 terminentur,
535 2667 547 2698 i
573 2648 608 2704 Et
631 2647 658 2703 in
678 2649 757 2704 teriia
776 2650 891 2722 epistola
907 2668 944 2706 :i
969 2652 1010 2708 ne
1060 2642 1179 2714 suscepit
1201 2644 1372 2714 martyrium,
1390 2644 1434 2700 cui
1448 2643 1612 2701 venerabilis
1628 2644 1761 2702 successit
1776 2644 1861 2700 Habi-

212 2734 384 2806 primatibus,
411 2734 518 2807 iuquit,
548 2735 721 2804 charissimi,
738 2755 819 2810 super
841 2739 939 2811 quibus
966 2756 1010 2796 me
1058 2729 1120 2785 lius·
1145 2730 1238 2787 ‘feriit
1260 2747 1326 2788 V0r0
1355 2731 1436 2788 Sedes
1465 2732 1538 2803 almd
1561 2732 1740 2801 Assfi0⁰hi³mi
1756 2731 1786 2788 id
1808 2739 1859 2799 0⁵¹,

212 2823 322 2895 quidam
337 2832 457 2879 vestrum
473 2823 678 2895 consuluerunt,
695 2834 740 2881 aut
754 2826 777 2882 si
792 2844 853 2883 esse
868 2828 1009 2897 deberent,
1058 2817 1131 2873 betti
1146 2819 1217 2874 Petri
1231 2819 1363 2891 tp0810118
1387 2821 1502 2876 hibetur
1524 2821 1703 2888 honorabilis,
1729 2820 1796 2893 (luit
1808 2820 1863 2878 illic

191 2927 250 2989 ⁷au
274 2925 339 2981 non,
362 2920 494 2983 quantum
517 2913 648 2970 hactenus
669 2914 704 2970 de
725 2913 769 2970 his
791 2931 808 2970 a
830 2914 910 2972 beato
930 2917 1010 2973 Petro
1059 2906 1220 2979 Psiusqifflm
1243 2909 1358 2964 R0¹¹¹³¹¹¹
1382 2909 1487 2966 veniret
1512 2909 1651 2975 habiiavii·
1667 2916 1696 2966 ei
1724 2909 1862 2983 limium

210 2998 343 3072 apostolo,
360 3005 386 3054 et
396 3015 411 3053 a
421 3000 532 3072 reliquis
546 3001 688 3073 apostolis,
704 3009 758 3058 eta
776 3003 856 3060 beato
869 3003 1008 3062 Clemente
1060 2995 1220 3067 tpiswpttm
1235 2997 1383 3065 constituit,
1395 3005 1422 3053 ti
1432 2998 1488 3054 illic
1497 2998 1617 3069 primum
1629 2995 1730 3054 nomen
1739 2997 1861 3055 Christit

209 3094 303 3144 nostro
333 3095 426 3144 sancto
455 3088 659 3160 predecessore
687 3097 714 3146 et
732 3099 849 3163 martyre
883 3088 1009 3150 novimus
1024 3062 1156 3140 ΟΜΝΗ]
1170 3084 1285 3142 110tellae
1312 3087 1401 3158 geniis
1416 3094 1540 3143 emitum
1556 3094 1606 3143 esi·
1636 3085 1766 3161 Reliquit
1781 3102 1859 3159 vem,

209 3182 360 3244 statutum,
380 3176 519 3250 denegare
542 3177 620 3235 robis
647 3175 758 3234 minime
785 3195 944 3251 possumus.
974 3182 1009 3237 Et
1058 3179 1087 3227 ui
1113 3172 1299 3243 praediximus,
1323 3174 1352 3229 in
1367 3175 1485 3248 quodam
1512 3183 1595 3243 tome
1611 3175 1797 3247 pr⁰lititttem
1818 3175 1860 3232 Vi·

210 3263 271 3336 quis
286 3271 336 3332 est,
354 3264 401 3335 qui
415 3265 598 3338 querentibus
614 3265 743 3323 iratribus
758 3267 895 3343 denegare
921 3271 1008 3341 possit
1058 3267 1146 3317 tames
1173 3261 1306 3334 tpiSiOlaei
1323 3262 1403 3319 V0bi⁸
1431 3263 1601 3335 “inscriptis
1615 3264 1775 3321 direximus.
1792 3263 1857 3320 Inde

213 3351 405 3408 dubitationem
447 3353 491 3411 vel
533 3353 712 3411 necessitates
740 3357 869 3412 eorum?
905 3357 1006 3415 Sacer·
1057 3363 1176 3423 nmque
1190 3351 1301 3406 eibttii
1315 3351 1438 3424 Ap0810li
1452 3351 1523 3407 initi
1537 3368 1566 3408 ὅθ
1590 3359 1737 3408 milleium
1751 3360 1782 3408 ¹²²
1796 3351 1857 3424 epi-

187 3438 188 3441 ’
209 3440 311 3511 dotum,
323 3440 434 3510 tratres,
451 3441 519 3497 ordo
535 3441 678 3514 bipartitus
689 3452 739 3509 est,
756 3451 782 3501 et
796 3444 866 3501 sicut
875 3446 1006 3503 Dominus
1055 3437 1310 3512 ttopisingularum
1329 3439 1429 3497 scireut
1448 3440 1568 3513 gentium
1578 3440 1639 3513 quis
1653 3441 1725 3498 inter
1738 3455 1789 3497 eos
1798 3440 1855 3512 pri·

189 3528 285 3608 ‘iilum
309 3529 448 3586 constituti
464 3544 505 3600 ,a
532 3529 606 3586 nullo
634 3531 716 3588 debet
742 3533 906 3604 perturbari.
926 3534 1006 3592 scitis
1055 3540 1117 3581 mus
1132 3535 1214 3596 esset,
1230 3529 1578 3602 quatenusaoeumpocior
1594 3527 1856 3586 eorumsolticiuoo

208 3625 330 3673 autema
352 3617 468 3673 Domino
486 3618 624 3691 apostolos
640 3635 703 3676 csse
729 3621 831 3678 electos
853 3630 879 3678 et
906 3622 1005 3679 eonsti-
1055 3615 1214 3685 pertineret·
1243 3615 1315 3672 Nam
1328 3625 1355 3673 et
1367 3618 1438 3672 inter
1462 3618 1556 3674 beatos
1572 3617 1711 3692 apostolos
1730 3617 1855 3690 quaedam

208 3713 290 3774 tutos,
306 3713 332 3761 et
345 3714 441 3776 postea
467 3721 517 3777 per
532 3706 654 3764 diversas
682 3709 836 3779 prouincias
859 3709 895 3766 ad
909 3711 1006 3782 praedi-
1055 3701 1105 3758 suit
1119 3703 1258 3772 discretim
1284 3714 1310 3761 0²
1331 3705 1393 3762 litei
1417 3722 1513 3764 Omnes
1528 3714 1621 3764 esseni
1635 3705 1761 3778 ³P⁰⁸i⁰lii
1776 3706 1855 3763 Ρθῑω

207 3793 325 3850 candum
340 3793 494 3863 dispersos.
517 3794 584 3849 Cum
602 3809 669 3851 vero
687 3796 787 3851 messis
806 3806 927 3869 creperet
941 3814 1004 3869 ore·
1056 3799 1144 3848 tamen
1165 3807 1182 3849 a
1203 3793 1321 3850 D0min0
1348 3801 1390 3850 est
1413 3811 1586 3865 contessum,
1608 3803 1634 3852 et
1657 3794 1711 3866 ipsi
1733 3793 1809 3852 inter
1826 3809 1855 3851 se

188 3895 297 3953 lacere,
327 3879 424 3937 videns
455 3896 558 3952 paucos
578 3897 639 3938 esso
667 3883 807 3955 operarios
822 3926 829 3956 ,
846 3885 880 3940 ad
908 3901 1004 3943 eorum
1055 3879 1174 3951 idipsum
1197 3882 1362 3951 voluerunt,
1388 3891 1416 3939 1¹2
1443 3883 1555 3958 reliquis
1568 3883 1696 3940 0m¹¹ibu⁸
1722 3890 1856 3956 iil·aeeSSit

209 3967 393 4037 adjumentum
419 3968 592 4040 septuaginta
607 3970 672 4043 eligi
699 3972 829 4045 praecepit
843 3972 1002 4046 discipulos.
1055 3968 1194 4040 apostolis,
1217 3977 1244 4025 et
1277 3971 1394 4042 Cepbas,
1416 3971 1444 4027 id
1466 3980 1507 4029 est
1535 3979 1617 4044 caput
1641 3978 1667 4027 et
1689 3971 1855 4045 principium

211 4055 337 4126 Episcopi
345 4071 409 4111 voro
418 4055 526 4112 Domini
534 4058 886 4132 apostolorum,presbyteri
895 4078 1003 4135 quoque
1054 4064 1158 4113 teneret
1185 4058 1426 4132 apostolatusquia
1448 4068 1476 4117 et
1502 4059 1626 4116 eamdem
1653 4058 1781 4127 formam
1799 4058 1855 4117 suis

210 4143 384 4216 septuaginta
415 4143 610 4216 discipulorum
624 4145 714 4203 locum
742 4156 844 4205 tenent.
876 4151 1003 4222 Episcopi
1054 4146 1270 4213 successoribus,
1286 4157 1312 4203 et
1326 4148 1436 4220 reliquis
1459 4147 1590 4222 apostolis
1603 4148 1752 4205 tenendam
1766 4148 1855 4205 tradi-

208 4240 299 4287 autem
314 4248 369 4288 non
382 4232 411 4287 in
424 4233 546 4290 castellis
561 4242 607 4289 aut
616 4235 731 4291 modicis
742 4237 895 4294 civitatibus
903 4239 1004 4297 debent
1053 4233 1162 4291 derunt.
1176 4234 1211 4291 Et
1225 4251 1280 4292 non
1294 4237 1381 4293 solum
1394 4238 1447 4293 hoc
1468 4236 1496 4293 in
1517 4237 1596 4294 Novo
1622 4236 1799 4294 Testamenta
1812 4244 1854 4294 est

210 4320 347 4391 constitui,
373 4320 422 4377 sad
436 4321 591 4393 presbyteri
607 4339 656 4395 per
684 4325 798 4382 castella
825 4334 852 4383 et
880 4328 1003 4384 modicas
1054 4322 1237 4392 constitutum,
1249 4325 1390 4382 sedetiam
1405 4326 1432 4381 in
1445 4325 1536 4383 Veteri
1549 4325 1609 4381 tuit.
1627 4323 1706 4382 Unde
1722 4325 1854 4398 scriptum

208 4407 330 4465 civitates
349 4417 430 4482 atque
457 4410 536 4466 villas
559 4410 659 4467 debent
674 4413 708 4466 ab
731 4414 868 4487 episeopis
882 4416 1003 4472 ordinari
1017 4411 1043 4472 D
1056 4418 1096 4465 est
1108 4427 1114 4465 ι
1125 4412 1233 4483 lloyses
1243 4416 1371 4470 etilaron
1381 4416 1409 4470 in
1417 4413 1605 4471 sacerdotibus
1613 4414 1671 4483 eius
1682 4415 1773 4482 (Psoi.
1784 4415 1854 4485 xtn)

209 4498 324 4570 etponi,
354 4497 455 4571 singuli
468 4505 560 4553 tamen
587 4515 637 4570 per
650 4501 773 4573 singulos
801 4502 892 4560 titulos
921 4520 1003 4560 suos:
1054 4496 1084 4553 id
1098 4508 1148 4567 est,
1164 4501 1246 4572 primi
1261 4501 1330 4558 inter
1343 4518 1392 4558 eos
1407 4502 1522 4559 suerunt.
1538 4524 1549 4554 ›
1567 4501 1634 4558 Inde
1643 4518 1753 4558 sacrum
1765 4502 1854 4559 Nicat-

209 4594 234 4643 ct
263 4586 408 4658 episcopus
429 4601 484 4642 non
511 4586 545 4640 ab
573 4604 637 4657 uno,
654 4590 702 4645 sed
730 4605 746 4644 a
775 4590 900 4663 pluribus
925 4592 1006 4649 debet
1057 4603 1121 4642 num
1145 4588 1291 4645 concilium
1326 4591 1501 4661 paucioribus
1530 4589 1641 4664 quidem
1666 4590 1777 4660 verbis,
1805 4590 1853 4648 sed

208 4673 345 4746 episeopis
360 4673 492 4741 ordinari,
514 4682 541 4731 et
560 4683 588 4731 ut
602 4676 704 4734 dictum
719 4685 771 4746 est,
798 4695 853 4735 nou
867 4681 1004 4737 admodi·
1055 4690 1109 4730 non
1128 4676 1227 4733 minori
1242 4678 1398 4734 auctoritate
1418 4679 1538 4736 decrevit
1561 4679 1637 4751 (con,
1667 4679 1706 4751 6),
1720 4687 1854 4752 quatenus

206 4777 267 4818 cam
281 4756 428 4829 civitatem,
445 4779 480 4818 ne
501 4763 612 4820 vilescat
626 4780 725 4823 nomen
748 4768 879 4839 episcopi,
896 4777 942 4824 aut
956 4769 1005 4825 ali·
1057 4764 1198 4836 «antiqua
1219 4767 1405 4835 consuetudo,
1431 4767 1533 4824 scilcet
1555 4784 1615 4839 quae
1638 4768 1711 4838 apud
1730 4767 1856 4825 ethnicos

206 4849 277 4916 cubi,
307 4850 357 4905 sed
383 4850 418 4906 ad
444 4852 635 4908 honorabilem
665 4855 762 4910 urbem
795 4855 961 4926 titulandus,
978 4866 1005 4915 et
1054 4859 1156 4908 statuta
1174 4853 1272 4922 lucrat,
1292 4863 1319 4911 et
1333 4856 1481 4927 apostolica
1495 4864 1538 4913 est
1556 4864 1650 4928 postea
1661 4857 1855 4914 constitutione

204 4937 489 4995 denominandusest:
506 4942 650 5013 presbyter
665 4959 730 4999 vero
741 4943 776 4998 ad
787 4943 1004 5018 qualemcunque
1053 4939 1169 5009 firmate,
1186 4950 1358 5012 servaturus
1372 4943 1726 5018 Alexandrinnsepiscopus
1742 4960 1856 5001 suornm

204 5026 294 5082 locum
314 5026 357 5083 vel
385 5026 530 5084 ecelesiam
557 5029 584 5085 in
610 5044 643 5086 eo
666 5030 839 5087 constitutam
854 5039 895 5089 est
909 5033 1002 5105 praeli-
1053 5029 1173 5086 omnium
1201 5031 1300 5088 babeat
1322 5033 1573 5105 potestatem,quia
1599 5041 1627 5090 et
1654 5032 1731 5089 urbis
1760 5034 1854 5090 Rome

203 5115 327 5186 ciendos,
354 5124 436 5189 atque
456 5117 484 5173 in
506 5134 537 5175 ea
563 5117 662 5172 diebus
686 5117 747 5173 vitra
777 5136 832 5177 suae
850 5121 1002 5180 durandus.
1052 5117 1182 5191 episcopo
1202 5121 1295 5191 parilis
1311 5136 1371 5177 mos
1386 5129 1437 5176 cst.
1462 5120 1589 5178 Similiter
1611 5129 1639 5177 et
1657 5121 1730 5193 apud
1754 5121 1854 5177 Antio·

203 5204 327 5276 implius
356 5221 438 5276 quam
461 5206 506 5262 isti
536 5205 590 5261 duo
614 5205 725 5262 ordines
750 5209 930 5281 sacerdotum,
951 5228 1003 5269 nec
1052 5206 1318 5282 obiamcaetcrasque
1331 5209 1855 5282 provinciassuisprivileqiaserventur

204 5293 283 5347 nobis
307 5294 396 5350 abeo
425 5293 516 5350 collati
535 5303 606 5360 sont,
631 5310 682 5352 nec
709 5298 824 5368 apostoli
843 5299 999 5357 docueruut.
1051 5289 1192 5352 Ecclesiii·

204 5380 399 5452 Episcoporum
416 5398 482 5439 vero
496 5382 565 5438 ordo
581 5399 651 5438 unus
662 5391 713 5454 est,
728 5384 791 5442 licet
805 5387 859 5443 sint
872 5389 1001 5462 primates
1086 5394 1134 5450 llis
1150 5403 1240 5451 autem
1262 5395 1461 5466 pretermissis,
1479 5397 1528 5453 sed
1543 5403 1571 5453 et
1597 5411 1658 5469 quae
1671 5395 1854 5469 Zephyrimos

202 5466 243 5526 illi
257 5467 303 5540 qui
315 5470 418 5542 primas
433 5468 554 5529 civitates
568 5475 671 5544 tenent,
692 5474 738 5547 qui
753 5483 779 5533 et
794 5474 822 5532 in
837 5476 1001 5550 quibusdam
1051 5481 1171 5544 decrevit
1181 5485 1273 5557 (epist.
1289 5485 1327 5557 t),
1338 5493 1368 5542 ut
1383 5484 1496 5557 quilibet
1511 5486 1657 5560 episcopus
1678 5495 1854 5547 accusatust
