3794 6104
159 175 208 231 cat
549 169 720 228 moltam
733 168 934 225 RHEMENSIS
948 167 1222 226 auoiiineiscoei.
1755 175 1806 230 6³2

160 313 257 355 sensus
272 294 467 351 absolvitNon
483 292 554 349 enim
569 293 672 349 cumen
687 292 826 358 minuitur,
841 292 889 348 sed
910 308 953 347 ro·
967 292 1091 354 Atribus
1114 292 1300 364 promulgatas
1332 292 1473 361 habemus,
1499 307 1555 348 non
1595 292 1728 349 debemus
1755 308 1804 348 no-

159 384 287 451 boreselt,
303 400 365 439 cum
379 383 508 456 generale
522 380 550 435 frt
566 398 599 436 ex
609 382 723 452 privato.
734 380 871 436 lloceuim
881 382 955 435 Deus
1007 397 1071 436 vum
1084 381 1153 436 inire
1169 389 1321 447 tractatum,
1335 381 1378 436 vel
1401 397 1502 437 norum
1527 389 1688 452 exspectare
1713 382 1806 437 consi-

158 472 279 530 omnium
290 471 431 541 judicavit,
449 471 493 541 qui
508 478 681 540 peccatorem
692 468 821 523 mundum
832 469 956 537 generali
1004 468 1081 524 lium.

160 560 263 616 diluvio
278 559 423 615 interemit.
440 560 474 612 Et
488 558 530 611 bis
546 558 640 612 beatus
655 557 780 612 Gelasius
796 556 914 612 concinit
928 555 956 610 in
1043 559 1114 626 (iic.
1130 573 1165 611 nv
1175 573 1249 630 cap,
1260 573 1285 613 c.
1298 559 1355 627 bl.)
1366 558 1424 614 Nec
1435 558 1516 613 etiam
1528 558 1623 614 sedem
1630 558 1807 629 apostolicam

160 648 278 704 decretis
306 647 384 701 suis:
410 647 478 701 sicut
501 644 645 700 manifeste
668 661 700 699 ex
723 645 781 713 ejus
801 644 890 699 uerbis
913 644 957 698 bic
1006 645 1034 699 in
1048 646 1211 716 requirendo
1225 645 1387 716 inquietare,
1404 646 1474 701 sicut
1488 646 1516 701 S.
1534 646 1712 702 Innocentius
1738 648 1804 701 scri·

159 751 267 807 possem
283 735 433 801 ostendere,
464 735 486 790 si
509 733 691 806 prolixitatem
715 749 770 787 non
794 733 954 788 devitarem.
1006 733 1074 788 bens
1084 733 1118 787 ad
1126 734 1286 789 llacedones
1297 735 1442 804 episcopos
1452 734 1517 789 dicit
1529 736 1624 807 (epist.
1631 735 1699 804 tlt:
1714 756 1727 785 e
1740 734 1804 789 Cum

164 841 370 914 conclusioque
381 845 557 896 monstratur
566 840 759 895 nonobstante
768 839 958 911 appellatione
1008 821 1115 893 88ΡῘΠΒι
1133 821 1227 893 i¹¹‘lllib
1245 822 1330 891 repeti
1346 821 1473 876 fecissem
1487 822 1564 894 (quin
1580 822 1687 893 *mim
1708 825 1805 889 veura)

376 913 448 983 ferri
461 927 540 983 posse
555 911 738 965 senteutiam.
1008 909 1111 964 adverti
1127 909 1185 963 sedi
1199 910 1365 979 apostolica,
1380 910 1415 964 ad
1434 925 1516 981 quam
1539 910 1646 975 relatio,
1672 910 1749 981 quasi
1772 911 1804 964 ad

194 1011 258 1066 Haea
273 1008 361 1064 omnia
378 1008 569 1078 suprascripta,
587 1016 615 1062 ut
639 1023 711 1077 sape
734 1004 957 1068 commemorari,
1008 1005 1087 1067 caput
1101 997 1296 1062 Ecclesiarum,
1312 998 1395 1051 missa
1420 998 1558 1064 currebat,
1584 996 1645 1054 fieri
1669 998 1802 1066 iniuriam,

160 1092 216 1155 riou
236 1112 319 1153 eausa
343 1112 463 1150 mearum
487 1095 655 1163 injuriarum,
682 1094 730 1148 sed
761 1092 959 1148 evindicatione
1009 1085 1085 1154 cuins
1107 1084 1196 1139 adbuc
1219 1085 1246 1138 in
1270 1085 1430 1157 ambiguum
1453 1086 1587 1141 sententia
1616 1086 1801 1141 duceretur.»

159 1185 297 1259 dignitatis
312 1184 377 1238 mihi
393 1183 547 1239 commissae
561 1181 728 1251 metropolis,
745 1188 839 1235 eontra
851 1179 959 1233 fratrem
1009 1173 1043 1227 Et
1057 1173 1093 1227 cd
1108 1171 1224 1227 Felicem
1240 1173 1425 1227 Nucerianum
1449 1173 1608 1244 episcopum
1641 1173 1736 1245 (epi-tl·
1751 1173 1803 1245 3)2

160 1273 335 1329 gissemarum
349 1270 476 1326 contexui
491 1287 498 1322 :
514 1285 565 1323 nnn
580 1284 674 1324 ὅπως
698 1268 774 1340 ingen
799 1275 825 1322 nt
849 1266 960 1338 nngnlns
1012 1281 1023 1310 r
1041 1259 1197 1330 Stupuimus
1211 1260 1370 1331 prudentem
1385 1260 1473 1315 virum
1487 1261 1522 1315 de
1537 1260 1579 1315 bis
1599 1260 1721 1316 uoluisse
1744 1276 1805 1316 oon-

91 1412 94 1419 .
160 1360 260 1431 collegi
274 1359 407 1415 adversus
424 1373 486 1412 eum
500 1357 527 1410 in
551 1356 640 1411 causis
662 1355 780 1426 propriis
803 1352 960 1408 intentando
1010 1348 1109 1412 tulere,
1126 1364 1186 1420 (11¹ae
1200 1348 1326 1403 Omnibus
1338 1356 1401 1402 ⁵111ss
1414 1355 1489 1404 cert&
1503 1348 1608 1403 talione
1622 1357 1803 1419 mutilem-⁸
1861 1393 1866 1398 -

161 1449 299 1519 iudicium,
318 1445 366 1499 sed
377 1444 546 1500 ostendendo
563 1443 728 1515 qualitatem,
738 1459 769 1497 ac
788 1443 961 1512 quantitatem
1011 1436 1045 1490 Et
1059 1435 1087 1489 S.
1103 1436 1225 1490 Zosimus
1240 1437 1332 1508 (epist.
1351 1437 1378 1506 i)
1395 1454 1402 1490 :
1421 1457 1431 1484 ι
1445 1436 1517 1492 Sciat
1527 1436 1652 1508 quisquis
1662 1437 1725 1501 hoc,
1736 1445 1875 1507 90⁵²·—

159 1549 273 1592 auorum
287 1548 457 1598 excessuum,
475 1539 501 1585 et
511 1548 630 1586 mearum
646 1530 904 1587 commonitionuum
917 1548 923 1595 ;
936 1537 963 1585 et
1010 1523 1097 1593 posita
1112 1524 1230 1588 Falsum,
1250 1531 1276 1578 tl
1297 1524 1452 1594 89081011022
1476 1524 1548 1579 sedit
1573 1524 1734 1579 ὃῑῐθῐθῑῑῑᾶῑθ
1757 1540 1788 1580 ΰθ

160 1622 259 1696 quibus
273 1636 306 1677 nn
320 1621 426 1692 qnnntis
455 1619 690 1675 constitutionibus
717 1618 884 1689 pertinacem
913 1618 961 1672 οι)-
975 1611 1138 1700 Bglexerit,
1154 1612 1261 1666 anobis
1275 1612 1422 1668 districtius
1434 1613 1621 1681 judicandum,
1646 1620 1674 1667 et
1693 1612 1746 1668 loci
1769 1614 1816 1668 sui
1874 1646 1897 1668 a

157 1709 224 1780 jnnit
238 1715 431 1778 contemptum.
455 1708 550 1762 Vestra
570 1723 636 1762 vero
658 1708 716 1761 Deo
740 1706 839 1776 placita
861 1704 959 1760 uuani—
1013 1699 1122 1753 minime
1137 1699 1241 1754 dubitet
1256 1699 1307 1754 sibi
1322 1715 1376 1755 non
1395 1707 1520 1756 constare
1544 1701 1687 1768 rationem,
1712 1700 1736 1754 si
1757 1701 1866 1757 hom
1894 1740 1897 1755 .

161 1797 253 1862 miras,
269 1811 362 1852 coram
377 1811 406 1850 se
431 1795 540 1850 recitata
561 1794 684 1864 vigilanti
715 1793 852 1849 discernat
874 1793 960 1847 libra·
1009 1794 1084 1857 putat
1099 1795 1160 1856 post
1176 1795 1214 1841 tot
1238 1787 1437 1857 prohibitiones
1460 1788 1571 1858 impune
1592 1802 1676 1858 posse
1699 1789 1793 1844 tentari
1829 1795 1891 1850 ir

161 1885 235 1941 mine
252 1901 258 1937 :
275 1884 339 1955 quia
353 1883 416 1938 lieet
432 1882 618 1937 sacerdotibus
634 1897 752 1937 canones
768 1882 896 1952 ignorare
906 1896 960 1935 non
1011 1874 1186 1930 Contumelia
1208 1876 1279 1929 enim
1302 1876 1391 1931 studio
1409 1873 1447 1943 iit,
1473 1875 1604 1946 quidquid
1637 1875 1779 1932 interdictu
1786 1902 1897 1929 ·····

161 1972 258 2036 liceat;
271 1971 355 2026 leuior
370 1978 460 2025 tamen
475 1969 561 2026 fuerat
576 1986 662 2034 error,
678 1970 700 2023 si
716 1986 765 2040 per
780 1969 961 2041 ignorantiam
1011 1963 1091 2018 toties
1106 1969 1260 2033 usurpatur.
1280 1984 1291 2012 i
1313 1963 1347 2017 Et
1371 1962 1399 2018 S.
1426 1963 1589 2019 Coelestinus
1612 1965 1709 2036 (epist.
1735 1966 1782 2032 ll)

163 2059 332 2132 deliquisset,
343 2073 424 2130 quarn
438 2075 519 2124 nune,
537 2058 598 2130 qnia
613 2058 703 2114 sciens
718 2067 745 2111 et
767 2057 888 2128 prudens
912 2072 961 2111 ex·
1014 2071 1024 2101 ι
1043 2049 1111 2118 Qttae
1125 2050 1196 2104 enim
1210 2066 1224 2103 ³
1239 2050 1318 2105 nobis
1333 2067 1378 2106 res
1393 2051 1477 2122 didita
1490 2051 1657 2118 servabitur,
1673 2051 1697 2106 Si
1712 2052 1825 2108 decre-
1851 2077 1891 2109 τ·

82 2156 87 2165 ’
163 2147 276 2206 consilio
292 2154 318 2201 et
333 2147 423 2201 studio
435 2160 575 2200 sacrarum
591 2145 748 2217 regularum
764 2162 813 2216 per
827 2152 962 2200 contuma-
1012 2138 1105 2193 lelium
1120 2154 1214 2192 norma
1238 2138 1455 2205 constitutorum,
1477 2154 1526 2209 pro
1545 2139 1700 2210 aliquorum
1720 2139 1887 2209 licium,

163 2235 233 2292 cium
247 2242 436 2306 transgressor
450 2233 549 2299 existit,
566 2249 679 2304 quarum
694 2234 846 2288 custodiam
861 2241 887 2287 et
914 2233 963 2287 ob·
1012 2224 1118 2281 licentia
1129 2224 1236 2296 populis
1244 2225 1377 2295 permissa
1386 2225 1547 2298 frangatur?
1560 2226 1615 2280 »iit
1625 2226 1689 2281 item
1701 2227 1790 2297 (ibid.)
1802 2244 1886 2286 a:

165 2323 345 2379 tertationem
364 2320 533 2391 professione
562 2335 595 2375 ac
618 2320 813 2391 subscriptione
838 2335 887 2374 sua
913 2319 962 2375 fir-
1015 2335 1026 2364 t
1044 2313 1196 2383 Quaeenim
1211 2312 1475 2369 ⁵01³8dm0ssil101158
1490 2315 1653 2370 auctoritate
1671 2330 1728 2369 non
1745 2330 1883 2372 001-··

165 2409 257 2466 mavit.
273 2407 380 2479 Duplici
395 2424 463 2481 ergo
478 2415 554 2464 reatu
569 2415 677 2462 tenetur
690 2409 835 2473 astrictust
853 2409 962 2479 quinon
1013 2401 1305 2473 rigimus,necesseest
1315 2418 1364 2472 per
1374 2401 1544 2457 severitatem
1554 2410 1756 2474 congruentem
1766 2419 1881 2459 effi·

166 2497 253 2554 solum
269 2505 362 2553 contra
376 2496 572 2553 venerabilium
587 2497 708 2560 Patrum,
721 2497 857 2551 sedetiam
869 2504 963 2552 contra
1013 2489 1084 2559 ffttlit
1098 2489 1275 2544 vindicemus·
1289 2489 1346 2544 ’El
1356 2490 1431 2558 (Leo,
1444 2506 1487 2562 ep.
1500 2493 1527 2559 l)
1539 2507 1546 2544 ²
1559 2511 1570 2540 e
1583 2491 1751 2546 1d0⁰0m¹¹i⁸
1762 2492 1879 2547 (ῘΞ-

165 2601 215 2643 eua
235 2585 343 2642 venisse
364 2585 474 2641 decreta
497 2593 598 2641 temere
631 2585 832 2655 comprobatur.
867 2586 963 2642 Utrum
1013 2576 1123 2633 cretalia
1139 2578 1282 2632 constituta
1295 2585 1351 2632 tam
1365 2578 1452 2632 beata
1468 2577 1663 2634 recordationis
1678 2580 1877 2635 lancee:-

167 2673 250 2746 igitur
273 2675 331 2728 Deo
351 2673 441 2728 medio
464 2673 569 2742 prolata
594 2673 737 2738 sententia,
771 2688 832 2727 eum
864 2672 964 2727 debeat
1014 2664 1052 2734 tii,
1068 2680 1149 2737 quarn
1163 2666 1283 2721 omnium
1297 2665 1475 2721 decessorum
1497 2674 1657 2721 nostrorum
1685 2684 1748 2737 quae
1774 2667 1873 2723 fle

166 2761 335 2833 percelleret
351 2776 386 2815 an
399 2761 534 2815 veraciter
548 2768 802 2833 recognoscentem,
823 2768 849 2814 et
873 2760 963 2814 humi·
1014 2753 1379 2822 ecclesiasticisordinibus,
1413 2762 1449 2817 et,
1488 2770 1623 2810 canonum
1638 2755 1870 2827 promulgas-r

165 2848 229 2902 liter
243 2847 440 2918 supplicantem
454 2847 606 2912 absolvere,
623 2845 706 2902 salvis
721 2856 878 2903 sanctorum
899 2863 965 2903 con·
1015 2848 1077 2895 sunl
1090 2841 1252 2912 ditciplitti&
1270 2842 1308 2897 itt
1336 2857 1353 2897 a
1380 2851 1472 2897 vestra
1500 2842 1648 2919 dilectione
1677 2844 1805 2899 custodi.
1831 2844 1869 2898 ‘ri

167 2933 287 2990 ciliorum
303 2934 419 2996 statutis,
435 2941 462 2988 et
477 2935 633 3004 apostolica
657 2936 731 2989 sedis
753 2933 910 3006 pontificum
930 2951 963 2991 ex
1014 2929 1115 2984 debere
1129 2929 1290 2984 mandamus
1306 2948 1312 2984 ι
1328 2937 1365 2996 ιιι,
1390 2929 1413 2985 si
1434 2929 1494 3001 quis
1518 2930 1545 2984 iu
1566 2929 1613 2985 illa
1632 2931 1866 2999 commiserfit,

166 3020 270 3078 eisdem
284 3021 369 3076 sacris
382 3021 530 3076 canonibus
551 3021 737 3092 promulgatis,
768 3031 794 3076 et
822 3030 963 3080 reservato
1012 3018 1118 3073 ueniam
1133 3017 1183 3071 sibi
1196 3017 1325 3088 deinceps
1340 3018 1444 3073 noverit
1454 3018 1596 3090 denegari.
1618 3019 1675 3074 »itt
1684 3019 1864 3075 Gelasitu

167 3109 324 3181 peremnia
338 3109 434 3179 primae
449 3116 475 3163 et
490 3109 646 3179 apostolicae
661 3110 734 3164 sedis
749 3110 902 3183 privilegio,
929 3126 962 3167 ae
1012 3122 1055 3178 tit·
1072 3106 1117 3175 tl)
1132 3123 1138 3160 τ
1156 3129 1167 3153 t
1186 3104 1255 3160 Salis
1270 3105 1412 3178 indignum
1427 3114 1477 3172 0⁵1,
1495 3122 1660 3179 quemdum
1675 3106 1721 3163 tel
1742 3123 1863 3178 1³0¹·

86 3210 89 3215 ·
167 3197 333 3253 Rhemorum
344 3197 501 3267 metropolis
512 3197 573 3265 jure
589 3214 595 3251 :
614 3199 686 3268 quod
701 3214 734 3258 ex
748 3214 793 3253 me
818 3206 869 3265 est,
892 3213 961 3254 con·
1011 3192 1120 3257 tificem,
1141 3194 1185 3249 vel
1207 3194 1334 3249 ordinum
1358 3194 1592 3265 subsequentium,
1618 3196 1691 3252 banc
1711 3196 1799 3251 obse
1818 3214 1861 3251 1-

161 3283 234 3352 ailio,
251 3292 278 3340 et
288 3285 391 3354 judicio
406 3294 504 3341 vestrae
518 3285 703 3340 unanimitatis
727 3287 885 3342 committo:
909 3302 961 3357 pro
1011 3281 1127 3336 cantiam
1143 3281 1270 3349 refutare,
1287 3299 1368 3353 quam
1381 3283 1410 3336 lt.
1427 3282 1500 3338 Petri
1515 3282 1609 3338 sedem
1625 3283 1717 3340 videat
1741 3285 1774 3339 ed
1791 3301 1860 3340 ‹i-

158 3371 270 3429 modulo
283 3388 344 3428 meo
362 3389 479 3445 sequens
493 3373 609 3428 dictati.
626 3373 763 3429 Coelestini
778 3374 813 3429 ad
833 3374 960 3444 Cyrillum
1010 3385 1072 3425 cere
1089 3387 1095 3422 z
1113 3369 1233 3441 satisque
1247 3371 1412 3426 conveniens
1427 3370 1470 3439 sit,
1486 3378 1515 3425 ut
1529 3378 1611 3426 totum
1628 3387 1731 3444 corpus
1754 3372 1806 3427 i:
1821 3389 1859 3429 c·

160 3459 319 3532 episcopum
335 3461 369 3515 de
379 3461 507 3516 Nestorio
517 3460 678 3530 (Caelestia,
691 3477 734 3533 ap.
756 3465 799 3527 io,
811 3462 883 3532 apud
909 3463 961 3517 Ba·
1010 3456 1102 3513 alesia
1117 3457 1143 3511 in
1158 3458 1207 3513 bac
1222 3458 1329 3514 sibimet
1343 3458 1534 3514 observatione
1549 3459 1711 3525 concordet,
1729 3476 1859 3532 quam

165 3562 227 3603 ron.
243 3563 291 3603 ac.
309 3549 372 3619 tat)
389 3565 395 3601 :
414 3569 425 3598 r
443 3548 557 3614 Studeo,
572 3547 669 3620 inquit,
694 3549 776 3621 quieti
809 3549 958 3615 catholica,
1010 3544 1065 3600 illic
1079 3545 1174 3617 rigere
1188 3545 1346 3616 conspiciat,
1363 3547 1409 3600 ubi
1423 3547 1555 3601 Dominus
1571 3547 1706 3604 Ecclesia
1729 3548 1858 3605 totins

144 3635 260 3704 ¹studeo
276 3635 413 3706 pereuntis
426 3636 514 3704 saluti,
531 3636 554 3691 si
569 3643 658 3691 tamen
681 3637 795 3691 uoluerit
816 3636 959 3709 agritudi-
1009 3633 1100 3703 posuit
1114 3633 1304 3703 principatum.
1322 3655 1333 3683 ι
1351 3635 1386 3689 iit
1413 3634 1501 3690 item:
1533 3657 1544 3684 ι
1575 3635 1638 3690 Non
1665 3651 1737 3706 opus
1761 3635 1858 3691 tuit

161 3736 225 3778 nem
239 3721 372 3779 confiteri.
385 3722 464 3791 Quod
475 3724 536 3778 ideo
553 3724 679 3790 dicimus,
695 3741 729 3779 ne
752 3725 852 3779 volenti
872 3725 960 3780 corri-
1010 3736 1081 3777 nova
1095 3720 1219 3791 synodot
1234 3737 1296 3777 cum
1310 3722 1409 3777 veteris
1423 3722 1562 3778 constituti
1575 3721 1858 3780 sufficientem—,ee

160 3825 228 3883 gere
242 3809 291 3881 [nt.
316 3827 346 3866 se
369 3810 530 3883 corrigeret
556 3811 667 3867 forsitan
692 3813 789 3867 deesse
803 3812 955 3867 uideamur.
1008 3807 1093 3863 forma
1108 3808 1306 3879 praescriberet.
1321 3831 1332 3859 »
1349 3810 1385 3865 Et
1393 3811 1473 3865 item:
1495 3832 1506 3861 ι
1529 3811 1679 3883 Nunquam
1693 3811 1797 3868 cessi
1818 3826 1858 3866 sse

161 3896 232 3952 Nam
247 3897 270 3950 si
285 3904 311 3950 et
326 3897 404 3951 nobis
427 3896 488 3968 [nl.,
518 3898 568 3952 etsi
598 3908 624 3952 et
647 3897 735 3970 nobis]
765 3899 959 3954 sustinentibus
1008 3895 1180 3952 manifestum
1205 3905 1256 3962 est,
1279 3897 1399 3968 qualibet
1422 3899 1586 3955 necessitate
1610 3907 1738 3973 cogente,
1786 3915 1857 3955 :io

161 3997 251 4050 uvam,
268 3983 361 4053 spinas
376 3983 427 4037 sibi
442 3984 584 4048 addiderit,
605 3985 749 4054 impleatur
775 3987 956 4055 manentibus,
1008 3985 1086 4052 viter,
1102 4001 1162 4055 quae
1177 3984 1286 4040 fuerant
1302 3986 1610 4054 salubriterconstituta,
1621 3996 1753 4044 temerass
1764 4005 1855 4044 Q.»

164 4068 271 4124 statutis
284 4069 422 4139 prioribus
449 4071 489 4125 sui
505 4071 591 4127 fructu
612 4072 715 4140 judicii,
748 4074 858 4144 colligat
885 4076 957 4145 quod
1006 4074 1041 4127 Et
1054 4073 1082 4128 S.
1100 4072 1249 4144 Gregorius
1264 4074 1299 4127 ad
1310 4074 1437 4144 Sergium
1447 4074 1621 4132 defensorem
1632 4077 1729 4149 (epist.
1744 4080 1792 4130 Ι.
1820 4074 1856 4145 t):

163 4155 239 4212 sulco
254 4156 389 4212 diabolico
405 4159 556 4224 seminarit,
573 4175 628 4215 non
641 4169 735 4216 nostro
759 4161 882 4228 consilio,
909 4163 957 4217 sed
1008 4159 1064 4216 «Si
1086 4161 1168 4215 homo
1196 4177 1283 4227 esses,
1308 4170 1351 4216 aut
1376 4163 1495 4233 aliquam
1517 4162 1716 4220 districtionem
1739 4163 1850 4236 [nl.,

161 4258 192 4300 se
206 4243 344 4314 periturus
359 4254 479 4301 auctore.
496 4247 595 4302 l’robat
619 4247 679 4320 [nl.,
700 4249 808 4321 probati
833 4265 883 4304 nos
906 4267 955 4306 ve·
1011 4247 1214 4320 discretionem]
1244 4249 1394 4315 habuisses,
1423 4250 1459 4304 ita
1486 4250 1620 4323 regularis
1659 4251 1856 4322 discipline

158 4331 234 4388 locas
247 4332 332 4403 pedes
356 4332 390 4387 ad
416 4332 609 4389 effundendum
638 4337 800 4408 sanguinem
827 4353 880 4392 non
909 4340 960 4392 lia·
975 4329 1258 4393 Ddebuissescnstos
1273 4338 1399 4404 existere,
1427 4346 1457 4393 nt
1484 4354 1516 4393 ca
1543 4354 1604 4411 quae
1633 4338 1689 4396 illic
1715 4339 1748 4394 ill
1764 4336 1856 4392 ieita

159 4418 235 4487 bere,
251 4421 360 4492 quando
376 4421 427 4475 sibi
442 4422 521 4476 etiam
539 4423 687 4478 remedium
709 4433 857 4496 cognoscat
881 4426 959 4480 obla·
1009 4423 1222 4489 committuntur,
1251 4433 1313 4478 ante
1341 4424 1459 4479 vindicta
1486 4424 1648 4495 corrigeret,
1677 4420 1855 4498 quemad

160 4515 226 4563 tum.
247 4508 376 4565 »Ethaec
392 4510 452 4564 dico
467 4526 521 4565 non
536 4511 716 4581 praejudicans
732 4521 828 4567 vestrm
852 4513 958 4569 delibe—
1008 4525 1059 4566 nos
1075 4526 1170 4566 eorum
1186 4511 1297 4566 nuntius
1324 4512 1517 4582 perveniret.»
1548 4512 1581 4567 Et
1609 4521 1671 4584 post
1698 4523 1854 4584 pauca:

158 4595 266 4660 rationi,
281 4605 371 4651 utrum
382 4598 458 4665 juxta
473 4599 530 4653 lxaee
547 4600 574 4652 u.
596 4599 734 4654 Caelestini
760 4602 842 4657 verba
875 4617 957 4657 vera·
1010 4598 1109 4653 «Nam
1124 4599 1282 4671 siquolibet
1297 4600 1379 4655 modo
1394 4601 1422 4653 in
1443 4601 1493 4656 hac
1520 4616 1549 4656 re
1578 4601 1733 4673 negligens,
1821 4593 1855 4648 tel

159 4682 227 4740 citer
240 4700 451 4755 recognoscens,
468 4694 494 4740 et
509 4686 646 4742 humiliter
660 4688 823 4758 supplicans,
833 4689 956 4755 absolvit
1005 4686 1095 4741 lentus
1109 4687 1253 4757 exstiteris,
1269 4687 1307 4742 ita
1325 4688 1354 4741 in
1367 4696 1393 4743 te
1417 4687 1621 4744 districtissime
1632 4676 1781 4745 coieris
1807 4681 1857 4736 tlt·

158 4785 194 4825 an
208 4786 257 4840 pro
272 4779 327 4826 tam
342 4773 446 4827 diutina
469 4773 600 4844 pertinaci
618 4775 646 4829 in
669 4785 823 4847 contemptu
846 4785 956 4832 sancta·
1006 4774 1161 4839 dicandum,
1177 4783 1206 4830 ut
1221 4775 1294 4846 quod
1308 4791 1342 4829 cx
1365 4783 1392 4831 te
1415 4775 1515 4842 nescis,
1540 4792 1623 4847 poena
1647 4777 1738 4848 possis
1819 4783 1856 4821 St·

158 4859 387 4930 rumregularum
411 4862 600 4931 permansione
623 4862 721 4918 debeat
742 4864 862 4932 percelli.
887 4863 956 4932 Quia
1006 4869 1084 4916 cante
1113 4861 1173 4932 [nl.,
1205 4861 1356 4934 reserante]
1384 4877 1594 4934 cognoscere.»
1624 4865 1658 4919 Et
1691 4864 1858 4920 dormiat

158 4943 264 5001 sicuta
288 4947 390 5017 regulis
414 4950 571 5018 praestitutis
592 4950 626 5005 de
650 4950 732 5006 certis
756 4958 783 5007 et
805 4950 956 5007 manifestis
1006 4948 1140 5004 adrianus
1154 4965 1225 5020 papa
1240 4949 1268 5004 in
1283 4950 1406 5020 epistola,
1419 4951 1489 5007 sicut
1504 4951 1627 5019 audistis,
1651 4941 1859 5023 nuper-‘·rime

155 5032 245 5089 causis
261 5050 323 5103 quae
338 5034 366 5087 in
388 5036 463 5091 nullo
481 5037 559 5092 nobis
582 5046 643 5092 snut
666 5038 749 5093 dubia
771 5039 814 5094 vel
838 5039 956 5095 obseura
1005 5036 1132 5092 directa:
1151 5057 1162 5087 ‹
1182 5037 1433 5108 fideliuminquit,
1460 5039 1589 5095 relatione
1612 5040 1857 5110 comperimus·

155 5119 228 5176 nulla
255 5129 302 5175 aut
330 5123 496 5194 negligentia
525 5134 570 5179 aut
593 5126 801 5196 praesumptione
823 5127 954 5182 debemus
1004 5123 1138 5195 quodtua
1153 5123 1307 5179 fraternitas
1322 5125 1443 5180 debitum
1468 5125 1593 5200 vigorem
1615 5127 1645 5182 in
1666 5140 1773 5199 proi?
1803 5112 1859 5167 issffl

153 5207 306 5274 discedere,
323 5210 392 5265 sieut
403 5211 457 5265 Leo
471 5211 507 5266 ad
521 5213 691 5267 anastasium
708 5213 832 5269 scribens
856 5215 951 5286 (epist.
1003 5212 1149 5267 Rhemensi
1164 5228 1219 5267 non
1234 5213 1352 5284 agitans,
1367 5214 1452 5269 multa
1466 5215 1681 5284 reprehensione
1696 5200 1855 5287 nigris·

154 5293 336 5365 attrectavit
353 5315 359 5351 :
375 5297 460 5353 itade
484 5298 584 5369 quibus
609 5299 763 5356 diffinitivas
793 5302 950 5368 sententiaa,
1004 5299 1071 5352 sima
1085 5316 1100 5353 a
1116 5299 1168 5353 tuis
1192 5300 1465 5370 comprovincialibus
1492 5302 1694 5358 convalescant.
1718 5287 1853 5356 (3113113

154 5395 215 5452 quae
229 5382 301 5436 nulla
315 5394 428 5456 possunt
453 5386 555 5442 ratione
583 5388 708 5456 convelli,
725 5404 742 5443 a
768 5389 870 5446 sanctis
896 5391 951 5449 i‘a-
1002 5399 1041 5454 rei
1056 5399 1141 5472 gratia
1156 5399 1350 5473 negligentiam
1365 5408 1483 5458 vestram
1497 5401 1540 5460 his
1554 5401 1709 5475 apostolicis
1777 5383 1846 5442 Ψ·
