3794 6104
591 256 769 311 aristosa:
792 257 838 310 ET
863 258 1035 313 DECRETA.

1584 268 1635 322 87·

97 376 240 498 prospicit,
259 383 313 428 tiiui
327 378 431 430 occulta
449 386 503 430 tuin
518 387 623 446 aperta,
641 396 674 432 ne
699 380 790 449 aliquo
807 381 886 439 Aest
902 389 930 433 ut
953 382 1080 436 omnibus
1104 383 1150 454 qui
1174 384 1273 452 injuste
1296 385 1432 454 patiuntur
1455 401 1536 466 opem
1560 386 1627 443 ierat

111 453 162 498 iter
176 446 209 497 ali
226 446 382 500 lioniinibiis
399 463 447 499 iios
464 447 556 511 habiti,
575 449 654 501 aliter
670 450 695 501 iii
719 466 788 502 coii-

100 516 149 569 Dei
166 516 344 584 reperiamur.
369 524 394 568 et
416 534 466 586 pro
487 518 625 571 laudunus
647 527 673 572 et
698 529 790 588 optata

97 595 256 655 perpetuum
272 588 391 641 ‹leileeus
407 588 558 642 lucremur.
580 589 632 642 Sed
649 590 707 644 limo
723 606 789 658 per-

99 656 250 710 usinterea
269 659 334 720 lieo,
352 658 396 727 qui
421 658 494 712 norit
523 659 623 721 onmia,
652 668 678 713 et
708 677 789 728 quem

97 733 196 781 ostrum
212 727 285 779 latet.
312 728 443 780 Noriiiius
468 729 539 781 eiiini
559 729 647 798 ipsimi
672 729 790 783 dicere:

97 797 425 857 exultat,liuiiii'linliiliir
450 800 559 863 (lliiltli.
581 802 663 855 xxiil.

97 866 195 936 ripsisti
210 868 289 920 uobis
307 868 377 936 quod
395 870 566 923 sanctissima
576 868 624 923 Dei
634 870 790 923 Constanti-

97 952 145 991 ana
162 937 285 992 Ecclesia
300 938 327 991 in
342 947 367 990 te
383 940 540 1007 recipiendo
556 955 672 993 concors
687 948 712 993 et
728 956 792 994 iiiia·

97 1006 157 1063 'aeta
172 1016 213 1061 ost
228 1016 250 1069 ³,
268 1017 293 1061 et
308 1009 380 1076 quod
396 1009 489 1062 sedem
516 1011 640 1078 recepisti
664 1027 724 1079 quae
745 1018 790 1064 tua

103 1094 155 1149 qua
171 1077 262 1131 satiras
278 1079 386 1131 urbatus
405 1097 410 1131 :
428 1081 468 1132 liis
480 1081 513 1133 de
523 1081 613 1143 rebus,
623 1082 657 1133 de
667 1081 791 1135 Ecclesia

97 1155 118 1203 ιι
132 1157 158 1202 et
174 1149 207 1202 de
224 1156 268 1200 tna
285 1149 464 1211 restitutione,
482 1166 532 1220 qua
548 1167 578 1204 es
593 1151 625 1203 ail
651 1151 790 1219 propriam

99 1219 249 1281 restitutus,
268 1220 324 1273 Deo
340 1236 372 1272 eir
389 1221 471 1274 corde
488 1229 513 1273 et
528 1237 578 1289 pro
593 1221 663 1273 virili
686 1221 790 1292 gratias

97 1326 108 1342 ι.
126 1289 266 1342 Habebam
282 1289 364 1342 etiam
388 1289 485 1344 litlerm
511 1291 618 1357 pietatis
640 1299 693 1345 tuae
717 1291 791 1361 quod

843 450 880 502 ita
896 451 954 517 eJ'us
969 452 1068 507 anxilio
1084 461 1112 506 ut
1127 469 1182 508 non
1202 453 1325 519 caruisti,
1351 455 1400 509 sed
1423 454 1513 511 diviua
1537 472 1590 527 ope
1612 474 1639 513 ei

841 521 919 600 liujus
935 531 1036 577 sanetas
1052 523 1124 577 sedis
1141 523 1233 578 labore
1244 532 1270 578 et
1281 525 1413 580 studioad
1424 526 1599 581 sedemtuam
1609 543 1640 582 es
1665 582 1667 587 ,

841 598 990 645 restitutus.

878 659 1080 731 «Quapropter
1104 663 1202 717 rationi
1229 678 1378 734 congmum
1406 665 1477 722 duco
1505 673 1534 721 ut
1561 667 1641 735 huius

841 731 963 784 consueti
984 732 1086 797 auxilii,
1116 749 1223 789 necnon
1251 734 1434 805 benignitatis.
1463 752 1546 807 quain
1573 736 1640 808 ipsis

841 801 969 870 operibus
985 802 1099 873 singulis
1114 803 1210 858 diebus
1225 804 1369 875 experiris,
1385 805 1420 860 de
1434 805 1481 861 illa
1494 806 1640 862 inomnem

841 877 944 924 terram
958 887 1054 925 soniim
1068 873 1192 928 emittere
1206 890 1260 928 non
1279 874 1459 942 obliviscaris,
1483 877 1533 931 sed
1557 878 1640 933 etiam

840 939 927 1009 ipsam
940 956 1065 1012 sequere,
1082 951 1108 997 et
1123 944 1208 998 instar
1224 944 1296 998 illius
1310 945 1377 1000 nulli
1391 945 1520 1001 damnum
1526 945 1639 1013 inseras,

840 1025 891 1090 nec
907 1010 1025 1082 aliquem
1042 1027 1058 1065 a
1073 1013 1225 1068 visceribus
1239 1015 1496 1072 misericordissime
1504 1017 1635 1087 repellas,

842 1080 871 1134 Si
886 1081 932 1150 qui
948 1096 1036 1151 usque
1051 1084 1141 1139 adbuc
1156 1085 1282 1139 unionem
1304 1102 1366 1141 eum
1389 1094 1436 1141 tua
1456 1087 1556 1156 pietate
1576 1103 1638 1143 am·

840 1149 921 1220 plecti
936 1151 1088 1216 noluerunt,
1105 1169 1193 1223 neque
1209 1162 1298 1210 tecum
1321 1156 1480 1225 convenire,
1508 1173 1542 1214 ne
1560 1157 1637 1213 desi·

840 1228 908 1285 stas,
924 1222 972 1275 sed
987 1222 1078 1291 potius
1093 1221 1215 1278 laborem
1230 1232 1256 1279 et
1277 1234 1416 1281 certamen
1440 1227 1554 1286 sustine.
1578 1243 1641 1284 euni

840 1289 976 1355 docendo,
1001 1298 1060 1345 tum
1086 1293 1166 1347 etiam
1190 1295 1410 1361 sermocinando,
1435 1303 1462 1351 et
1491 1297 1537 1353 loii
1575 1298 1641 1353 nimi

97 1359 173 1427 legati
190 1359 334 1412 noluerunt
368 1376 429 1413 uam
444 1362 561 1429 primum
578 1361 624 1414 tibi
644 1362 790 1415 commini-
840 1360 1036 1426 admonitione,
1054 1377 1173 1417 necnon
1195 1364 1280 1418 alacri
1304 1374 1331 1419 et
1354 1365 1486 1421 benevolo
1512 1383 1546 1422 vu
1560 1376 1587 1423 ιιι
1612 1376 1642 1423 ιιι

107 1430 206 1484 Etlioc
224 1429 320 1483 lactum
348 1378 465 1483 iiciriius
495 1432 558 1501 quia
588 1433 708 1484 nondum
737 1431 790 1485 illis
837 1430 912 1498 juxta
928 1434 1098 1501 Apostolum,
1117 1433 1160 1488 uel
1184 1450 1281 1489 omnes
1304 1434 1348 1490 rel
1371 1435 1464 1504 pleros
1484 1452 1519 1492 ue
1542 1437 1641 1494 lucrari

97 1515 202 1553 eramus
217 1509 245 1551 ιιι
261 1516 293 1552 ea
307 1501 426 1554 lacerent
441 1518 501 1570 qum
517 1517 746 1570 praeceperamus
762 1502 791 1556 Si
841 1501 960 1567 studeas,
977 1509 1004 1556 et
1019 1502 1067 1555 tilii
1082 1503 1238 1569 conciliare,
1254 1520 1286 1560 ae
1300 1520 1351 1574 pei·
1365 1513 1392 1560 te
1406 1505 1458 1576 ipsi
1498 1522 1531 1562 eo
1560 1522 1642 1564 acce·

97 1570 239 1623 naiiilattim
270 1580 393 1623 nostrum
423 1572 590 1633 habuissent,
624 1572 694 1625 nulla
724 1572 790 1642 ipsis
840 1570 946 1636 dentes,
963 1570 1025 1625 illos
1039 1572 1074 1626 ad
1089 1581 1123 1636 te,
1141 1581 1169 1628 et
1182 1590 1232 1643 per
1246 1581 1272 1628 te
1287 1575 1322 1629 ad
1336 1574 1422 1630 Deum
1438 1575 1578 1646 suscipere
1599 1577 1643 1632 di·

101 1640 241 1701 dubitatio,
260 1656 309 1694 nec
324 1641 437 1707 alicujus
452 1642 586 1695 iniustitiae
600 1657 711 1696 causam
733 1643 791 1713 pie·
840 1657 935 1721 gnare.
946 1640 1137 1697 Sacerdotales
1147 1643 1643 1717 etiamhouoreseteorumecelesias,

97 1711 309 1780 spraeliuisseiit.
327 1713 383 1764 Nee
401 1727 451 1764 nos
466 1712 533 1764 satis
549 1712 615 1766 certi
631 1729 740 1767 eramus
755 1713 789 1767 de
806 1711 896 1784 Billis
913 1711 1034 1766 restitue.

97 1781 154 1834 itate
184 1789 239 1841 tua,
271 1781 343 1850 quod
372 1780 407 1834 ad
431 1790 502 1834 tuam
532 1783 625 1835 sedem
655 1791 681 1837 te
718 1783 791 1837 Dens
882 1782 945 1835 «lit
971 1783 1201 1862 quemadmodum
1216 1783 1346 1855 spiritalis
1360 1782 1433 1839 filius
1446 1794 1541 1842 noster
1562 1787 1635 1858 impe

97 1859 180 1908 ssent.
198 1860 223 1904 et
236 1851 291 1917 jam
308 1852 395 1920 ipsam
412 1851 578 1906 obtinuisses
594 1869 599 1904 :
617 1852 723 1907 sienim
741 1854 793 1907 lioe
842 1860 916 1905 rator
930 1851 1044 1906 Basilius
1059 1869 1110 1922 pro
1125 1862 1150 1908 te
1164 1870 1215 1909 uos
1231 1856 1289 1922 eJ'us
1304 1854 1427 1923 petitioni
1442 1856 1596 1913 rationabili
1616 1865 1644 1912 et

97 1936 207 1984 ssemus,
239 1922 407 1975 misissemus
443 1923 537 1991 procul
565 1922 657 1987 dubio,
688 1932 715 1977 ut
744 1939 793 1992 par
840 1921 920 1989 justae
935 1928 961 1975 et
974 1922 1032 1977 Deo
1047 1931 1133 1991 pratae
1148 1924 1342 1995 obsequentes,
1369 1923 1484 1980 lecimus'
1504 1941 1566 1982 euni
1596 1934 1643 1983 tua

97 1990 232 2045 ratulaturi
248 1991 295 2044 tibi
312 2009 363 2062 pro
377 2000 429 2046 tiiae
444 1993 517 2046 sedis
533 1994 687 2063 receptione
703 1994 727 2046 b.
752 1994 793 2048 Ne
842 1991 950 2061 pietate,
976 1993 1050 2064 quod
1074 1993 1222 2063 imperator
1244 1993 1367 2063 petierat.
1394 1994 1492 2049 eodeni
1514 2003 1595 2066 pacto
1617 2004 1643 2052 te

114 2061 216 2114 interea
246 2061 338 2133 iniquo
366 2062 438 2116 ser-is
475 2063 583 2126 animo;
610 2063 682 2133 quod
720 2063 792 2118 enim
842 2077 972 2132 rogamus
995 2072 1024 2116 ut
1052 2072 1080 2117 tii
1110 2064 1191 2118 etiam
1219 2064 1391 2120 obliviscaris
1418 2065 1553 2121 malorum

97 2131 188 2194 deluit,
213 2132 270 2198 jam
297 2150 330 2187 ex
353 2133 601 2202 superabundantia
626 2133 792 2203 completum
842 2131 976 2186 adversus
990 2140 1016 2187 te
1032 2133 1225 2190 commiserunt
1241 2175 1248 2198 ,
1264 2134 1310 2205 qui
1324 2150 1340 2188 a
1355 2142 1381 2190 te
1406 2133 1514 2190 inerant
1600 2135 1643 2192 ie·

842 2203 899 2255 nati
920 2211 940 2255 ⁰.
970 2201 1022 2272 Qui
1052 2204 1075 2257 si
1105 2213 1273 2259 revertantur
1299 2220 1333 2259 ex
1360 2205 1456 2274 corde,
1483 2212 1531 2260 tua
1555 2205 1642 2277 pietas

97 2271 211 2327 dicimus
227 2280 356 2342 praeterea
371 2274 441 2342 qiioil
451 2275 589 2328 suntinter
600 2291 648 2329 sos
671 2274 792 2329 nonnulli
844 2272 950 2327 honore
965 2272 1066 2396 insipni
1082 2275 1182 2343 apertis
1197 2274 1268 2329 ulnis
1283 2273 1344 2329 illos
1358 2275 1479 2344 recipere
1501 2275 1640 2348 dignetur,

97 2343 155 2397 atici
171 2344 215 2412 qui
241 2358 294 2395 non
318 2343 470 2407 irriserint,
487 2345 535 2398 sed
557 2346 583 2398 iri
602 2362 700 2399 raniirii
722 2344 792 2398 labo
842 2351 870 2395 ut
884 2358 980 2398 omnes
996 2341 1021 2397 le
1032 2344 1108 2398 ieiter
1122 2345 1323 2399 consentientes
1338 2344 1372 2398 ad
1387 2344 1594 2400 conversionem
1615 2352 1643 2401 et

97 2420 105 2466 ι
120 2421 269 2468 certantem
284 2413 326 2465 dia
340 2414 445 2468 relicom
461 2424 574 2473 certarit,
588 2416 663 2482 juxta
675 2417 792 2483 propbe—
843 2413 1038 2467 restitutionem
1054 2422 1106 2468 tuae
1120 2415 1194 2468 sedis
1208 2430 1353 2470 commune
1367 2414 1499 2486 gaudium
1518 2423 1546 2470 et
1569 2416 1642 2471 diem

97 2492 198 2538 sentem
216 2502 222 2536 :
241 2484 323 2536 Divisi
341 2493 401 2536 sunt
425 2485 543 2543 contriti,
573 2494 600 2539 ut
625 2484 743 2538 evellant
766 2486 791 2539 ei
842 2480 940 2537 festum
955 2491 982 2537 et
995 2483 1094 2538 tatium
1109 2499 1282 2555 peragamus.

96 2562 116 2606 it
131 2554 166 2607 ad
181 2570 209 2607 se
226 2554 370 2607 nonnullos
387 2555 575 2623 simpliciores.
599 2556 633 2608 Et
657 2556 790 2624 quemad·
879 2553 963 2608 slloc
979 2553 1059 2607 etiam
1083 2569 1212 2622 rogamus
1232 2554 1428 2609 fraternitatem
1447 2563 1520 2610 tuam
1539 2564 1568 2609 ιιι
1591 2571 1640 2611 ιιο-

96 2641 103 2676 ι
117 2624 221 2695 gravisi
246 2640 339 2677 siturus
364 2640 414 2693 pro
440 2632 484 2678 tua
509 2625 686 2683 restitutione,
711 2641 790 2695 quam
842 2621 946 2676 bisciim
961 2622 1095 2677 decernas
1110 2632 1138 2677 ιιι
1152 2624 1180 2677 iii
1193 2624 1342 2694 posterium
1357 2623 1448 2679 nullus
1463 2625 1640 2681 saeoularisex

97 2703 207 2764 perotus
224 2704 273 2753 est,
304 2703 329 2746 et
358 2696 457 2747 unione
489 2694 557 2747 laeta
587 2696 726 2758 Ecclesiae,
754 2695 791 2749 ita
841 2699 965 2760 tempore
978 2694 1013 2746 ad
1029 2692 1209 2761 pontificalem
1226 2694 1319 2749 sedem
1334 2703 1498 2761 assumatur,
1525 2695 1573 2750 sed
1595 2710 1641 2750 se-

102 2779 197 2817 sumiis
218 2779 269 2833 pro
293 2765 528 2819 schismaticorum
538 2766 643 2818 illorum
668 2764 788 2818 iiitcritii.
841 2763 958 2817 cundum
974 2763 1088 2833 gradum
1105 2771 1132 2818 et
1146 2764 1270 2818 ordinem
1284 2765 1447 2834 procedens,
1459 2774 1486 2818 et
1501 2766 1643 2835 proprium

97 2834 126 2888 lu
141 2851 206 2887 rei-o
222 2835 265 2903 qui
281 2845 393 2902 pausias
410 2835 542 2903 sapientia
560 2845 584 2887 ot
602 2835 744 2903 prudentia
765 2843 791 2889 ct
842 2832 1027 2912 unusquisque
1042 2833 1070 2886 in
1084 2849 1133 2887 suo
1148 2834 1235 2904 gradu
1249 2850 1424 2904 progressum
1439 2834 1643 2891 virtutisnsten·

97 2904 182 2958 aDeo
198 2905 243 2957 tilii
260 2905 356 2969 largita
372 2905 448 2976 (qnid
464 2906 535 2958 euim
556 2906 638 2959 lialius
653 2905 725 2976 quod
736 2920 790 2958 non
840 2902 909 2955 dens
924 2912 959 2956 ita
973 2901 1133 2972 pontificalis
1147 2905 1220 2958 sedis
1234 2904 1350 2974 gradum
1360 2904 1488 2959 obtineat.
1501 2903 1555 2972 Qui
1570 2906 1643 2960 enim

97 2973 149 3028 iiii
163 2983 188 3028 et
205 2975 226 3026 si
242 2975 381 3042 accepisti,
408 2976 533 3028 norimus
557 2984 582 3028 te
607 2992 660 3030 non
677 2974 791 3046 gloriari
841 2972 919 3026 aliter
932 2973 1064 3038 ascendit,
1080 2972 1275 3029 ecclesiasticis
1290 2974 1389 3028 nostris
1411 2974 1563 3030 canonibus
1577 2990 1643 3031 coii-

97 3058 145 3099 ιοιι
157 3045 319 3113 acceperis),
335 3059 430 3098 omnes
445 3046 490 3098 tilii
507 3046 652 3100 devincere
668 3046 791 3100 liumani-
842 3043 925 3096 traria
940 3043 1012 3097 lacit.
1030 3045 1063 3097 llt
1077 3043 1203 3098 volumus
1219 3059 1324 3099 morem
1343 3045 1425 3110 liunc,
1452 3044 1497 3116 qui
1520 3059 1575 3099 noii
1602 3053 1645 3100 est

98 3116 213 3170 utendas
229 3131 276 3168 eos
311 3116 365 3168 uia
381 3125 407 3169 te
423 3116 516 3185 procul
532 3125 593 3169 suut
609 3117 747 3185 segregati
768 3124 793 3169 et
844 3112 1010 3182 probandus,
1026 3113 1060 3167 ab
1076 3112 1151 3168 initio
1166 3114 1193 3167 in
1208 3122 1298 3168 vestra
1314 3114 1430 3169 ecelesia
1444 3115 1592 3181 inventum,
1614 3114 1643 3170 in

97 3185 121 3250 ti,
148 3132 342 3239 misericoriiia
370 3186 475 3239 riscera
504 3186 556 3239 illis
581 3183 738 3254 aperiendo,
767 3193 793 3239 et
844 3190 984 3252 posterum
999 3182 1105 3236 irritum
1121 3183 1233 3238 abolere
1247 3183 1266 3236 ¹.
1279 3183 1642 3252 HoeautemdicimusJuxta

97 3263 132 3310 ite
147 3255 208 3309 illos
223 3256 438 3323 complectendo,
456 3257 534 3309 siriiiil
559 3272 730 3327 congregare
758 3271 793 3309 ne
844 3267 976 3307 canonem
988 3253 1089 3307 editum
1105 3253 1132 3305 in
1147 3253 1252 3333 synodo
1266 3260 1389 3322 tempore
1404 3252 1515 3332 Adriani
1530 3253 1645 3308 sanctis·

97 3325 119 3380 is
134 3341 141 3377 :
158 3333 195 3384 ut,
213 3327 440 3395 quemadmodum
457 3326 642 3380 sanctissimus
657 3327 793 3395 papaLeo
844 3321 905 3376 simi
919 3338 996 3392 papas
1010 3331 1036 3377 et
1064 3323 1168 3376 Tarasii
1197 3323 1282 3377 beatae
1311 3336 1452 3378 memoriae
1478 3323 1641 3392 patriarcha

97 3412 107 3449 s
123 3396 225 3462 scribit,
242 3412 289 3449 eos
304 3396 347 3466 qui
360 3396 624 3466 ‹piaruntluimiliari
635 3397 662 3449 iii
674 3412 793 3464 conspe·
844 3391 1144 3517 constantinopolitani.
1543 3462 1549 3473 .
1572 3461 1578 3472 ,

97 3465 106 3520 i
122 3474 149 3519 et
163 3466 291 3519 unionem
308 3467 588 3536 soliiseuiriquaerere,
601 3465 794 3536 suscipiamus,
879 3469 894 3504 ¹
911 3483 922 3511 ι
939 3461 1012 3534 Syno
1034 3479 1078 3516 um
1093 3477 1160 3516 vero
1175 3469 1266 3517 contra
1295 3462 1424 3531 pietatem
1446 3470 1519 3516 tuum
1542 3461 1642 3518 ibidem

97 3544 196 3590 contra
213 3536 345 3589 adversus
361 3553 408 3590 eos
438 3537 483 3607 qiii
510 3538 579 3590 duro
609 3545 671 3589 sunt
698 3536 791 3597 corde,
844 3531 963 3586 habitam
977 3532 1141 3587 irritavimus
1157 3541 1183 3587 et
1197 3531 1408 3597 annullavimus,
1424 3532 1480 3587 imo
1505 3540 1533 3588 et
1569 3532 1642 3601 abji-

97 3604 153 3660 line
170 3614 196 3659 et
212 3607 361 3661 constantia
378 3615 404 3660 et
420 3606 549 3676 patientia
565 3607 625 3659 illos
641 3607 791 3669 vincamus,
844 3602 939 3666 cimus,
956 3610 1141 3672 sarapropter
1160 3602 1221 3665 alia.
1252 3610 1308 3657 lum
1337 3602 1418 3657 eliam
1446 3603 1520 3672 quod
1547 3602 1642 3659 botius

97 3676 198 3732 tetiam
214 3677 304 3730 cordis
319 3677 428 3730 illorum
456 3677 631 3730 obsistamus.
664 3677 794 3732 Similiter
844 3687 915 3753 papa
931 3673 1067 3728 Adrianus
1082 3672 1271 3742 praedecessor
1284 3679 1376 3727 noster
1390 3671 1430 3726 illi
1444 3687 1501 3752 tion
1519 3671 1641 3729 subscri·

97 3746 108 3799 ‚i
142 3746 309 3800 oenitentiam
326 3755 458 3816 quarunt,
477 3764 537 3816 quae
553 3747 643 3816 lapsos
659 3746 792 3810 subierat,
844 3751 906 3812 psit.
923 3742 1037 3814 Reliqua
1052 3757 1116 3797 vero
1129 3742 1220 3797 omnia
1235 3750 1262 3797 et
1277 3742 1471 3798 ecclesiasticis
1481 3742 1565 3799 rebus
1575 3755 1645 3815 qim

97 3762 794 3887 aifiutricesprrebeomus.Noueriimestdesperatio
844 3819 891 3866 tua
914 3811 1029 3882 epistola
1053 3812 1132 3892 nobis
1156 3812 1315 3892 insinuavit,
1337 3813 1459 3892 seribere
1481 3812 1638 3894 omittimust

97 3886 197 3952 atibus,
212 3896 238 3941 et
253 3888 407 3956 petentibus
433 3888 648 3942 misericordiam
673 3903 727 3941 non
753 3894 795 3941 est
845 3883 972 3953 quoniam
986 3883 1022 3937 de
1037 3883 1090 3937 illis
1105 3899 1132 3936 in
1162 3890 1371 3938 commonitorio
1397 3897 1565 3951 scripsimus,
1596 3896 1641 3940 citt

97 3957 129 4012 ιο,
845 3953 926 4006 etiam
942 3952 1138 4024 subcripsimns
1153 3968 1249 4008 omnes
1273 3968 1323 4023 pro
1348 3960 1392 4007 tua
1415 3951 1595 4017 restitutione.
1613 3958 1642 4009 et

97 4037 245 4096 uapropter
274 4027 466 4082 traternitatem
496 4037 570 4082 tuam
598 4044 726 4099 rogamus
766 4033 795 4080 ut
845 4021 912 4077 illud
940 4023 1020 4078 Petro
1045 4023 1254 4095 religiosissimo
1282 4022 1444 4093 presbytero
1472 4021 1605 4078 cardinali
1614 4029 1642 4078 et

108 4113 201 4152 mores
217 4099 356 4155 imitando.
373 4100 508 4167 praecipue
524 4113 586 4153 vero
601 4100 660 4167 ejus
685 4096 794 4151 humili·
846 4093 938 4164 legato
953 4103 1046 4149 nostro
1073 4093 1200 4148 dedimus
1225 4108 1306 4165 quem
1321 4090 1505 4172 misinius,[s3
1535 4100 1563 4147 ut
1577 4108 1640 4173 iius,

97 4184 171 4238 quum
186 4169 310 4222 sustinuit
326 4184 374 4237 pro
389 4169 477 4222 salute
488 4168 598 4239 generis
613 4169 724 4231 uostris,
740 4183 794 4221 nori
846 4162 948 4235 Hiran]
963 4171 989 4218 et
1004 4179 1131 4218 unacum
1147 4163 1314 4242 Eugeniotet
1327 4162 1413 4242 l’aulo
1427 4163 1643 4243 religiosissimus

97 4237 169 4292 satin
185 4239 289 4308 synodo
304 4239 452 4308 predicare
469 4239 517 4293 Dei
543 4254 609 4319 erga
634 4248 660 4293 te
685 4237 794 4292 miseri-
845 4233 1095 4304 episcopislegatis
1110 4233 1287 4312 nostnsnllcr
1314 4239 1440 4312 timorem
1465 4246 1526 4352 prae
1555 4232 1643 4287 oculis

97 4324 115 4361 u
129 4316 155 4362 et
171 4309 308 4362 auxillium
324 4308 346 4368 l,
366 4325 416 4363 nec
432 4325 485 4362 non
503 4309 680 4363 sanctissimae
695 4309 794 4362 Roma·
845 4302 988 4367 habentes,
1006 4311 1032 4355 et
1047 4317 1122 4355 suam
1137 4309 1332 4357 conscientiam
1347 4315 1463 4355 immacu
1475 4307 1546 4354 atam
1573 4315 1643 4357 eon-

106 4378 237 4433 Ecclesim
254 4380 449 4446 protectionem
465 4388 490 4432 et
506 4379 626 4442 tutelam,
657 4378 790 4441 laborem,
807 4379 988 4466 Dservaiites
1017 4371 1127 4425 omniuo
1156 4370 1298 4450 vobiscum
1325 4367 1427 4424 faciant
1458 4384 1519 4439 quae
1546 4376 1644 4426 vestrae

97 4458 200 4519 proma
216 4450 360 4503 attentione
374 4450 507 4514 sustinuit,
525 4457 553 4501 ui
568 4451 619 4503 troc
635 4457 713 4517 paeto
727 4447 792 4502 sedi·
844 4442 974 4497 Ecclesiae
988 4441 1113 4496 conferre
1128 4447 1264 4504 noverint,
1280 4440 1390 4519 Deusta
1401 4444 1643 4520 conservetusque

97 4534 169 4573 unes
182 4535 231 4589 pro
252 4520 441 4574 communione
468 4528 561 4572 nostra
587 4527 614 4572 et
641 4518 792 4572 animorum
843 4510 984 4576 adfinem,
1001 4511 1100 4566 dilecte
1122 4509 1216 4577 lrater,
1228 4509 1455 4565 reverendissime
1476 4515 1502 4562 et
1524 4523 1641 4564 commi-

97 4605 152 4642 mm
166 4590 320 4643 eoncordia.
339 4589 562 4659 Quandoquidem
579 4603 745 4659 quiscunque
759 4587 792 4640 ab
843 4581 926 4636 nister
941 4589 1043 4637 noster.
1063 4602 1073 4630 s
1097 4651 1102 4661 Ι
1126 4651 1131 4662 Ι

97 4658 179 4726 itiisti,
208 4660 347 4714 obtinuisti
376 4659 466 4714 etiam.
495 4661 527 4714 Et
556 4659 625 4714 sicut
658 4658 696 4711 illi
733 4672 792 4712 mos
877 4652 1063 4720 Eceetujam
1078 4650 1179 4718 vidisti,
1200 4658 1226 4707 et
1241 4648 1499 4720 eonlrensutraque
1514 4647 1640 4720 exempla

97 4813 128 4860 et
140 4811 289 4861 liicl‘botius
301 4811 363 4871 quod
376 4812 406 4861 de
419 4812 513 4873 privata
525 4785 592 4873 sede,
609 4822 696 4872 nempe
720 4821 792 4871 quam
871 4800 932 4854 rllic
952 4800 1065 4852 falsarius
1089 4805 1113 4851 et
1136 4802 1254 4861 impostor
1279 4798 1428 4848 astutissima
1461 4795 1584 4847 convertit
1602 4796 1634 4848 ad

843 4866 978 4919 Adrianum
990 4868 1097 4932 primuni
1109 4866 1171 4928 quod
1182 4866 1244 4917 dixit
1256 4864 1361 4914 loannes
1371 4861 1402 4914 de
1414 4861 1520 4913 Adriano
1538 4861 1557 4912 ll
1577 4863 1639 4915 satta

843 4945 971 4995 cipresse.
988 4936 1020 4985 At
1031 4934 1055 4984 id
1067 4946 1095 4982 aa
1107 4933 1137 4982 de
1150 4944 1222 4981 caiisa
1234 4930 1265 4980 ab
1277 4940 1307 4978 eo
1328 4929 1430 4990 tactum,
1451 4927 1515 4991 qnod
1532 4940 1577 4991 per
1597 4928 1639 4980 llla

844 5000 917 5049 verba
930 5000 1036 5050 loannes
1049 4999 1151 5059 probare
1172 5009 1199 5047 ss
1213 4994 1363 5058 stqaiucaret
1383 4994 1502 5057 synodum
1523 4997 1637 5046 oetaiani

843 5065 887 5116 sub
900 5067 1005 5117 Adriano
1016 5064 1126 5114 habitam
1134 5062 1237 5123 juniori.

877 5134 934 5182 sne
946 5131 1103 5193 abrepatioua
1115 5128 1200 5190 synodi
1212 5132 1297 5178 contra
1308 5127 1421 5177 Plotium
1434 5126 1499 5175 laeta
1520 5125 1582 5176 nibil
1599 5138 1642 5188 pe·

99 5205 161 5244 nites
174 5207 221 5243 iiori
234 5196 280 5243 ista
300 5195 384 5252 liabet,
398 5196 439 5243 seil
451 5200 477 5244 iit
488 5197 539 5257 ipse
550 5194 744 5246 misericordiam
753 5205 794 5242 co·
844 5199 908 5249 nitus
920 5198 945 5247 in
956 5197 1044 5247 litteris
1056 5195 1165 5245 Joannis.
1180 5193 1300 5257 Apposuit
1316 5194 1369 5244 liaee
1390 5192 1509 5253 impostor
1519 5194 1546 5241 ut
1570 5189 1639 5264 quasi

97 5261 154 5311 ²⁰⁶⁰
167 5262 272 5323 ll⁰⁵¹¹¹¹⁰1
287 5275 293 5321 ;
307 5273 360 5321 lua
372 5262 472 5312 Pliotius
484 5263 580 5312 sustulit
593 5262 633 5312 bic
646 5266 670 5311 rt
693 5260 794 5310 interius
844 5263 982 5326 apostolica
993 5262 1057 5312 sedis
1068 5264 1213 5310 auctoritate
1226 5260 1364 5320 damnaret,
1385 5257 1450 5333 quod
1470 5261 1555 5320 postea
1576 5256 1639 5308 idem

97 5327 238 5378 admodum.
844 5332 903 5382 tecit
914 5332 1025 5380 nemrim
1034 5327 1152 5388 synodum
1163 5326 1208 5376 suli
1221 5326 1328 5378 Adriano
1339 5323 1459 5376 bebium.
1485 5323 1561 5375 Porro
1584 5335 1640 5375 cnm

97 5394 205 5444 macerit
218 5394 257 5443 liic
269 5393 357 5443 iteruin
371 5408 423 5456 qua
436 5396 540 5444 loannes
552 5396 626 5444 babet
638 5394 661 5442 in
674 5408 717 5444 sua
730 5389 794 5457 epis·
844 5398 896 5448 liaec
908 5397 1027 5459 impostor
1039 5393 1161 5457 apposuit,
1173 5392 1312 5444 decimavit
1321 5402 1374 5453 qua
1384 5390 1408 5439 in
1419 5389 1558 5441 conditloiie
1568 5402 1640 5453 appo

102 5460 233 5520 qiiarendo
246 5460 434 5510 inisericordiam
449 5474 529 5510 carim
542 5460 645 5521 spinaco.
842 5463 889 5513 sita
903 5463 1008 5512 loannes
1022 5460 1095 5510 babet
1107 5459 1136 5510 de
1146 5456 1295 5510 restituenda
1308 5455 1406 5508 dloecest
1419 5455 1591 5518 balsameum.

110 5567 228 5619 Parisoi„
245 5567 366 5621 oxitt't.
1428 5566 1462 5619 28

97 4889 165 4927 iaura
176 4883 289 4927 oreierit
300 4878 396 4927 visente
422 4878 524 4939 lgnatio.

101 4972 131 5011 ua
142 4961 218 5022 adilit,
232 4965 257 5010 et
266 4962 395 5011 detruncat
406 4961 496 5022 aliqui,
510 4974 562 5022 qua
575 4961 672 5024 suprius
696 4959 792 5009 notati·

106 5027 253 5077 consulenda
265 5028 397 5076 utristi-ilica
411 5028 466 5076 sede
479 5027 541 5077 aliis.

97 5110 145 5160 ide
157 5110 268 5160 laudibus
292 5112 342 5159 suis
366 5111 465 5160 Plotius
477 5111 576 5162 addidit.
