3794 6104
72 210 128 266 ttt

822 204 1012 264 EPISTOLAE.

1674 208 1728 286 m

72 343 117 387 aut
134 342 267 404 respectu
283 332 398 401 alicujus
413 347 549 403 persona,
566 331 791 387 anathematizari
806 332 912 402 prae-A
925 340 1078 388 rumtamcn
1094 332 1158 404 qnia
1174 340 1246 388 etex
1261 331 1303 387 his
1319 347 1335 386 a
1350 348 1393 386 me
1421 331 1500 387 robis
1515 330 1628 388 rescribi
1642 345 1726 405 roga-

73 422 149 492 cipit.
167 423 317 492 Propterea
333 421 426 476 hortor
441 420 653 477 dominationem
669 429 789 476 vestram
813 427 841 473 ut
862 436 878 474 a

75 509 122 564 tali
138 510 305 588 mediatione
330 508 373 565 vel
394 509 591 563 interventione
615 524 664 563 vos
689 508 816 563 careatis.
837 508 878 563 Ne

72 614 140 654 vero
154 615 207 670 pro
223 599 337 668 alicujus
353 597 796 669 temporaliplaciditatcaelcrnum
806 596 879 668 peri·

73 687 167 743 culum
183 686 339 755 incurratis,
355 686 402 742 sed
418 693 445 740 et
459 685 574 742 dilectus
590 685 661 740 lilius
684 702 771 752 meus,
790 684 878 741 fidelis

74 784 175 840 vester,
192 792 244 846 pro
260 791 313 848 quo
329 774 463 847 satagitis,
480 790 534 828 non
549 773 727 829 obliviscatur
743 773 878 846 quodiam

72 864 100 917 in
113 863 230 934 epistola
245 863 454 929 robisdirecta,
471 861 620 933 capellanis
636 863 733 918 vestris
749 879 792 918 me
808 862 879 917 inter

73 953 124 1006 alia
139 953 286 1024 scripsisse
302 951 439 1017 recordor,
470 951 630 1006 canonicam
659 951 796 1006 decretam
812 967 878 1006 sen-

74 1041 198 1106 tentiam,
216 1057 268 1112 qua
284 1039 383 1095 dicitur
401 1057 407 1093 :
425 1040 500 1095 Sicut
514 1039 537 1092 is
553 1039 598 1111 qui
620 1039 749 1093 inuitatus
777 1039 877 1107 renuit,

73 1129 204 1201 quaesitus
221 1128 331 1201 refugit,
349 1128 437 1184 sacris
464 1136 506 1182 est
521 1127 652 1182 altaribus
679 1128 877 1199 admouendus,

74 1217 264 1289 sicquiultro
281 1216 374 1285 ambit,
393 1215 496 1288 velqui
524 1215 679 1286 importune
708 1232 737 1270 se
768 1215 878 1288 ingerit,

74 1314 112 1360 est
127 1306 226 1376 procul
241 1304 324 1359 dubio
339 1304 525 1375 repellendus.
546 1303 613 1374 Quae
629 1304 720 1376 itaque
737 1304 880 1375 praeniissa

76 1402 145 1459 sunt,
162 1409 219 1449 non
234 1409 305 1459 mea,
323 1409 411 1466 neque
426 1410 441 1447 a
456 1408 500 1448 me
514 1393 665 1466 excogitata
695 1400 756 1448 sunt
786 1394 880 1462 verba,

76 1483 287 1549 sedaChristo,
316 1490 342 1536 et
369 1499 417 1552 per
447 1481 595 1552 apostolos,
626 1498 658 1537 uc
683 1483 741 1551 ejus
759 1490 879 1547 sanctos,

78 1570 179 1640 Spiritu
193 1579 287 1625 sancto
300 1569 414 1641 prolata.
432 1569 580 1639 Propterea
596 1568 634 1623 illi
662 1569 708 1641 qui
736 1569 831 1624 andire
848 1584 881 1624 ea

78 1675 128 1714 non
153 1657 298 1725 sufferunt,
324 1659 373 1728 vel,
396 1658 526 1713 obaudire
553 1665 737 1723 contemnunt,
771 1657 882 1712 timeant
897 1689 1004 1759 Bpulis

78 1747 222 1801 Dominum
251 1747 395 1811 dicentem,
428 1762 487 1819 quae
502 1761 589 1816 nuper
602 1745 695 1816 quinto
711 1746 817 1800 decimo
833 1746 878 1800 die
933 1777 1121 1848 dabitvoggs(

77 1844 151 1891 anete
166 1844 292 1890 sanctum
308 1835 413 1889 Pascha
424 1834 479 1907 legi
489 1850 584 1889 omnes
600 1834 627 1888 in
643 1834 759 1890 ecclesia
774 1834 880 1890 andivi-

79 1941 133 1978 mus
148 1941 155 1978 ε
172 1924 226 1990 Qui
235 1928 325 1979 estex
338 1924 480 1979 Deouerbu
495 1925 545 1978 Dei
558 1922 638 1978 credit
655 1927 822 1996 :propterea
834 1939 879 1978 tros

78 2029 128 2068 uon
145 2005 266 2079 cuditis,
283 2012 349 2083 quio
364 2027 400 2067 ee
412 2013 464 2067 Deo
479 2028 537 2066 non
552 2012 620 2066 estis
634 2011 725 2082 (loun.
744 2026 804 2078 rin,
821 2013 876 2079 ιι).

80 2102 152 2157 llnrle
167 2109 281 2156 sanctus
297 2100 447 2173 Gregorius
471 2100 557 2171 (honr.
576 2103 618 2166 l8,
648 2100 679 2154 in
709 2102 826 2172 Eueno:
849 2100 878 2155 Si

79 2189 145 2244 enirn
159 2190 220 2261 ipse
236 2188 320 2243 verba
335 2189 386 2244 Dei
401 2188 476 2243 audit
491 2189 536 2259 qui
551 2205 584 2243 cx
599 2189 656 2243 Deo
676 2195 726 2257 est,
743 2196 769 2243 et
783 2187 878 2243 audire

79 2278 158 2333 rerba
187 2278 247 2347 ejus
278 2293 332 2332 non
347 2284 436 2348 potest
450 2276 574 2349 quisquis
589 2294 622 2331 ex
636 2277 682 2331 illo
697 2285 817 2342 nonest,
834 2277 878 2330 in·

78 2374 195 2440 terrogat
211 2383 242 2421 se
258 2365 445 2437 unusquisque
461 2366 484 2420 si
499 2366 583 2420 verba
600 2365 650 2420 Dei
664 2365 692 2418 in
707 2381 772 2420 aure
787 2364 878 2421 cordis

79 2455 200 2527 percipit,
218 2463 245 2509 et
264 2454 396 2527 intelliget
411 2455 482 2510 unde
502 2455 545 2509 sit,
577 2455 610 2508 Et
639 2463 749 2510 sanctus
779 2455 879 2509 Paulus

79 2543 226 2614 apostolus,
239 2559 291 2614 per
300 2559 382 2615 quern
392 2543 450 2614 ipsc
460 2543 565 2598 locutus
576 2551 618 2600 est
628 2542 751 2597 Christus
769 2560 775 2596 :
789 2543 879 2599 Nolite

79 2633 880 2704 cornmunieureopcribuainfructuosisteuebrorum:ruu-

78 2724 113 2793 eis
128 2725 229 2777 aulem
244 2725 273 2776 et
287 2721 449 2792 redarguite
460 2720 571 2792 (Ephes.
585 2737 608 2789 v,
618 2720 672 2791 ll).
686 2721 718 2775 Et
730 2720 793 2774 item
805 2721 878 2775 idem

79 2809 234 2882 Apostolus
267 2811 298 2865 Si
325 2810 386 2882 quie
410 2826 467 2866 uon
486 2809 600 2866 obaudit
624 2810 704 2864 verbo
719 2812 815 2864 nostro
827 2825 879 2881 per

78 2900 235 2972 epistolum,
253 2899 329 2954 hune
339 2901 444 2963 notate,
458 2902 486 2953 el
496 2915 553 2953 nou
564 2900 805 2954 comertiseronzlnl
813 2914 878 2953 eum

78 2989 131 3055 illo,
144 2993 177 3043 ut
193 2987 391 3058 confundatur
405 2986 452 3056 (ιι
465 2988 558 3042 These.
575 3002 614 3051 ιιι,
633 2986 689 3057 ιι.)
699 2987 777 3043 Unde
791 2986 878 3041 sacri-

78 3092 194 3132 canones
211 3075 453 3131 excommunicatis
474 3076 707 3131 communicantes
722 3091 882 3131 excommu-

78 3166 177 3221 nicatos
193 3181 257 3219 esse
273 3165 464 3220 decreverunt.
482 3165 545 3220 Herc
560 3165 594 3219 de
610 3164 676 3220 caelo
706 3164 838 3229 Christus,
856 3172 883 3220 et

78 3253 161 3309 sancti
176 3253 238 3323 ejus
253 3252 380 3324 apostoli,
396 3259 478 3324 atque
497 3254 583 3308 sancti
602 3252 686 3324 ipsius
702 3269 765 3309 cum
780 3269 812 3308 eo
825 3253 882 3321 jam

78 3343 100 3396 in
114 3342 187 3398 coelo
209 3349 355 3414 regnantes
369 3341 491 3396 intonant
507 3357 513 3396 :
531 3349 557 3396 et
567 3357 627 3410 nos,
644 3341 706 3397 licet
722 3348 882 3412 peccatores

78 3428 191 3486 interra
208 3429 341 3502 episcopi,
358 3436 384 3484 et
398 3428 497 3485 Christi
526 3429 631 3494 vicarii,
648 3438 728 3502 atque
743 3429 881 3500 apostolo·

77 3536 130 3574 mm
146 3534 325 3575 successores
338 3517 365 3573 in
382 3526 465 3588 terra,
482 3519 539 3589 ejus
560 3518 661 3574 virtute
685 3527 712 3574 et
731 3517 881 3574 ministerio

77 3609 164 3664 divino
179 3607 384 3680 prosequimur,
400 3607 499 3662 imitari
523 3608 711 3662 desiderantes
744 3607 816 3679 quod
845 3607 880 3662 de

77 3706 166 3754 uncto
181 3696 242 3752 viro
259 3704 410 3762 cantamus,
428 3696 490 3768 quia
504 3711 554 3767 pro
569 3697 631 3769 lege
647 3696 696 3752 Dei
713 3696 753 3750 sui
768 3696 881 3751 certavit

929 421 986 487 stis,
1005 438 1065 493 quae
1079 421 1116 475 ita
1131 422 1201 475 inter
1217 437 1246 476 se
1261 420 1431 490 dissentiunt,
1441 427 1471 475 ut
1485 436 1501 475 a
1516 419 1657 492 principiis
1671 434 1729 475 me-

929 509 982 577 dia,
999 517 1054 566 eta
1076 509 1171 565 mediis
1194 509 1287 563 ultima
1307 509 1459 576 dissonent,
1476 508 1545 564 sicut
1560 508 1594 564 de
1610 507 1729 582 prodam

928 606 1049 655 monstro
1064 598 1188 670 antiquus
1203 607 1284 670 poeta
1294 598 1359 654 dicit
1374 616 1381 652 :

982 740 1063 786 Prima
1076 740 1124 795 leo,
1138 742 1261 796 postrema
1275 740 1359 794 draco,
1379 738 1464 787 madia
1478 740 1533 797 lpsa
1547 740 1674 789 chimarra.

930 863 1056 936 fatigatus
1072 862 1163 917 missis
1191 871 1217 917 et
1244 863 1341 918 litteris
1369 864 1478 931 vestris,
1508 863 1732 935 proBelracensi

930 952 1055 1008 Ecclesia
1070 952 1222 1007 rescribere
1238 952 1314 1007 uobis
1330 953 1364 1007 ad
1380 953 1502 1025 quaedam
1519 953 1586 1020 loca,
1613 953 1730 1008 Domino

931 1042 1083 1110 adjuvante,
1101 1041 1210 1106 curabo,
1236 1042 1383 1096 secundum
1406 1041 1592 1112 prouerbium,
1615 1041 1731 1112 quodin

931 1130 1105 1201 antiquorum
1120 1129 1196 1182 libris
1207 1129 1317 1198 juvenis
1332 1129 1455 1201 legerant
1472 1145 1479 1185 :
1496 1132 1547 1186 Dos
1564 1131 1655 1186 lassus
1669 1132 1731 1201 sor-

933 1221 989 1274 llus
1004 1220 1066 1290 figit
1078 1219 1187 1291 pedem.

968 1339 992 1388 l.
1009 1335 1048 1388 De
1064 1350 1096 1388 eo
1112 1334 1184 1405 quod
1199 1332 1226 1387 in
1242 1332 1377 1404 prioribus
1392 1332 1459 1387 mihi
1483 1332 1553 1386 datis
1577 1332 1673 1389 litteris
1697 1332 1733 1388 ad

933 1424 1021 1478 locunt
1037 1423 1167 1493 scriptum
1183 1423 1299 1477 liabetur
1323 1440 1331 1476 ε
1351 1443 1361 1473 ι
1387 1421 1547 1476 Petilionem
1571 1419 1618 1475 filii
1642 1416 1757 1478 ditecti'

930 1513 1031 1581 justam
1052 1511 1126 1566 nullo
1150 1512 1232 1566 morlo
1255 1518 1361 1581 oportet
1377 1526 1503 1581 respuere
1520 1517 1635 1581 patrem,
1656 1530 1666 1558 ι
1684 1510 1737 1565 hoe

935 1600 1068 1672 exiguitas
1082 1616 1151 1667 mea,
1164 1600 1211 1654 sed
1224 1607 1250 1654 et
1264 1600 1396 1654 Dominus
1406 1598 1537 1669 approbat
1549 1599 1643 1654 dicens
1654 1597 1736 1654 disci·

1019 1688 1075 1741 suis
1088 1705 1093 1742 :
1104 1689 1132 1742 st
1143 1689 1209 1760 perid
1215 1688 1357 1759 petieritis
1365 1690 1481 1742 Putrem
1491 1688 1520 1741 iu
1533 1688 1648 1743 uomiuc
1662 1703 1734 1753 meo,

1124 1779 1206 1831 loon.
1223 1791 1284 1843 xvi,
1296 1779 1352 1846 93),
1369 1776 1476 1830 Nomen
1492 1775 1564 1829 enim
1579 1773 1688 1830 Domini
1696 1775 1739 1831 Je-

933 1882 990 1933 sus,
1007 1865 1034 1919 ιιι
1049 1872 1089 1919 est
1104 1866 1228 1919 reluctor·
1243 1864 1446 1934 interpretatur,
1459 1872 1484 1918 et
1499 1863 1546 1917 illa
1556 1863 1649 1934 petitio
1658 1864 1731 1932 justa

932 1962 982 2018 est,
999 1970 1059 2034 quse
1075 1953 1109 2007 ad
1127 1969 1217 2007 teram
1241 1952 1353 2006 salutem
1374 1952 1499 2022 pertinet.
1518 1951 1606 2019 Quum
1622 1952 1732 2022 petitio-

932 2041 1139 2113 nemquoniam
1161 2040 1293 2095 Dominus
1321 2056 1376 2094 non
1402 2040 1517 2111 respuit,
1542 2056 1593 2095 nec
1622 2040 1734 2111 quilibet

936 2129 1106 2184 Christianus
1117 2130 1197 2183 debet
1213 2144 1356 2199 respuere.
1378 2128 1406 2184 Si
1421 2135 1509 2184 autem
1531 2135 1626 2183 contra
1640 2143 1736 2183 voram

935 2218 1050 2273 salutem
1066 2217 1179 2290 quilibet
1194 2217 1331 2288 petierint,
1349 2217 1459 2271 audient
1477 2216 1607 2273 alacobo
1623 2223 1736 2287 aposto·
1791 2213 1798 2223 ’

931 2307 957 2362 ιο
975 2325 981 2360 z
999 2308 1101 2362 Potitio
1116 2311 1144 2361 et
1169 2322 1226 2361 nou
1248 2307 1388 2378 accipitis,
1404 2305 1515 2378 eoquod
1537 2305 1612 2360 ruulc
1630 2306 1736 2378 petalis

930 2396 1122 2466 (lue.1v,3).

966 2512 999 2565 ιι.
1016 2512 1056 2565 De
1067 2526 1099 2564 eo
1111 2509 1183 2581 quod
1198 2509 1298 2564 ibidem
1314 2508 1488 2580 subsequitur
1502 2525 1509 2564 t
1523 2527 1532 2560 ι
1546 2508 1655 2564 Nostrae
1665 2508 1732 2579 peti-

929 2600 996 2654 tioni
1010 2615 1041 2654 ac
1055 2598 1186 2653 voluntati
1202 2599 1348 2654 clementer
1367 2597 1489 2663 faveatis,
1515 2605 1542 2652 et
1565 2597 1731 2652 desiderium

930 2696 1053 2743 nostrum
1069 2687 1103 2741 ad
1118 2703 1237 2757 praesens
1252 2685 1431 2756 adimpleatis,
1450 2707 1460 2735 t
1478 2686 1603 2741 rescribo
1619 2693 1647 2739 ut
1662 2685 1735 2740 veli-

929 2778 962 2832 tis
978 2785 1004 2832 et
1017 2775 1179 2832 desideretis
1194 2775 1266 2847 quod
1282 2775 1413 2836 Dominus
1428 2774 1494 2840 vult,
1520 2774 1563 2830 cui
1587 2773 1731 2829 Psalmista

928 2865 993 2920 dicit
1005 2865 1217 2931 :Domineunlc
1228 2868 1255 2919 te
1264 2880 1345 2919 omne
1356 2863 1527 2918 desiderium
1537 2879 1633 2918 meunt
1643 2863 1733 2932 (Paul.

930 2968 1044 3021 xxxvii,
1070 2956 1132 3022 tu);
1158 2968 1271 3007 securus
1296 2936 1426 3006 voluntati
1449 2959 1548 3007 vestrae
1578 2949 1684 3017 latebo,
1707 2957 1734 3006 et

898 3044 1061 3114 cquantum
1077 3049 1172 3111 potero
1185 3048 1307 3095 restrum
1324 3039 1490 3094 desiderium
1513 3040 1664 3110 adimplere
1684 3055 1734 3095 cu·

932 3132 1011 3186 rabo.
1031 3132 1084 3185 Vos
1099 3138 1190 3184 antem
1212 3129 1341 3185 attendite
1364 3129 1437 3199 quod
1463 3129 1537 3184 omni
1560 3129 1664 3184 homini
1686 3128 1734 3200 qui

933 3220 1050 3275 Domino
1066 3217 1175 3289 placere
1189 3218 1254 3284 vult,
1272 3217 1337 3272 dicit
1359 3216 1496 3288 Scriptura
1514 3235 1520 3272 ι
1539 3219 1604 3274 Post
1628 3233 1733 3273 coucu-

931 3310 1088 3381 piscentior
1104 3311 1180 3373 tuas,
1192 3305 1512 3376 scilicetimprobabiles,
1529 3323 1587 3363 nou
1601 3322 1660 3372 eus,
1677 3310 1732 3361 eto

932 3402 983 3453 tuo
994 3398 1140 3452 volurrtote
1148 3395 1251 3451 carnali
1262 3395 1399 3464 videlicet,
1408 3399 1534 3450 avertere
1543 3395 1641 3463 (decli.
1649 3407 1732 3465 xvttt,

931 3485 977 3555 30)
994 3503 1001 3552 ;
1019 3492 1044 3539 et
1061 3502 1067 3538 ε
1085 3485 1158 3541 Sunt
1172 3486 1224 3539 vtoe
1238 3500 1298 3555 quse
1312 3482 1444 3538 uideretur
1459 3482 1618 3538 luminibus
1635 3483 1729 3547 rectae,

930 3589 1051 3645 quorum
1065 3572 1131 3642 finis
1147 3588 1233 3645 usque
1248 3571 1284 3627 att
1310 3571 1484 3644 profundum
1498 3571 1609 3642 inserui
1624 3570 1734 3627 demer-

929 3663 970 3733 git
985 3661 1076 3732 (Pron.
1093 3675 1154 3726 ιιιι,
1168 3662 1225 3729 25).

77 3803 160 3859 usque
175 3786 212 3840 ad
227 3792 343 3840 mortem
360 3784 508 3841 :fundatus
523 3785 594 3840 enim
606 3793 662 3841 erat
678 3801 757 3856 snpra
773 3785 880 3841 sirmam
966 3776 1011 3830 ΙΙΙ·
1029 3777 1068 3832 De
1084 3790 1116 3831 eu
1133 3775 1205 3847 quud
1217 3774 1318 3830 ibidem
1332 3773 1506 3846 subsequitur
1520 3790 1552 3829 ex
1568 3772 1686 3840 Oducto,
1702 3772 1731 3829 in

77 3877 289 3946 petram.Petro‚
299 3873 386 3945 inquit
397 3874 797 3946 Apostoluscrotdbrislus(l
810 3877 871 3932 Cor.
929 3865 1145 3936 praecedentibus
1160 3864 1257 3919 litteris
1273 3864 1339 3918 satis
1354 3864 1431 3919 vobis
1447 3862 1586 3935 respondi.

78 3977 99 4028 ι,
119 3963 158 4032 4).
174 3957 346 4014 conveniam
361 3973 429 4030 ergo
452 3958 480 4012 in
499 3974 566 4030 [ιιιῦθ
586 3958 696 4025 Chl'lSll,
711 3958 781 4013 Sicut
796 3967 879 4014 ὃιᾶιιι·
963 3973 1009 4026 IV,
1035 3973 1075 4026 Dp
1090 3988 1123 4026 ρο
1139 3971 1213 4042 quod
1241 3987 1305 4026 mox
1329 3969 1515 4042 subsequitur,
1536 3991 1547 4019 g
1569 3967 1637 4039 Quia
1652 3984 1730 4025 meus

77 4056 128 4104 turn
143 4047 297 4104 sectandum
313 4061 406 4103 suctus
422 4062 542 4102 canones
557 4046 614 4115 full,
645 4048 672 4102 iu
702 4048 807 4119 ⁵y1¹0d⁰
822 4047 880 4118 epi·
928 4060 1029 4115 missus
1056 4061 1214 4115 Altramnus
1243 4061 1392 4115 nronachus
1419 4057 1496 4115 vobis
1512 4058 1604 4116 retulit
1622 4073 1730 4114 exmea

78 4135 1727 4221 mmmmmffluwmfflmmmpmmmmmmwmmmmma

79 4226 160 4282 liberi)
175 4240 315 4282 consensu
336 4231 439 4291 veslit),
470 4224 537 4280 sicul
567 4224 671 4296 legium
699 4225 879 4280 ministerium
928 4238 1000 4309 quod
1016 4254 1064 4293 vos
1079 4245 1104 4293 gl
1120 4239 1198 4309 {lugo
1212 4236 1298 4291 abbas
1327 4236 1553 4292 gt'sheodopjcus
1570 4251 1661 4292 comes
1677 4251 1730 4291 (ιω.

81 4316 160 4384 ιθθθῑι
176 4323 204 4370 θῑ
216 4315 293 4383 ιἰιιῑἶι
308 4313 425 4385 legalem
442 4327 474 4369 ιθ
489 4313 643 4386 melfiam]
653 4313 768 4371 f0l¹¹l³¹¹¹
783 4314 878 4370 elec¹5⁰
928 4326 1033 4399 terique
1048 4326 1133 4381 vestri
1148 4325 1242 4381 lidcles
1258 4325 1448 4392 decernerent,
1467 4346 1478 4374 ι
1497 4324 1554 4379 scio
1569 4323 1640 4378 istud
1653 4338 1729 4378 man·

81 4411 240 4476 mquam?
256 4409 282 4458 el
296 4401 430 4457 ⁰fdl¹1³¹i0
447 4411 643 4474 prosequetur,
892 4405 1021 4469 Ddatum
1036 4430 1067 4469 ex
1083 4430 1127 4468 rne
1143 4429 1197 4468 non
1211 4414 1390 4486 processisse,
1407 4426 1457 4468 nee
1480 4411 1538 4482 ipse
1559 4409 1642 4466 irater
1663 4411 1729 4466 mihi

351 4533 521 4590 EPISTOLA
539 4535 594 4590 XX
929 4503 993 4558 talia
1017 4518 1047 4558 se
1071 4502 1172 4558 dixisse
1196 4501 1335 4574 professus
1350 4510 1401 4557 est.
1418 4499 1534 4556 llemilto
1548 4507 1638 4553 autem
1653 4497 1729 4552 illum

197 4649 234 4688 AD
255 4647 371 4688 mm
390 4648 549 4688 mmmm
566 4576 603 4687 ω’
616 4647 708 4689 ΒΜ
928 4593 963 4648 ad
979 4608 1036 4659 ros,
1054 4598 1082 4646 ut
1096 4607 1189 4647 corum
1205 4589 1330 4646 lidclibus
1346 4589 1454 4657 vestris,
1471 4595 1517 4641 aut
1530 4584 1728 4658 prefiteaturse

335 4732 341 4743 .
569 4731 578 4760 y.
713 4673 719 4686 ⁸
775 4730 779 4741 .
927 4681 961 4735 ita
978 4681 1090 4749 dixisse,
1106 4688 1152 4735 aut
1166 4681 1299 4737 ueraciter
1312 4679 1429 4749 deneget
1450 4675 1513 4730 talia
1528 4674 1604 4729 robis
1620 4690 1652 4732 ex
1667 4690 1728 4732 mea

151 4734 189 4788 ω
206 4731 315 4786 Mam
330 4730 604 4888 mvgwr‘dmllmoe
619 4730 804 4785 mmm
928 4779 1004 4840 parte
1020 4786 1074 4825 non
1103 4769 1296 4826 ambasciasse.
1326 4767 1402 4823 Unde
1418 4772 1525 4836 putant
1545 4763 1615 4820 sicut
1629 4764 1658 4820 in
1672 4780 1725 4821 no-

312 4843 373 4898 ltpn
399 4852 455 4888 eum
474 4852 522 4888 em.

926 4859 999 4914 mine
1014 4859 1186 4931 interprisum
1201 4866 1251 4923 est,
1267 4858 1303 4910 ita
1316 4856 1351 4910 sit
1375 4862 1400 4909 et
1420 4855 1448 4907 in
1461 4853 1637 4911 ambasciato.
1654 4855 1725 4909 Nam

927 4942 976 4998 iste
1004 4943 1089 4998 l'rater
1116 4952 1208 4997 noster
1223 4938 1327 4995 archis
1340 4938 1374 4992 ad
1387 4953 1431 4992 me
1447 4938 1556 4993 rediens
1572 4937 1725 4993 ambascia-

114 4942 227 4998 Domino
239 4941 383 4997 Lunovrco
393 4941 452 5012 regi
459 4939 581 5014 glorioso
591 4941 755 4996 lliscuanus
770 4941 876 5013 episco-

84 5047 129 5102 pus
143 5047 175 5088 ac
189 5029 280 5103 plebis
295 5029 346 5084 Dei
373 5029 500 5084 famulus.

112 5120 150 5176 Ex
164 5118 262 5176 litteris
277 5118 369 5192 sigillo
383 5125 474 5175 vestro
484 5118 577 5173 subter
588 5117 712 5192 signatis,
729 5136 795 5192 quas
810 5120 876 5175 mihi
926 5129 951 5177 et
967 5128 1070 5192 peteret
1085 5128 1112 5175 ut
1125 5120 1159 5173 ad
1173 5134 1241 5189 opus
1256 5115 1357 5172 Odacri
1372 5118 1538 5173 honorarem
1558 5131 1607 5172 vos
1621 5116 1656 5171 de
1667 5115 1724 5185 epi-

81 5207 207 5264 Warinus
221 5207 339 5264 clericus
354 5207 445 5262 Idibus
459 5207 602 5278 praesentis
629 5208 701 5263 lunii
725 5209 827 5264 mensis
842 5225 875 5265 ex
925 5211 1018 5282 scopio
1034 5207 1206 5265 Belvacensis
1220 5206 1361 5263 Ecclesiae.
1379 5207 1425 5262 Cui
1442 5205 1579 5277 respondi,
1596 5203 1725 5275 quoniam

80 5306 168 5354 reatra
181 5305 258 5369 parte
281 5297 402 5367 donarit,
426 5313 480 5351 non
505 5296 586 5352 statui
609 5302 642 5351 ad
667 5296 775 5371 singula
798 5299 876 5354 vobis
926 5301 994 5354 sieut
1017 5297 1113 5353 melius
1135 5305 1162 5352 et
1184 5296 1371 5351 honorabilius
1396 5303 1477 5366 atque
1493 5292 1630 5348 salubrius
1645 5293 1723 5361 scivi,

79 5388 237 5452 rescribere,
254 5384 383 5457 quoniam
405 5386 440 5442 de
463 5387 682 5457 praecedentibus
692 5387 828 5442 mandatis
849 5397 877 5443 et
925 5405 973 5444 vos
992 5388 1055 5442 inde
1069 5388 1204 5442 honorare
1220 5386 1324 5455 curavi,
1341 5388 1454 5441 hortans
1468 5390 1497 5437 ut
1512 5382 1580 5438 sicut
1607 5382 1726 5455 professi

79 5474 172 5532 litteris
187 5474 285 5532 vestris
296 5475 355 5544 jam
370 5474 536 5532 sufficienter
550 5476 627 5531 robis
653 5476 792 5549 rescripsi.
820 5477 874 5533 lle·
925 5477 990 5533 estis
1005 5476 1033 5531 in
1048 5476 1092 5531 die
1107 5475 1321 5533 consecrationis
1337 5472 1474 5531 vestraein
1499 5471 1631 5546 regimine
1648 5472 1725 5546 regni

926 5033 963 5087 vit
977 5032 1043 5087 milri
1059 5048 1090 5086 ex
1114 5039 1203 5086 vestra
1222 5037 1307 5100 parte,
1325 5037 1352 5082 ut
1373 5027 1472 5099 pedem
1496 5044 1587 5084 meum
1607 5027 1726 5083 basiaret
