3826 6098
10 5658 91 6058 ι

130 229 185 285 bii
494 222 617 283 OPUSC.
642 219 689 278 ΕΤ
715 221 825 311 nutsm
848 220 886 275 IN
909 217 1023 275 CAUSA
1049 216 1222 274 amanam
1248 215 1402 275 LAUDUN.
1736 217 1788 273 tto

133 353 193 423 ejus
208 359 294 420 erant,
310 351 334 407 si
348 350 479 407 Dominus
493 350 621 423 persequi
635 349 711 406 dixit.
726 350 759 404 lit
774 346 836 404 ideo
851 345 880 401 in
893 360 937 425 me
953 342 1064 407 Acium
1087 342 1243 414 increpare,
1273 357 1364 397 mores
1390 356 1536 414 pravorum
1562 357 1700 412 premere,
1724 340 1787 397 rita

131 441 304 514 imperfecto,
319 441 402 497 modo
417 439 539 513 quolibet
560 447 703 512 persecuto
718 436 794 493 illum
808 434 936 508 persequi
987 432 1129 506 prodesse.
1147 431 1319 489 Pensandum
1333 439 1375 487 est
1385 430 1466 504 igitur
1480 430 1588 503 quando
1603 430 1638 485 ab
1659 429 1787 502 increpa-

133 530 229 597 credo,
246 529 309 602 quia
323 537 349 585 et
363 545 432 586 voce
446 535 548 586 sanctae
562 526 735 584 Ecclesiaein
750 525 937 598 quaejussum
987 522 1061 577 tione
1074 521 1233 594 quiescitur,
1250 529 1349 593 quanta
1364 520 1444 592 culpa
1459 519 1503 588 sit,
1533 520 1556 608 si
1585 535 1648 575 curn
1676 517 1718 574 his
1742 517 1788 591 qui

133 619 259 675 ultimum
273 618 426 674 membrum
438 634 488 690 per
514 616 673 672 Psalmitam
689 615 787 671 dicitur
803 632 810 668 ε
827 614 936 687 fmper-
987 610 1148 682 increpandi
1170 618 1233 665 suut
1258 610 1316 665 siue
1345 609 1533 682 increpatione
1549 624 1603 682 pax
1628 615 1743 665 tenetur.
1759 605 1789 662 Si

133 705 627 780 fectommcumvideruntoculitui,
637 704 937 761 etinliirotooomnes
987 700 1121 770 propheta
1135 707 1225 754 tantus
1253 700 1305 755 hoc
1319 699 1392 754 velut
1415 697 1559 755 historiam
1573 697 1691 754 Domino
1706 696 1788 753 obtu-

133 790 935 866 scribcnturlPsui.orarum).EtiterumPsalmistadicit:
988 787 1026 857 lit,
1044 786 1117 860 quod
1132 795 1227 843 contra
1247 803 1277 842 se
1300 803 1448 859 pravorum
1469 786 1626 842 inimicitias
1649 784 1787 844 excitavit.

134 885 571 943 Berecdixitomncstimentcsso
587 884 723 939 Dominus
737 883 856 955 pusillos
871 897 937 937 cam
988 876 1065 933 Unde
1090 875 1189 931 Paulus
1210 876 1359 948 discipulos
1381 878 1510 932 admonet
1529 875 1647 931 dicens:
1673 876 1703 931 Si
1726 875 1788 949 quis

134 975 290 1044 maioribus
300 972 388 1043 (Psoi.
398 973 477 1043 ιιιιι)
494 978 538 1040 ;ιι
550 970 596 1043 qui
610 969 753 1040 injudicio
768 969 839 1025 dicet
847 968 881 1025 de
890 968 938 1025 be·
987 982 1045 1022 non
1060 963 1151 1021 obedit
1160 966 1238 1022 acrio
1246 968 1342 1023 nostro
1354 982 1406 1037 per
1416 966 1574 1037 epistolam,
1587 964 1663 1020 banc
1679 965 1786 1030 notate,

134 1060 251 1118 nefastis
265 1058 485 1117 benefactoribus
501 1078 508 1114 :
526 1060 658 1128 Quamdiu
669 1057 937 1132 fecistisanidcliis
988 1057 1016 1109 et
1038 1070 1096 1110 non
1120 1055 1360 1111 commisceamini
1385 1070 1450 1109 cum
1470 1054 1521 1110 ilio
1537 1057 1571 1109 at
1592 1051 1791 1124 confundatur

133 1151 543 1221 minimismcismilrisecistis
555 1148 667 1220 (liciti.
677 1147 756 1219 xxv).
992 1142 1030 1213 (ll
1046 1143 1122 1199 Thes.
1149 1141 1202 1214 ιιι).
1232 1143 1321 1213 Atque
1336 1141 1408 1199 illico
1420 1140 1558 1212 subjunxit
1578 1159 1585 1195 ι
1601 1143 1637 1198 Ει
1652 1141 1742 1198 nolite
1755 1142 1790 1196 ot

170 1239 312 1297 veraciter
326 1238 410 1296 credo
423 1237 485 1310 quia
507 1236 638 1309 quidquid
648 1235 714 1292 mihi
725 1235 788 1292 sive
810 1235 938 1308 benigni·
989 1231 1140 1287 inimicum
1149 1232 1316 1287 existimare
1324 1231 1417 1297 illum,
1426 1231 1474 1287 scd
1484 1230 1617 1304 corripite
1627 1234 1661 1287 ut
1669 1233 1792 1302 fratrem

134 1328 210 1394 tatis,
227 1327 287 1384 sire
300 1325 473 1399 malignitatis
487 1340 537 1396 pro
561 1325 620 1394 ejus
648 1324 759 1381 nomine
787 1324 936 1392 exhibetur,
989 1320 1102 1392 (idid.)‚·
1117 1335 1150 1376 ac
1164 1319 1187 1375 si
1208 1319 1313 1376 diceret
1331 1318 1452 1376 :Pacem
1476 1335 1538 1375 cum
1567 1335 1600 1374 eo
1628 1318 1790 1376 exteriorem

134 1417 197 1472 sine
211 1415 296 1471 dubio
309 1414 349 1470 illi
362 1413 539 1485 impenditur.
555 1413 590 1470 Et
612 1413 678 1485 quia
700 1414 796 1470 beatus
818 1415 939 1469 ioannes
990 1407 1096 1475 solvite,
1114 1408 1163 1465 sed
1178 1407 1336 1464 interiorem
1351 1416 1447 1466 contra
1469 1406 1547 1463 illurn
1570 1406 1726 1463 medullitus
1739 1421 1791 1465 cu-

133 1504 260 1578 Baptista
273 1519 324 1576 pro
339 1503 460 1570 veritate,
477 1502 605 1559 videlicet
619 1519 669 1574 pro
684 1502 791 1558 Christo
807 1501 866 1557 sine
885 1501 939 1558 du·
990 1497 1097 1553 stodite.
1113 1498 1148 1552 Et
1162 1498 1208 1570 qui
1222 1514 1316 1554 amore
1332 1505 1377 1553 tuo
1393 1505 1419 1553 te
1434 1497 1517 1553 credo
1532 1495 1659 1571 refugere
1675 1497 1711 1553 ad
1724 1511 1792 1570 per-

133 1593 270 1650 bitatione
284 1591 420 1662 occubuit,
437 1591 507 1648 sicut
533 1592 593 1664 ipse
617 1592 765 1648 ostendens
779 1590 846 1648 dicit
863 1609 870 1648 :
885 1593 939 1663 Epo
990 1585 1064 1658 fugia
1079 1586 1169 1653 solita,
1186 1586 1336 1643 soilioetad
1366 1585 1523 1643 excusanda
1548 1585 1739 1643 excusationes
1762 1584 1792 1642 in

133 1699 204 1740 sum
217 1683 323 1739 ueritas
332 1680 504 1753 (iconam).
513 1681 615 1753 Elego,
627 1688 656 1735 ut
664 1679 788 1753 Apostoli
801 1688 863 1735 utar
876 1696 939 1736 ver·
990 1674 1118 1746 peccatis,
1135 1683 1164 1730 ιι
1179 1675 1256 1732 dicas
1271 1675 1334 1748 quia
1349 1675 1431 1731 etiam
1445 1675 1479 1732 de
1505 1674 1670 1747 cogitatione
1694 1683 1720 1731 te
1744 1675 1793 1745 ju-

134 1771 192 1842 bis,
211 1769 338 1826 inimicus
353 1767 440 1825 factus
455 1785 516 1825 sum
531 1769 579 1825 tibi
594 1785 661 1825 vera
676 1768 827 1825 tibidicens
841 1776 940 1825 etsua-
991 1763 1063 1831 dico,
1080 1780 1141 1820 cum
1155 1764 1226 1821 dicat
1240 1763 1387 1835 Apostolus
1403 1782 1410 1821 :
1430 1765 1496 1833 Quis
1511 1765 1722 1823 scithominum
1732 1780 1793 1838 grue

132 1859 219 1925 dens,
239 1857 289 1914 sed
303 1858 470 1930 persuadere
480 1873 535 1914 non
550 1857 652 1925 valens,
670 1866 708 1926 ut,
725 1858 794 1914 sicut
809 1858 869 1930 ipsa
884 1858 941 1914 Vc·
991 1853 1201 1921 semihominis,
1217 1854 1275 1910 nisi
1285 1855 1404 1926 spiritus
1415 1853 1538 1910 hominis
1549 1853 1639 1926 quiin
1654 1854 1713 1927 ipso
1724 1855 1793 1910 cst?

133 1948 205 2004 ritas
218 1962 271 2020 per
285 1946 395 2003 beatum
409 1947 528 2003 Leonem
543 1947 607 2003 dicit
623 1945 834 2003 :Obedientiaru
858 1960 941 2018 quam
991 1942 1017 2013 (f
1044 1941 1103 1998 Cor.
1129 1941 1163 2014 ιι)
1184 1941 1323 2013 praevenio
1347 1941 1411 1997 huic
1434 1948 1488 1996 tuan
1508 1941 1656 2010 objectioni
1685 1941 1790 2009 dicens,

134 2053 152 2092 a
166 2036 224 2092 tuis
240 2035 356 2091 subditis
370 2034 471 2109 exigis,
486 2034 607 2107 praelatis
630 2035 684 2091 tuis
707 2035 766 2106 ipse
788 2035 939 2106 dependas,
991 2030 1054 2102 quia
1063 2039 1127 2088 tunc
1142 2030 1254 2102 spiritus
1269 2030 1387 2086 hominis
1401 2029 1546 2104 ignoratur
1561 2029 1595 2084 ab
1610 2028 1704 2097 altero,
1730 2045 1793 2086 cum

132 2132 162 2182 et
177 2125 209 2181 in
223 2141 257 2181 ea
269 2123 410 2181 vocatione
424 2138 478 2196 qua
492 2131 606 2180 vocatus
621 2139 662 2194 es,
678 2123 706 2179 in
722 2140 753 2180 ea
767 2139 940 2196 permaneas,
991 2118 1092 2186 verbis,
1109 2120 1154 2176 vel
1180 2121 1309 2192 operibus
1337 2135 1391 2176 non
1415 2118 1618 2176 demonstratur
1634 2133 1715 2173 :nam
1730 2132 1793 2176 oum

132 2230 200 2287 quae
215 2213 351 2285 quianon
365 2210 543 2279 suffers,non
558 2212 646 2269 solum
662 2213 737 2281 mihi,
751 2213 842 2269 sedet
869 2213 941 2270 mul-
992 2208 1123 2280 scriptum
1140 2208 1182 2277 sit,
1198 2209 1399 2282 detractibus
1425 2224 1523 2265 eorum
1551 2208 1723 2281 coqmrscctis
1747 2223 1793 2267 eos

132 2303 170 2359 tis
186 2301 351 2358 scandalum
365 2301 480 2374 ingeris,
496 2309 523 2357 et
532 2301 641 2358 Veritas
649 2301 714 2358 dicit
729 2320 736 2357 :
754 2302 941 2371 Quisccndc-
991 2296 1101 2368 (Multi.
1119 2297 1180 2368 vu),
1192 2313 1241 2370 per
1255 2297 1309 2353 hoc
1322 2297 1394 2370 quod
1409 2295 1477 2352 foris
1491 2296 1582 2370 agitur
1596 2296 1729 2368 quidquid
1752 2295 1794 2353 in·

134 2393 274 2448 tizoucrit
287 2406 379 2447 unum
394 2391 427 2447 dc
439 2392 556 2464 pusillis
566 2392 687 2464 islisqoi
700 2393 733 2448 in
745 2408 790 2448 mc
811 2391 940 2458 credunt,
991 2402 1035 2449 tus
1049 2393 1114 2451 latet
1139 2393 1270 2467 aperitur.
1292 2394 1369 2452 Unde
1392 2402 1467 2452 recte
1482 2410 1591 2467 quoque
1608 2409 1659 2466 per
1674 2393 1796 2451 Salomo

130 2479 329 2554 expeditatci
336 2478 609 2552 suspendaturmola
616 2481 746 2536 canario
754 2480 862 2537 inculto
869 2483 941 2553 ejus,
992 2498 1055 2538 nem
1070 2482 1169 2539 dicitur
1185 2500 1192 2537 z
1209 2483 1346 2552 Quomodo
1362 2485 1395 2539 in
1409 2485 1490 2558 cquis
1505 2483 1689 2557 resplendent
1698 2483 1795 2540 cultus

130 2569 355 2640 etdcmcrqctur
364 2567 575 2641 inprosondam
586 2568 898 2641 marisllfcttimvru).
907 2569 943 2626 Et
990 2573 1235 2645 perspicientiam,
1251 2573 1292 2629 sic
1304 2573 1388 2630 corda
1402 2573 1549 2631 hominum
1555 2572 1713 2643 manifesto
1724 2575 1795 2629 cont

129 2657 204 2714 item
218 2656 293 2727 idem
307 2656 431 2713 Christus
445 2656 599 2725 Deivirtus,
611 2665 638 2712 et
646 2657 697 2714 Dei
711 2657 843 2730 sapientia
852 2657 941 2714 dicit:
990 2660 1177 2732 prudentibus
1193 2660 1284 2733 (Prou.
1300 2661 1397 2730 ιιιιι).
1430 2660 1498 2717 Cum
1512 2660 1580 2717 dicis
1609 2667 1636 2716 te
1651 2658 1795 2731 scripsisse

135 2748 205 2804 Viro
221 2748 272 2819 qui
292 2746 493 2819 corripientem
507 2744 579 2803 darc
595 2748 701 2803 ceruice
720 2748 881 2804 contemnit
894 2761 942 2803 rc·
992 2747 1028 2802 ad
1051 2746 1230 2804 auferendam
1252 2748 1484 2823 amphibologiam
1507 2747 1662 2805 traditionis
1686 2755 1739 2805 tuae
1761 2764 1795 2805 ex

127 2836 280 2909 pentinum
293 2837 473 2908 superveniet
483 2837 630 2902 interitus,
647 2839 676 2891 ct
690 2837 871 2892 eumsonitas
884 2851 943 2892 non
992 2835 1128 2906 primitivo
1156 2837 1270 2910 genitivi
1305 2837 1376 2893 inter
1409 2838 1560 2894 tradentem
1598 2845 1624 2894 et
1651 2836 1792 2908 traditum,

130 2923 381 2998 seqnctarffroo.
406 2925 500 2996 xxix).
526 2924 561 2979 Et
581 2923 690 2996 Moyses
712 2932 739 2979 et
761 2926 853 2979 Aaron
875 2924 943 2980 dura
992 2925 1202 2998 grammaticam
1218 2941 1301 2998 quarn
1314 2926 1363 2982 tibi
1377 2925 1507 2982 insinuari
1519 2925 1572 2982 feci
1599 2941 1652 3000 ego
1677 2934 1704 2982 et
1732 2925 1793 2998 ipse

130 3012 250 3071 ceruice
272 3011 408 3068 resistenti
429 3011 481 3068 sibi
504 3012 605 3085 populo
633 3011 725 3068 dicunt
741 3030 748 3066 ε
763 3013 818 3069 Nec
842 3017 943 3070 contro
993 3014 1069 3081 satis,
1085 3014 1151 3070 mihi
1166 3013 1305 3071 infaciem
1321 3014 1415 3088 expuis
1432 3033 1439 3070 ε
1456 3015 1531 3088 quod
1551 3015 1653 3090 gratias
1676 3014 1716 3071 illi
1742 3031 1795 3089 pa-

130 3104 246 3158 noscst
260 3105 534 3171 momorvcslram,
546 3102 594 3157 scd
609 3106 710 3158 contro
732 3104 820 3159 Deam
841 3104 941 3174 (deod.
958 3070 1091 3159 Gtienter
1100 3112 1213 3176 portare
1227 3120 1350 3176 possum,
1375 3104 1421 3177 qui
1446 3104 1520 3177 quod
1541 3104 1576 3160 de
1604 3121 1635 3160 se
1657 3103 1794 3177 praedixit,

126 3191 212 3262 xva).
228 3189 309 3246 Unde
322 3205 374 3247 nec
384 3198 444 3246 tuas
459 3190 616 3247 inimicitias
631 3206 740 3258 vereor,
757 3207 809 3249 nec
824 3200 850 3248 te
879 3206 942 3248 mo·
992 3208 1043 3265 pro
1053 3209 1097 3249 me
1110 3201 1257 3265 peccatore
1272 3192 1399 3248 sustinuit
1415 3210 1422 3247 ι
1438 3196 1560 3261 Faciem,
1582 3192 1678 3265 inquit,
1702 3210 1795 3252 mcum

124 3294 206 3336 nere
221 3278 252 3334 in
274 3279 446 3346 necessariis,
464 3296 525 3351 quae
551 3278 610 3335 sinc
624 3287 738 3351 peccato
753 3296 808 3335 non
830 3296 943 3353 possum
992 3299 1051 3339 non
1064 3284 1155 3339 cocrti
1164 3281 1467 3355 oiincreponlibas,ct
1479 3283 1699 3354 conspuentibus
1710 3284 1795 3342 inme

124 3367 290 3435 dimittere,
304 3367 438 3435 desinam,
469 3368 559 3424 sciens
584 3383 681 3440 pacem
708 3368 855 3426 dilectione
869 3369 943 3426 inte·
993 3370 1108 3442 (isam).
1124 3369 1180 3425 Sed
1209 3369 1274 3442 quia
1302 3379 1327 3427 te
1349 3369 1487 3438 traditum,
1512 3377 1539 3425 et
1566 3385 1622 3425 non
1641 3371 1795 3428 tradentem

125 3473 190 3531 gra
207 3455 432 3513 intrinsecusme
447 3465 541 3514 tenere
556 3457 669 3525 debere,
690 3471 770 3530 quam
785 3474 834 3529 per
842 3457 944 3515 vectio·
993 3459 1121 3530 designas
1131 3475 1165 3514 ex
1177 3459 1298 3530 nomine,
1315 3460 1350 3515 de
1376 3461 1429 3515 hoc
1458 3465 1505 3514 tuo
1529 3458 1603 3514 dicto
1632 3474 1687 3515 non
1716 3476 1796 3532 curo,

126 3562 205 3602 nem
219 3544 298 3602 uocis
312 3545 378 3600 mihi
393 3546 577 3603 exstrinsecus
589 3562 643 3603 non
671 3545 753 3603 tirneo
768 3547 941 3618 perturbare.
993 3547 1177 3604 testimonium
1192 3547 1257 3604 inde
1271 3548 1432 3620 perhibente
1447 3547 1514 3604 mihi
1537 3547 1704 3604 conscientia
1731 3564 1795 3607 mea

126 3634 224 3705 Quod
238 3640 383 3707 utrumque
398 3635 512 3707 provide
531 3635 617 3691 David
633 3651 663 3692 se
677 3635 803 3708 perhibet
819 3651 942 3704 servare,
992 3636 1060 3691 nihil
1075 3653 1118 3693 me
1134 3636 1197 3693 hinc
1210 3636 1258 3693 tibi
1274 3653 1335 3693 ease
1349 3636 1511 3692 debitorem.
1527 3636 1605 3694 Unde
1617 3645 1648 3692 et
1661 3654 1713 3710 pro
1736 3638 1795 3696 mi·

126 3740 203 3782 cum
220 3722 311 3779 dicit:
329 3723 398 3780 Cam
408 3724 452 3780 his
467 3725 515 3798 qui
526 3725 944 3798 oderuntpacemcrampccifi-
993 3727 1211 3793 nimoest,atcx
1223 3725 1797 3798 hocatejudiccrveioblumonodicrscd

125 3828 282 3883 caucum
291 3813 942 3887 loquebariilicimpugnabuntmcqrotis(Psoi.
994 3813 1796 3888 neqacmcipsumindcdijodico(lCor.rv).Verumtamen

126 3901 233 3974 cxrx).
249 3900 326 3957 Ecce
335 3907 363 3956 et
376 3900 491 3973 loquens
503 3901 724 3976 impugnabatur,
736 3910 763 3959 ct
785 3910 876 3959 tamen
890 3902 944 3958 im-
995 3904 1019 3958 si
1033 3912 1059 3960 te
1069 3903 1105 3959 ita
1119 3904 1190 3959 mori
1205 3912 1315 3975 gratum
1329 3903 1439 3972 scirem,
1455 3911 1485 3960 ut
1509 3896 1566 3962 'hoc
1590 3905 1625 3960 ad
1653 3905 1796 3962 utilitatem

124 3990 320 4063 impugnatus
332 3996 391 4045 erat
405 3989 545 4062 pacificus,
562 3991 691 4063 quoniam
706 4007 758 4048 nec
778 3991 944 4048 insanientes
995 4000 1077 4060 tuam,
1094 4001 1119 4048 et
1135 3993 1170 4048 ad
1183 3992 1283 4048 mentis
1298 4000 1351 4049 tuae
1367 3992 1513 4048 sanitatem
1526 4001 1621 4065 posset
1648 3992 1795 4067 proficere,

125 4077 271 4137 cessabat
284 4078 496 4150 reprehendere,
512 4095 563 4137 nec
583 4082 763 4153 reprehensos
788 4081 945 4155 negligebat
994 4081 1039 4138 vel
1053 4081 1119 4136 mihi
1133 4081 1197 4138 iude
1213 4097 1409 4155 cognoscerem
1419 4081 1539 4154 aliquam
1554 4083 1749 4140 necessitatem
1758 4082 1799 4140 in·

127 4183 245 4224 amare.
262 4166 332 4223 ilinc
345 4165 428 4223 etiarn
442 4168 541 4224 Paulus
556 4169 593 4224 nit
609 4187 615 4224 ε
633 4171 661 4226 Si
680 4171 744 4239 fieri
759 4174 852 4243 potest
874 4171 945 4243 qaod
995 4171 1133 4240 cumbere,
1150 4178 1177 4225 et
1191 4171 1299 4242 scriptis
1314 4171 1383 4228 meis
1396 4171 1431 4227 ad
1439 4188 1545 4245 regern,
1560 4180 1587 4228 et
1595 4172 1630 4228 ad
1639 4173 1796 4247 episcopos,

125 4274 168 4315 ex
177 4256 263 4315 vobis
273 4259 316 4312 cst
325 4271 391 4313 cam
398 4258 526 4315 omnibns
537 4258 696 4315 bominibus
706 4275 805 4331 pacem
812 4259 945 4316 habentes
996 4267 1022 4314 et
1035 4259 1158 4332 ipsorum
1182 4259 1347 4327 testimonio,
1364 4275 1395 4315 ac
1409 4276 1460 4331 per
1489 4261 1557 4315 alios
1582 4260 1696 4317 idoneos
1710 4269 1798 4319 tester

126 4348 232 4416 (Rom.
248 4344 305 4416 ιιιι)
315 4363 324 4412 ;
334 4346 455 4402 hortatus
469 4347 541 4401 enim
557 4347 704 4419 Apostolus
720 4355 749 4402 ut
764 4363 859 4418 pacem
884 4364 946 4405 curu
996 4365 1107 4420 possem
1119 4348 1166 4402 tibi
1180 4348 1327 4403 ostendere
1341 4364 1395 4413 me,
1412 4347 1481 4402 sicut
1495 4347 1560 4415 diri,
1573 4348 1724 4405 debitorem
1733 4349 1798 4408 hinc

125 4434 271 4491 omnibus
285 4433 425 4501 haberent,
442 4434 573 4505 premisit
587 4435 682 4492 dicens
698 4452 705 4491 ε
722 4436 751 4492 Si
765 4435 823 4491 sreri
843 4432 980 4509 potest,D
996 4437 1044 4492 tihi
1054 4452 1194 4493 nonesse:
1214 4437 1682 4510 Uniuscujusqaccnimcpusquale
1692 4438 1797 4496 sildics

125 4533 223 4596 atque
238 4521 393 4590 subjunxit3
411 4522 484 4594 quod
499 4539 531 4579 ex
548 4524 626 4580 vobis
638 4531 679 4579 est
696 4543 702 4579 :
720 4524 829 4581 difficile
846 4525 946 4598 quippe
996 4524 1277 4582 Dortinidcclcrciit.
1291 4525 1316 4598 (ι
1323 4525 1383 4581 Cor.
1392 4524 1445 4596 ιιι).
1460 4523 1601 4593 Quiarero
1609 4525 1643 4581 de
1651 4526 1797 4585 traditione

126 4618 194 4669 erat
208 4616 243 4666 ut
257 4609 369 4666 simula
385 4619 446 4668 acta
460 4612 641 4684 corriperent,
657 4613 756 4670 hahere
771 4630 869 4687 pacem
885 4630 946 4672 cum
996 4622 1042 4669 tua
1055 4615 1191 4688 quereris,
1208 4621 1234 4670 et
1248 4613 1316 4669 nihil
1330 4611 1360 4668 ιιι
1375 4613 1403 4668 in
1416 4621 1488 4669 terra
1503 4613 1562 4669 sine
1573 4629 1664 4682 causa,
1673 4615 1797 4689 nihilque

124 4699 271 4757 omnibus
284 4707 397 4771 possent
413 4718 420 4755 :
436 4701 485 4757 sed
500 4719 562 4759 cum
572 4693 732 4776 temporalis
750 4719 805 4776 par
829 4704 857 4759 in
878 4719 946 4776 pra·
998 4704 1071 4776 quod
1085 4712 1201 4761 autnon
1215 4702 1298 4760 faciat
1312 4704 1387 4760 Deus
1402 4703 1545 4776 propitius,
1578 4711 1624 4758 aut
1652 4702 1712 4761 fieri
1741 4720 1797 4763 non

124 4802 238 4846 uorum
252 4787 385 4845 cordibus
400 4805 434 4845 ex
448 4798 542 4847 nostra
557 4791 743 4863 increpatione
759 4791 944 4860 confunditur,
997 4793 1133 4865 permittat
1146 4793 1241 4862 iratus,
1259 4800 1285 4849 et
1298 4793 1441 4865 pluraliter
1456 4791 1514 4849 fieri
1533 4792 1691 4851 traditiones
1713 4802 1797 4868 atque

125 4874 276 4934 inviolata
289 4893 403 4934 neccsse
418 4886 461 4934 est
475 4887 505 4935 ut
518 4879 547 4934 in
559 4889 654 4937 nostro
663 4881 746 4936 corde
757 4889 890 4938 servetur.
997 4881 1114 4938 diversis
1129 4883 1217 4938 modis
1232 4882 1357 4938 diversos
1372 4889 1399 4937 et
1413 4897 1462 4954 pro
1479 4881 1596 4939 diversis
1611 4883 1704 4940 causis
1717 4884 1797 4942 tradi·

169 4965 249 5022 Hinc
258 4965 357 5021 iterum
371 4967 459 5023 David
474 4983 537 5024 cum
553 4985 582 5024 ae
593 4976 678 5024 toturn
691 4968 727 5024 ad
742 4967 848 5026 foedera
871 4969 947 5041 pacis
997 4978 1039 5026 tos
1054 4971 1181 5043 legimus,
1196 4986 1311 5027 necesse
1324 4978 1366 5026 est
1380 4970 1428 5025 tibi
1442 4970 1575 5027 subtiliter
1587 4980 1707 5030 mentem
1721 4981 1797 5030 tuam

126 5050 258 5112 internae
266 5054 476 5129 constringeret,
494 5064 608 5113 testatur
622 5058 771 5130 quodcum
785 5058 866 5115 maha
881 5066 947 5115 cort-
997 5058 1143 5131 discutere,
1160 5068 1189 5115 ut
1202 5059 1346 5115 meditatus
1361 5075 1424 5115 cum
1435 5059 1580 5128 cordetuo,
1593 5062 1796 5133 etnondolosa,

128 5143 268 5200 cordiam
283 5159 337 5200 non
351 5145 558 5203 teneretdiccns
575 5165 582 5203 :
598 5148 696 5206 Nonne
704 5149 752 5220 qui
768 5151 794 5205 lc
813 5148 945 5217 oderunt,
997 5149 1048 5205 sed
1062 5157 1137 5204 recta
1152 5156 1252 5205 statera
1281 5148 1441 5220 appendens
1469 5164 1571 5218 mores,
1602 5150 1795 5224 cogitationes,

130 5229 226 5301 Dens,
237 5231 437 5302 oderomiilos,
450 5237 711 5310 etsopcrinimicos
738 5240 798 5293 taos
821 5235 946 5294 tobescc·
997 5237 1093 5306 verba,
1110 5244 1137 5292 et
1151 5245 1228 5293 aetus
1243 5245 1315 5305 tuos,
1330 5237 1403 5310 apud
1418 5246 1444 5294 te
1459 5237 1583 5296 invenias
1610 5241 1669 5296 haec
1688 5238 1797 5296 traditio

135 5316 205 5378 born
217 5325 231 5378 f
244 5322 376 5394 Perfecto
386 5323 569 5382 odioodcrom
578 5327 653 5393 illos,
664 5326 776 5381 inimici
788 5326 862 5398 sacti
877 5328 947 5382 sont
997 5334 1044 5382 tua
1056 5324 1139 5391 unde,
1156 5333 1182 5381 et
1196 5340 1212 5380 ι
1227 5341 1281 5398 quo
1295 5327 1470 5398 processerit,
1487 5335 1608 5402 atquem
1635 5343 1796 5400 processum

135 5411 215 5467 milri
229 5411 321 5483 (Psoi.
338 5413 493 5486 cxxxvru).
512 5413 642 5470 lnimicos
657 5413 729 5471 enim
739 5412 862 5486 perfecto
884 5414 947 5472 odio
997 5414 1107 5482 haheat,
1124 5413 1168 5470 vel
1183 5415 1218 5471 ad
1234 5431 1314 5488 quem
1330 5414 1412 5473 frnern
1441 5424 1569 5490 spectat:
1590 5417 1709 5492 legimus
1722 5417 1797 5476 enim

143 5506 238 5565 odisse
261 5516 316 5580 est,
339 5510 375 5567 ad
398 5509 471 5584 quod
490 5508 628 5570 factisunt
642 5510 758 5586 diligere
773 5518 800 5570 et
815 5509 889 5585 quod
902 5510 946 5570 fa·
998 5513 1133 5585 quosdam
1146 5527 1164 5572 a
1178 5529 1208 5572 se
1222 5513 1348 5584 traditos,
1364 5521 1394 5572 ut
1407 5514 1509 5575 Paulus
1533 5514 1568 5574 ad
1594 5517 1731 5593 Ephesios
1762 5518 1797 5576 da
