<?xml version="1.0" encoding="UTF-8"?>
<!DOCTYPE html PUBLIC "-//W3C//DTD XHTML 1.0 Transitional//EN"
    "http://www.w3.org/TR/xhtml1/DTD/xhtml1-transitional.dtd">
<html xmlns="http://www.w3.org/1999/xhtml" xml:lang="en" lang="en">
 <head>
  <title>
</title>
<meta http-equiv="Content-Type" content="text/html;charset=utf-8" />
  <meta name='ocr-system' content='tesseract 3.04.00' />
  <meta name='ocr-capabilities' content='ocr_page ocr_carea ocr_par ocr_line ocrx_word'/>
</head>
<body>
  <div class='ocr_page' id='page_1' title='image "./patrologiaecurs81unkngoog/patrologiaecurs81unkngoog_0120.png"; bbox 0 0 3794 6104; ppageno 0'>
   <div class='ocr_carea' id='block_1_1' title="bbox 52 199 1714 282">
    <p class='ocr_par' dir='ltr' id='par_1_1' title="bbox 52 199 1714 282">
     <span class='ocr_line' id='line_1_1' title="bbox 52 199 1714 282; baseline 0.005 -10"><span class='ocrx_word' id='word_1_1' title='bbox 52 204 106 281; x_wconf 67' lang='lat' dir='ltr'><strong>in</strong></span> <span class='ocrx_word' id='word_1_2' title='bbox 798 199 800 202; x_wconf 75' lang='grc'>’</span> <span class='ocrx_word' id='word_1_3' title='bbox 819 219 1011 277; x_wconf 82' lang='lat' dir='ltr'><strong>aersrota.</strong></span> <span class='ocrx_word' id='word_1_4' title='bbox 1659 226 1714 282; x_wconf 81' lang='lat' dir='ltr'><strong>aar</strong></span> 
     </span>
    </p>
   </div>
   <div class='ocr_carea' id='block_1_2' title="bbox 59 342 1720 1837">
    <p class='ocr_par' dir='ltr' id='par_1_2' title="bbox 59 342 1720 1837">
     <span class='ocr_line' id='line_1_2' title="bbox 59 342 1714 419; baseline 0.001 -16"><span class='ocrx_word' id='word_1_5' title='bbox 59 346 177 411; x_wconf 89' lang='lat' dir='ltr'><strong>boravit,</strong></span> <span class='ocrx_word' id='word_1_6' title='bbox 191 344 438 418; x_wconf 81' lang='lat' dir='ltr'><strong>quaenecessitaria</strong></span> <span class='ocrx_word' id='word_1_7' title='bbox 448 343 500 400; x_wconf 91' lang='lat' dir='ltr'><strong>sibi</strong></span> <span class='ocrx_word' id='word_1_8' title='bbox 511 342 726 412; x_wconf 86' lang='lat' dir='ltr'><strong>etsuisluerunt,</strong></span> <span class='ocrx_word' id='word_1_9' title='bbox 736 359 771 398; x_wconf 90' lang='lat' dir='ltr'><strong>ne</strong></span> <span class='ocrx_word' id='word_1_10' title='bbox 782 359 862 414; x_wconf 88' lang='lat' dir='ltr'><strong>quem</strong></span> <span class='ocrx_word' id='word_1_11' title='bbox 877 345 1027 416; x_wconf 80' lang='lat' dir='ltr'><strong>A(llphes.</strong></span> <span class='ocrx_word' id='word_1_12' title='bbox 1044 360 1073 410; x_wconf 84' lang='lat' dir='ltr'><strong>v,</strong></span> <span class='ocrx_word' id='word_1_13' title='bbox 1091 344 1145 415; x_wconf 88' lang='lat' dir='ltr'><strong>lt).</strong></span> <span class='ocrx_word' id='word_1_14' title='bbox 1166 366 1176 394; x_wconf 75' lang='lat' dir='ltr'><strong>r</strong></span> <span class='ocrx_word' id='word_1_15' title='bbox 1194 344 1262 402; x_wconf 89' lang='lat' dir='ltr'><strong>Hinc</strong></span> <span class='ocrx_word' id='word_1_16' title='bbox 1275 354 1386 402; x_wconf 90' lang='lat' dir='ltr'><strong>sanctus</strong></span> <span class='ocrx_word' id='word_1_17' title='bbox 1400 346 1568 419; x_wconf 76' lang='lat' dir='ltr'><strong>Augustinus</strong></span> <span class='ocrx_word' id='word_1_18' title='bbox 1584 365 1590 402; x_wconf 93' lang='lat'><strong>:</strong></span> <span class='ocrx_word' id='word_1_19' title='bbox 1609 367 1621 399; x_wconf 79' lang='grc' dir='ltr'><strong>ι</strong></span> <span class='ocrx_word' id='word_1_20' title='bbox 1637 348 1714 404; x_wconf 84' lang='grc' dir='ltr'>1)οο-</span> 
     </span>
     <span class='ocr_line' id='line_1_3' title="bbox 59 431 1718 507; baseline 0.002 -17"><span class='ocrx_word' id='word_1_21' title='bbox 59 435 126 490; x_wconf 90' lang='lat' dir='ltr'><strong>libet</strong></span> <span class='ocrx_word' id='word_1_22' title='bbox 138 442 282 507; x_wconf 84' lang='lat' dir='ltr'><strong>gravaret,</strong></span> <span class='ocrx_word' id='word_1_23' title='bbox 301 442 328 488; x_wconf 90' lang='lat' dir='ltr'><strong>et</strong></span> <span class='ocrx_word' id='word_1_24' title='bbox 351 433 471 490; x_wconf 84' lang='lat' dir='ltr'><strong>inveniet</strong></span> <span class='ocrx_word' id='word_1_25' title='bbox 498 448 559 488; x_wconf 89' lang='lat' dir='ltr'><strong>scs</strong></span> <span class='ocrx_word' id='word_1_26' title='bbox 588 432 763 489; x_wconf 82' lang='lat' dir='ltr'><strong>successione</strong></span> <span class='ocrx_word' id='word_1_27' title='bbox 791 431 864 486; x_wconf 90' lang='lat' dir='ltr'><strong>illius</strong></span> <span class='ocrx_word' id='word_1_28' title='bbox 914 432 965 487; x_wconf 91' lang='lat' dir='ltr'><strong>bus</strong></span> <span class='ocrx_word' id='word_1_29' title='bbox 978 431 1067 490; x_wconf 90' lang='lat' dir='ltr'><strong>modis</strong></span> <span class='ocrx_word' id='word_1_30' title='bbox 1081 449 1137 488; x_wconf 91' lang='lat' dir='ltr'><strong>non</strong></span> <span class='ocrx_word' id='word_1_31' title='bbox 1153 440 1178 488; x_wconf 92' lang='lat' dir='ltr'><strong>te</strong></span> <span class='ocrx_word' id='word_1_32' title='bbox 1201 435 1319 490; x_wconf 79' lang='lat' dir='ltr'><strong>maculat</strong></span> <span class='ocrx_word' id='word_1_33' title='bbox 1331 435 1430 501; x_wconf 89' lang='lat' dir='ltr'><strong>malus,</strong></span> <span class='ocrx_word' id='word_1_34' title='bbox 1446 435 1470 491; x_wconf 90' lang='lat' dir='ltr'><strong>si</strong></span> <span class='ocrx_word' id='word_1_35' title='bbox 1483 450 1539 492; x_wconf 92' lang='lat' dir='ltr'><strong>non</strong></span> <span class='ocrx_word' id='word_1_36' title='bbox 1561 436 1718 494; x_wconf 81' lang='lat' dir='ltr'><strong>consentias</strong></span> 
     </span>
     <span class='ocr_line' id='line_1_4' title="bbox 61 519 1717 594; baseline 0.001 -15"><span class='ocrx_word' id='word_1_37' title='bbox 61 532 211 588; x_wconf 74' lang='lat' dir='ltr'>extorrem,</span> <span class='ocrx_word' id='word_1_38' title='bbox 228 522 306 592; x_wconf 87' lang='lat' dir='ltr'><strong>cujus</strong></span> <span class='ocrx_word' id='word_1_39' title='bbox 322 521 400 593; x_wconf 88' lang='lat' dir='ltr'><strong>sequi</strong></span> <span class='ocrx_word' id='word_1_40' title='bbox 414 522 546 578; x_wconf 88' lang='lat' dir='ltr'><strong>detractat</strong></span> <span class='ocrx_word' id='word_1_41' title='bbox 560 519 728 593; x_wconf 84' lang='lat' dir='ltr'><strong>exemplum,</strong></span> <span class='ocrx_word' id='word_1_42' title='bbox 754 527 781 576; x_wconf 91' lang='lat' dir='ltr'><strong>et</strong></span> <span class='ocrx_word' id='word_1_43' title='bbox 802 519 864 575; x_wconf 92' lang='lat' dir='ltr'><strong>illo·</strong></span> <span class='ocrx_word' id='word_1_44' title='bbox 915 528 941 576; x_wconf 89' lang='lat' dir='ltr'><strong>et</strong></span> <span class='ocrx_word' id='word_1_45' title='bbox 965 521 988 576; x_wconf 89' lang='lat' dir='ltr'><strong>si</strong></span> <span class='ocrx_word' id='word_1_46' title='bbox 1004 522 1180 594; x_wconf 75' lang='lat' dir='ltr'><strong>redarguas:</strong></span> <span class='ocrx_word' id='word_1_47' title='bbox 1196 524 1249 580; x_wconf 90' lang='lat' dir='ltr'><strong>hoc</strong></span> <span class='ocrx_word' id='word_1_48' title='bbox 1272 532 1314 578; x_wconf 89' lang='lat' dir='ltr'><strong>est</strong></span> <span class='ocrx_word' id='word_1_49' title='bbox 1340 540 1395 580; x_wconf 88' lang='grc' dir='ltr'>ιιοιι</span> <span class='ocrx_word' id='word_1_50' title='bbox 1422 524 1635 592; x_wconf 86' lang='lat' dir='ltr'><strong>communicare,</strong></span> <span class='ocrx_word' id='word_1_51' title='bbox 1661 541 1717 582; x_wconf 89' lang='lat' dir='ltr'><strong>non</strong></span> 
     </span>
     <span class='ocr_line' id='line_1_5' title="bbox 64 609 1716 686; baseline 0.002 -18"><span class='ocrx_word' id='word_1_52' title='bbox 64 629 124 668; x_wconf 92' lang='lat' dir='ltr'><strong>rum</strong></span> <span class='ocrx_word' id='word_1_53' title='bbox 138 611 295 683; x_wconf 78' lang='lat' dir='ltr'><strong>constringi</strong></span> <span class='ocrx_word' id='word_1_54' title='bbox 307 610 420 680; x_wconf 84' lang='lat' dir='ltr'><strong>judicio.</strong></span> <span class='ocrx_word' id='word_1_55' title='bbox 437 610 484 681; x_wconf 86' lang='lat' dir='ltr'><strong>qui</strong></span> <span class='ocrx_word' id='word_1_56' title='bbox 495 611 554 679; x_wconf 86' lang='lat' dir='ltr'><strong>jam</strong></span> <span class='ocrx_word' id='word_1_57' title='bbox 568 610 595 665; x_wconf 92' lang='lat' dir='ltr'><strong>in</strong></span> <span class='ocrx_word' id='word_1_58' title='bbox 610 610 688 666; x_wconf 90' lang='lat' dir='ltr'><strong>coelis</strong></span> <span class='ocrx_word' id='word_1_59' title='bbox 715 624 778 666; x_wconf 91' lang='lat' dir='ltr'><strong>curn</strong></span> <span class='ocrx_word' id='word_1_60' title='bbox 807 611 865 664; x_wconf 87' lang='lat' dir='ltr'><strong>Deo</strong></span> <span class='ocrx_word' id='word_1_61' title='bbox 914 609 1078 666; x_wconf 88' lang='lat' dir='ltr'><strong>consentire.</strong></span> <span class='ocrx_word' id='word_1_62' title='bbox 1096 631 1107 660; x_wconf 74' lang='grc' dir='ltr'><strong>ι</strong></span> <span class='ocrx_word' id='word_1_63' title='bbox 1125 611 1345 667; x_wconf 77' lang='lat' dir='ltr'><strong>communicatur</strong></span> <span class='ocrx_word' id='word_1_64' title='bbox 1369 613 1479 686; x_wconf 88' lang='lat' dir='ltr'><strong>quippe,</strong></span> <span class='ocrx_word' id='word_1_65' title='bbox 1510 614 1617 684; x_wconf 86' lang='lat' dir='ltr'><strong>qnando</strong></span> <span class='ocrx_word' id='word_1_66' title='bbox 1645 613 1716 671; x_wconf 84' lang='lat' dir='ltr'><strong>lacto</strong></span> 
     </span>
     <span class='ocr_line' id='line_1_6' title="bbox 62 697 1716 773; baseline 0.002 -18"><span class='ocrx_word' id='word_1_67' title='bbox 62 708 199 773; x_wconf 70' lang='lat' dir='ltr'><strong>regnant,</strong></span> <span class='ocrx_word' id='word_1_68' title='bbox 229 708 327 756; x_wconf 87' lang='lat' dir='ltr'><strong>sancto</strong></span> <span class='ocrx_word' id='word_1_69' title='bbox 351 699 453 770; x_wconf 86' lang='lat' dir='ltr'><strong>Spiritu</strong></span> <span class='ocrx_word' id='word_1_70' title='bbox 480 697 606 770; x_wconf 90' lang='lat' dir='ltr'><strong>inspirati</strong></span> <span class='ocrx_word' id='word_1_71' title='bbox 629 713 723 755; x_wconf 88' lang='lat' dir='ltr'><strong>sacros</strong></span> <span class='ocrx_word' id='word_1_72' title='bbox 745 713 865 755; x_wconf 83' lang='lat' dir='ltr'><strong>canones</strong></span> <span class='ocrx_word' id='word_1_73' title='bbox 915 698 974 767; x_wconf 88' lang='lat' dir='ltr'><strong>ojus</strong></span> <span class='ocrx_word' id='word_1_74' title='bbox 989 699 1157 754; x_wconf 88' lang='lat' dir='ltr'><strong>consortium</strong></span> <span class='ocrx_word' id='word_1_75' title='bbox 1170 699 1315 756; x_wconf 82' lang='lat' dir='ltr'><strong>voluntatis</strong></span> <span class='ocrx_word' id='word_1_76' title='bbox 1329 700 1374 757; x_wconf 89' lang='lat' dir='ltr'><strong>vel</strong></span> <span class='ocrx_word' id='word_1_77' title='bbox 1395 701 1597 772; x_wconf 76' lang='lat' dir='ltr'><strong>approbationis</strong></span> <span class='ocrx_word' id='word_1_78' title='bbox 1617 701 1716 772; x_wconf 88' lang='lat' dir='ltr'><strong>adjun-</strong></span> 
     </span>
     <span class='ocr_line' id='line_1_7' title="bbox 62 786 1716 862; baseline 0.002 -17"><span class='ocrx_word' id='word_1_79' title='bbox 62 805 109 860; x_wconf 88' lang='lat' dir='ltr'><strong>pcr</strong></span> <span class='ocrx_word' id='word_1_80' title='bbox 123 788 253 844; x_wconf 89' lang='lat' dir='ltr'><strong>eumdem</strong></span> <span class='ocrx_word' id='word_1_81' title='bbox 268 794 392 843; x_wconf 89' lang='lat' dir='ltr'><strong>sanetum</strong></span> <span class='ocrx_word' id='word_1_82' title='bbox 407 787 538 859; x_wconf 87' lang='lat' dir='ltr'><strong>Spiritum</strong></span> <span class='ocrx_word' id='word_1_83' title='bbox 564 786 740 858; x_wconf 90' lang='lat' dir='ltr'><strong>protulerunt,</strong></span> <span class='ocrx_word' id='word_1_84' title='bbox 767 787 865 858; x_wconf 88' lang='lat' dir='ltr'><strong>quibus</strong></span> <span class='ocrx_word' id='word_1_85' title='bbox 915 786 1000 858; x_wconf 78' lang='lat' dir='ltr'><strong>gitur.</strong></span> <span class='ocrx_word' id='word_1_86' title='bbox 1015 788 1072 843; x_wconf 90' lang='lat' dir='ltr'><strong>Hoc</strong></span> <span class='ocrx_word' id='word_1_87' title='bbox 1085 803 1153 859; x_wconf 79' lang='lat' dir='ltr'><strong>ergo</strong></span> <span class='ocrx_word' id='word_1_88' title='bbox 1167 803 1218 844; x_wconf 88' lang='lat' dir='ltr'><strong>nos</strong></span> <span class='ocrx_word' id='word_1_89' title='bbox 1232 788 1363 845; x_wconf 82' lang='lat' dir='ltr'><strong>admones</strong></span> <span class='ocrx_word' id='word_1_90' title='bbox 1378 790 1525 862; x_wconf 76' lang='lat' dir='ltr'><strong>Apostolus</strong></span> <span class='ocrx_word' id='word_1_91' title='bbox 1540 791 1577 848; x_wconf 90' lang='lat' dir='ltr'><strong>ait</strong></span> <span class='ocrx_word' id='word_1_92' title='bbox 1593 810 1600 846; x_wconf 90' lang='lat'>:</span> <span class='ocrx_word' id='word_1_93' title='bbox 1624 794 1716 849; x_wconf 82' lang='lat' dir='ltr'><strong>Nolite</strong></span> 
     </span>
     <span class='ocr_line' id='line_1_8' title="bbox 64 875 1718 950; baseline 0.004 -18"><span class='ocrx_word' id='word_1_94' title='bbox 64 877 233 943; x_wconf 81' lang='lat' dir='ltr'><strong>decernitur,</strong></span> <span class='ocrx_word' id='word_1_95' title='bbox 244 885 273 932; x_wconf 91' lang='lat' dir='ltr'><strong>ut</strong></span> <span class='ocrx_word' id='word_1_96' title='bbox 287 876 442 946; x_wconf 89' lang='lat' dir='ltr'><strong>hujusmodi</strong></span> <span class='ocrx_word' id='word_1_97' title='bbox 456 892 507 932; x_wconf 90' lang='lat' dir='ltr'><strong>nee</strong></span> <span class='ocrx_word' id='word_1_98' title='bbox 521 875 549 930; x_wconf 94' lang='lat' dir='ltr'><strong>in</strong></span> <span class='ocrx_word' id='word_1_99' title='bbox 563 890 596 931; x_wconf 90' lang='lat' dir='ltr'><strong>eo</strong></span> <span class='ocrx_word' id='word_1_100' title='bbox 613 877 766 948; x_wconf 87' lang='lat' dir='ltr'><strong>episcopos,</strong></span> <span class='ocrx_word' id='word_1_101' title='bbox 778 884 806 931; x_wconf 92' lang='lat' dir='ltr'><strong>ut</strong></span> <span class='ocrx_word' id='word_1_102' title='bbox 820 891 867 930; x_wconf 92' lang='lat' dir='ltr'><strong>su·</strong></span> <span class='ocrx_word' id='word_1_103' title='bbox 915 877 1127 932; x_wconf 81' lang='lat' dir='ltr'><strong>commonicare</strong></span> <span class='ocrx_word' id='word_1_104' title='bbox 1140 877 1268 948; x_wconf 74' lang='lat' dir='ltr'><strong>operibus</strong></span> <span class='ocrx_word' id='word_1_105' title='bbox 1284 879 1473 950; x_wconf 70' lang='lat' dir='ltr'><strong>infructuosis</strong></span> <span class='ocrx_word' id='word_1_106' title='bbox 1488 880 1718 950; x_wconf 79' lang='lat' dir='ltr'><strong>tenebrarum;et</strong></span> 
     </span>
     <span class='ocr_line' id='line_1_9' title="bbox 63 962 1716 1040; baseline 0.003 -20"><span class='ocrx_word' id='word_1_107' title='bbox 63 965 298 1038; x_wconf 78' lang='lat' dir='ltr'><strong>prescripsimus,</strong></span> <span class='ocrx_word' id='word_1_108' title='bbox 315 965 458 1032; x_wconf 88' lang='lat' dir='ltr'><strong>habeatur,</strong></span> <span class='ocrx_word' id='word_1_109' title='bbox 473 964 754 1021; x_wconf 89' lang='lat' dir='ltr'><strong>neccommunionem</strong></span> <span class='ocrx_word' id='word_1_110' title='bbox 768 963 866 1020; x_wconf 85' lang='lat' dir='ltr'><strong>laicam</strong></span> <span class='ocrx_word' id='word_1_111' title='bbox 916 962 979 1034; x_wconf 88' lang='lat' dir='ltr'><strong>quis</strong></span> <span class='ocrx_word' id='word_1_112' title='bbox 991 980 1088 1035; x_wconf 85' lang='lat' dir='ltr'><strong>pamm</strong></span> <span class='ocrx_word' id='word_1_113' title='bbox 1102 973 1158 1020; x_wconf 88' lang='lat' dir='ltr'><strong>erat</strong></span> <span class='ocrx_word' id='word_1_114' title='bbox 1180 981 1235 1021; x_wconf 92' lang='lat' dir='ltr'><strong>non</strong></span> <span class='ocrx_word' id='word_1_115' title='bbox 1257 967 1422 1032; x_wconf 89' lang='lat' dir='ltr'><strong>consentire,</strong></span> <span class='ocrx_word' id='word_1_116' title='bbox 1444 967 1467 1022; x_wconf 91' lang='lat' dir='ltr'><strong>si</strong></span> <span class='ocrx_word' id='word_1_117' title='bbox 1486 977 1647 1040; x_wconf 87' lang='lat' dir='ltr'><strong>sequeretur</strong></span> <span class='ocrx_word' id='word_1_118' title='bbox 1664 986 1716 1026; x_wconf 88' lang='lat' dir='ltr'><strong>ne-</strong></span> 
     </span>
     <span class='ocr_line' id='line_1_10' title="bbox 63 1050 1716 1128; baseline 0.004 -19"><span class='ocrx_word' id='word_1_119' title='bbox 63 1061 210 1118; x_wconf 88' lang='lat' dir='ltr'><strong>mereatur,</strong></span> <span class='ocrx_word' id='word_1_120' title='bbox 226 1055 296 1110; x_wconf 91' lang='lat' dir='ltr'><strong>sicut</strong></span> <span class='ocrx_word' id='word_1_121' title='bbox 310 1053 451 1110; x_wconf 83' lang='lat' dir='ltr'><strong>evidenter</strong></span> <span class='ocrx_word' id='word_1_122' title='bbox 464 1062 574 1111; x_wconf 91' lang='lat' dir='ltr'><strong>sanctus</strong></span> <span class='ocrx_word' id='word_1_123' title='bbox 589 1054 644 1109; x_wconf 94' lang='lat' dir='ltr'><strong>Leo</strong></span> <span class='ocrx_word' id='word_1_124' title='bbox 660 1053 816 1123; x_wconf 85' lang='lat' dir='ltr'><strong>apostolicae</strong></span> <span class='ocrx_word' id='word_1_125' title='bbox 826 1069 867 1109; x_wconf 91' lang='lat' dir='ltr'><strong>se·</strong></span> <span class='ocrx_word' id='word_1_126' title='bbox 915 1050 1049 1124; x_wconf 82' lang='lat' dir='ltr'><strong>gligentia</strong></span> <span class='ocrx_word' id='word_1_127' title='bbox 1063 1052 1226 1124; x_wconf 64' lang='lat' dir='ltr'><strong>disciplina·</strong></span> <span class='ocrx_word' id='word_1_128' title='bbox 1241 1056 1325 1126; x_wconf 79' lang='lat' dir='ltr'><strong>blopis</strong></span> <span class='ocrx_word' id='word_1_129' title='bbox 1339 1060 1446 1123; x_wconf 84' lang='lat' dir='ltr'><strong>cutem,</strong></span> <span class='ocrx_word' id='word_1_130' title='bbox 1462 1056 1558 1128; x_wconf 88' lang='lat' dir='ltr'><strong>inquit,</strong></span> <span class='ocrx_word' id='word_1_131' title='bbox 1575 1061 1603 1113; x_wconf 80' lang='lat' dir='ltr'><strong>et</strong></span> <span class='ocrx_word' id='word_1_132' title='bbox 1616 1058 1716 1115; x_wconf 84' lang='lat' dir='ltr'><strong>redar-</strong></span> 
     </span>
     <span class='ocr_line' id='line_1_11' title="bbox 62 1141 1717 1214; baseline 0.004 -16"><span class='ocrx_word' id='word_1_133' title='bbox 62 1143 101 1199; x_wconf 90' lang='lat' dir='ltr'><strong>dis</strong></span> <span class='ocrx_word' id='word_1_134' title='bbox 114 1141 277 1214; x_wconf 87' lang='lat' dir='ltr'><strong>pontilexin</strong></span> <span class='ocrx_word' id='word_1_135' title='bbox 292 1142 410 1197; x_wconf 87' lang='lat' dir='ltr'><strong>decretis</strong></span> <span class='ocrx_word' id='word_1_136' title='bbox 425 1141 482 1197; x_wconf 88' lang='lat' dir='ltr'><strong>suis</strong></span> <span class='ocrx_word' id='word_1_137' title='bbox 495 1142 592 1197; x_wconf 91' lang='lat' dir='ltr'><strong>iterato</strong></span> <span class='ocrx_word' id='word_1_138' title='bbox 602 1142 723 1197; x_wconf 87' lang='lat' dir='ltr'><strong>decernit</strong></span> <span class='ocrx_word' id='word_1_139' title='bbox 731 1141 824 1212; x_wconf 80' lang='lat' dir='ltr'><strong>(epist.</strong></span> <span class='ocrx_word' id='word_1_140' title='bbox 839 1145 864 1209; x_wconf 88' lang='lat' dir='ltr'><strong>l,</strong></span> <span class='ocrx_word' id='word_1_141' title='bbox 914 1142 1002 1212; x_wconf 78' lang='lat' dir='ltr'><strong>pcitc.</strong></span> <span class='ocrx_word' id='word_1_142' title='bbox 1019 1141 1089 1210; x_wconf 86' lang='lat' dir='ltr'><strong>Quid</strong></span> <span class='ocrx_word' id='word_1_143' title='bbox 1106 1150 1146 1197; x_wconf 93' lang='lat' dir='ltr'><strong>est</strong></span> <span class='ocrx_word' id='word_1_144' title='bbox 1162 1143 1245 1198; x_wconf 88' lang='lat' dir='ltr'><strong>nolite</strong></span> <span class='ocrx_word' id='word_1_145' title='bbox 1259 1145 1483 1200; x_wconf 76' lang='lat' dir='ltr'><strong>communicare?</strong></span> <span class='ocrx_word' id='word_1_146' title='bbox 1497 1146 1588 1202; x_wconf 86' lang='lat' dir='ltr'><strong>Nolite</strong></span> <span class='ocrx_word' id='word_1_147' title='bbox 1604 1162 1717 1204; x_wconf 87' lang='lat' dir='ltr'><strong>consen.</strong></span> 
     </span>
     <span class='ocr_line' id='line_1_12' title="bbox 61 1224 1716 1302; baseline 0.004 -21"><span class='ocrx_word' id='word_1_148' title='bbox 61 1236 87 1288; x_wconf 75' lang='lat' dir='ltr'><strong>in</strong></span> <span class='ocrx_word' id='word_1_149' title='bbox 102 1233 173 1302; x_wconf 78' lang='lat' dir='ltr'><strong>fine)</strong></span> <span class='ocrx_word' id='word_1_150' title='bbox 191 1248 198 1285; x_wconf 93' lang='lat'><strong>:</strong></span> <span class='ocrx_word' id='word_1_151' title='bbox 218 1253 230 1281; x_wconf 78' lang='grc' dir='ltr'>ι</span> <span class='ocrx_word' id='word_1_152' title='bbox 247 1232 306 1287; x_wconf 90' lang='lat' dir='ltr'><strong>Hoe</strong></span> <span class='ocrx_word' id='word_1_153' title='bbox 320 1231 457 1301; x_wconf 82' lang='lat' dir='ltr'><strong>inquiens,</strong></span> <span class='ocrx_word' id='word_1_154' title='bbox 474 1231 622 1286; x_wconf 86' lang='lat' dir='ltr'><strong>admonitio</strong></span> <span class='ocrx_word' id='word_1_155' title='bbox 636 1238 732 1286; x_wconf 86' lang='lat' dir='ltr'><strong>nostra</strong></span> <span class='ocrx_word' id='word_1_156' title='bbox 758 1231 865 1285; x_wconf 77' lang='lat' dir='ltr'><strong>dennn-</strong></span> <span class='ocrx_word' id='word_1_157' title='bbox 915 1224 977 1290; x_wconf 90' lang='lat' dir='ltr'><strong>tire,</strong></span> <span class='ocrx_word' id='word_1_158' title='bbox 992 1224 1076 1280; x_wconf 92' lang='lat' dir='ltr'><strong>nolite</strong></span> <span class='ocrx_word' id='word_1_159' title='bbox 1091 1225 1211 1297; x_wconf 84' lang='lat' dir='ltr'><strong>laudare,</strong></span> <span class='ocrx_word' id='word_1_160' title='bbox 1226 1227 1309 1283; x_wconf 90' lang='lat' dir='ltr'><strong>nolite</strong></span> <span class='ocrx_word' id='word_1_161' title='bbox 1323 1229 1483 1299; x_wconf 86' lang='lat' dir='ltr'><strong>approbare.</strong></span> <span class='ocrx_word' id='word_1_162' title='bbox 1500 1229 1571 1298; x_wconf 88' lang='lat' dir='ltr'><strong>Quid</strong></span> <span class='ocrx_word' id='word_1_163' title='bbox 1595 1239 1636 1286; x_wconf 89' lang='lat' dir='ltr'><strong>est</strong></span> <span class='ocrx_word' id='word_1_164' title='bbox 1664 1247 1716 1287; x_wconf 91' lang='lat' dir='ltr'><strong>au-</strong></span> 
     </span>
     <span class='ocr_line' id='line_1_13' title="bbox 63 1313 1715 1392; baseline 0 -16"><span class='ocrx_word' id='word_1_165' title='bbox 63 1320 117 1387; x_wconf 88' lang='lat' dir='ltr'><strong>liat,</strong></span> <span class='ocrx_word' id='word_1_166' title='bbox 136 1319 214 1392; x_wconf 89' lang='lat' dir='ltr'><strong>quod</strong></span> <span class='ocrx_word' id='word_1_167' title='bbox 230 1318 254 1374; x_wconf 90' lang='lat' dir='ltr'><strong>si</strong></span> <span class='ocrx_word' id='word_1_168' title='bbox 270 1319 332 1391; x_wconf 88' lang='lat' dir='ltr'><strong>quis</strong></span> <span class='ocrx_word' id='word_1_169' title='bbox 346 1318 460 1374; x_wconf 81' lang='lat' dir='ltr'><strong>fratrum</strong></span> <span class='ocrx_word' id='word_1_170' title='bbox 475 1327 570 1375; x_wconf 85' lang='lat' dir='ltr'><strong>contra</strong></span> <span class='ocrx_word' id='word_1_171' title='bbox 584 1319 642 1375; x_wconf 83' lang='lat' dir='ltr'><strong>baec</strong></span> <span class='ocrx_word' id='word_1_172' title='bbox 656 1318 801 1375; x_wconf 86' lang='lat' dir='ltr'><strong>constituta</strong></span> <span class='ocrx_word' id='word_1_173' title='bbox 820 1334 867 1373; x_wconf 84' lang='lat' dir='ltr'><strong>vc·</strong></span> <span class='ocrx_word' id='word_1_174' title='bbox 915 1321 969 1368; x_wconf 83' lang='lat' dir='ltr'><strong>tem</strong></span> <span class='ocrx_word' id='word_1_175' title='bbox 984 1313 1074 1387; x_wconf 84' lang='lat' dir='ltr'><strong>magis</strong></span> <span class='ocrx_word' id='word_1_176' title='bbox 1095 1323 1122 1370; x_wconf 90' lang='lat' dir='ltr'><strong>et</strong></span> <span class='ocrx_word' id='word_1_177' title='bbox 1150 1316 1329 1389; x_wconf 77' lang='lat' dir='ltr'><strong>redarguite?</strong></span> <span class='ocrx_word' id='word_1_178' title='bbox 1344 1317 1546 1388; x_wconf 87' lang='lat' dir='ltr'><strong>reprehendite,</strong></span> <span class='ocrx_word' id='word_1_179' title='bbox 1575 1319 1715 1392; x_wconf 88' lang='lat' dir='ltr'><strong>corripite,</strong></span> 
     </span>
     <span class='ocr_line' id='line_1_14' title="bbox 62 1402 1717 1479; baseline 0.001 -15"><span class='ocrx_word' id='word_1_180' title='bbox 62 1409 133 1466; x_wconf 86' lang='lat' dir='ltr'><strong>uerit</strong></span> <span class='ocrx_word' id='word_1_181' title='bbox 149 1409 195 1465; x_wconf 78' lang='lat' dir='ltr'><strong>uel</strong></span> <span class='ocrx_word' id='word_1_182' title='bbox 216 1409 311 1464; x_wconf 89' lang='lat' dir='ltr'><strong>venire</strong></span> <span class='ocrx_word' id='word_1_183' title='bbox 327 1408 479 1473; x_wconf 74' lang='lat' dir='ltr'><strong>tentaverit,</strong></span> <span class='ocrx_word' id='word_1_184' title='bbox 495 1415 522 1463; x_wconf 91' lang='lat' dir='ltr'><strong>et</strong></span> <span class='ocrx_word' id='word_1_185' title='bbox 536 1408 672 1479; x_wconf 89' lang='lat' dir='ltr'><strong>prohibita</strong></span> <span class='ocrx_word' id='word_1_186' title='bbox 686 1406 769 1462; x_wconf 87' lang='lat' dir='ltr'><strong>suerit</strong></span> <span class='ocrx_word' id='word_1_187' title='bbox 783 1422 867 1462; x_wconf 85' lang='lat' dir='ltr'><strong>ausus</strong></span> <span class='ocrx_word' id='word_1_188' title='bbox 916 1410 1051 1458; x_wconf 88' lang='lat' dir='ltr'><strong>coercete.</strong></span> <span class='ocrx_word' id='word_1_189' title='bbox 1067 1402 1137 1458; x_wconf 84' lang='lat' dir='ltr'><strong>Nam</strong></span> <span class='ocrx_word' id='word_1_190' title='bbox 1150 1412 1177 1461; x_wconf 88' lang='lat' dir='ltr'><strong>et</strong></span> <span class='ocrx_word' id='word_1_191' title='bbox 1192 1414 1316 1461; x_wconf 86' lang='lat' dir='ltr'><strong>sanctum</strong></span> <span class='ocrx_word' id='word_1_192' title='bbox 1331 1404 1490 1461; x_wconf 78' lang='lat' dir='ltr'><strong>Africanum</strong></span> <span class='ocrx_word' id='word_1_193' title='bbox 1505 1407 1650 1463; x_wconf 90' lang='lat' dir='ltr'><strong>concilium</strong></span> <span class='ocrx_word' id='word_1_194' title='bbox 1669 1425 1717 1465; x_wconf 90' lang='lat' dir='ltr'><strong>eos</strong></span> 
     </span>
     <span class='ocr_line' id='line_1_15' title="bbox 62 1491 1716 1566; baseline -0.003 -12"><span class='ocrx_word' id='word_1_195' title='bbox 62 1498 217 1563; x_wconf 85' lang='lat' dir='ltr'><strong>admittere,</strong></span> <span class='ocrx_word' id='word_1_196' title='bbox 235 1514 250 1551; x_wconf 90' lang='lat' dir='ltr'><strong>a</strong></span> <span class='ocrx_word' id='word_1_197' title='bbox 269 1513 320 1552; x_wconf 89' lang='lat' dir='ltr'><strong>suo</strong></span> <span class='ocrx_word' id='word_1_198' title='bbox 344 1513 375 1553; x_wconf 89' lang='lat' dir='ltr'><strong>se</strong></span> <span class='ocrx_word' id='word_1_199' title='bbox 398 1496 504 1553; x_wconf 83' lang='lat' dir='ltr'><strong>noterit</strong></span> <span class='ocrx_word' id='word_1_200' title='bbox 529 1495 617 1553; x_wconf 85' lang='lat' dir='ltr'><strong>cilicio</strong></span> <span class='ocrx_word' id='word_1_201' title='bbox 637 1497 865 1565; x_wconf 80' lang='lat' dir='ltr'><strong>submovendum,</strong></span> <span class='ocrx_word' id='word_1_202' title='bbox 916 1491 960 1562; x_wconf 89' lang='lat' dir='ltr'><strong>qui</strong></span> <span class='ocrx_word' id='word_1_203' title='bbox 976 1491 1118 1564; x_wconf 82' lang='lat' dir='ltr'><strong>negligunt</strong></span> <span class='ocrx_word' id='word_1_204' title='bbox 1132 1492 1192 1549; x_wconf 85' lang='lat' dir='ltr'><strong>loea</strong></span> <span class='ocrx_word' id='word_1_205' title='bbox 1206 1493 1240 1548; x_wconf 87' lang='lat' dir='ltr'><strong>ad</strong></span> <span class='ocrx_word' id='word_1_206' title='bbox 1256 1510 1333 1548; x_wconf 91' lang='lat' dir='ltr'><strong>suam</strong></span> <span class='ocrx_word' id='word_1_207' title='bbox 1348 1495 1504 1550; x_wconf 82' lang='lat' dir='ltr'><strong>cathedram</strong></span> <span class='ocrx_word' id='word_1_208' title='bbox 1515 1496 1716 1566; x_wconf 78' lang='lat' dir='ltr'><strong>pertinentiam</strong></span> 
     </span>
     <span class='ocr_line' id='line_1_16' title="bbox 66 1580 1719 1659; baseline -0.001 -17"><span class='ocrx_word' id='word_1_209' title='bbox 66 1603 116 1644; x_wconf 89' lang='lat' dir='ltr'><strong>nec</strong></span> <span class='ocrx_word' id='word_1_210' title='bbox 137 1585 340 1643; x_wconf 88' lang='lat' dir='ltr'><strong>communionis</strong></span> <span class='ocrx_word' id='word_1_211' title='bbox 366 1593 464 1641; x_wconf 79' lang='lat' dir='ltr'><strong>nostrae</strong></span> <span class='ocrx_word' id='word_1_212' title='bbox 485 1584 606 1640; x_wconf 80' lang='lat' dir='ltr'><strong>futurum</strong></span> <span class='ocrx_word' id='word_1_213' title='bbox 629 1601 690 1640; x_wconf 87' lang='lat' dir='ltr'><strong>esse</strong></span> <span class='ocrx_word' id='word_1_214' title='bbox 714 1593 868 1642; x_wconf 84' lang='lat' dir='ltr'><strong>consortem</strong></span> <span class='ocrx_word' id='word_1_215' title='bbox 916 1580 1078 1636; x_wconf 87' lang='lat' dir='ltr'><strong>catholicam</strong></span> <span class='ocrx_word' id='word_1_216' title='bbox 1094 1581 1222 1637; x_wconf 90' lang='lat' dir='ltr'><strong>unitatem</strong></span> <span class='ocrx_word' id='word_1_217' title='bbox 1244 1583 1351 1649; x_wconf 85' lang='lat' dir='ltr'><strong>lucrari,</strong></span> <span class='ocrx_word' id='word_1_218' title='bbox 1376 1584 1549 1640; x_wconf 72' lang='lat' dir='ltr'><strong>convenitis</strong></span> <span class='ocrx_word' id='word_1_219' title='bbox 1576 1585 1719 1659; x_wconf 83' lang='lat' dir='ltr'><strong>diligenti·</strong></span> 
     </span>
     <span class='ocr_line' id='line_1_17' title="bbox 63 1667 1718 1765; baseline 0 -35"><span class='ocrx_word' id='word_1_220' title='bbox 63 1676 105 1747; x_wconf 87' lang='lat' dir='ltr'><strong>qui</strong></span> <span class='ocrx_word' id='word_1_221' title='bbox 120 1677 216 1732; x_wconf 88' lang='lat' dir='ltr'><strong>socius</strong></span> <span class='ocrx_word' id='word_1_222' title='bbox 231 1684 293 1730; x_wconf 86' lang='lat' dir='ltr'><strong>esse</strong></span> <span class='ocrx_word' id='word_1_223' title='bbox 315 1673 399 1729; x_wconf 91' lang='lat' dir='ltr'><strong>noluit</strong></span> <span class='ocrx_word' id='word_1_224' title='bbox 414 1673 575 1746; x_wconf 68' lang='lat' dir='ltr'><strong>disciplina),</strong></span> <span class='ocrx_word' id='word_1_225' title='bbox 596 1675 637 1729; x_wconf 88' lang='lat' dir='ltr'><strong>Ne</strong></span> <span class='ocrx_word' id='word_1_226' title='bbox 653 1673 717 1745; x_wconf 85' lang='lat' dir='ltr'><strong>quid</strong></span> <span class='ocrx_word' id='word_1_227' title='bbox 743 1689 806 1730; x_wconf 82' lang='lat' dir='ltr'><strong>vero</strong></span> <span class='ocrx_word' id='word_1_228' title='bbox 830 1673 864 1728; x_wconf 91' lang='lat' dir='ltr'><strong>sit</strong></span> <span class='ocrx_word' id='word_1_229' title='bbox 878 1668 967 1765; x_wconf 73' lang='lat' dir='ltr'><strong>l3bus</strong></span> <span class='ocrx_word' id='word_1_230' title='bbox 983 1667 1079 1724; x_wconf 79' lang='lat' dir='ltr'><strong>vicinis</strong></span> <span class='ocrx_word' id='word_1_231' title='bbox 1093 1670 1239 1742; x_wconf 89' lang='lat' dir='ltr'><strong>episcopis,</strong></span> <span class='ocrx_word' id='word_1_232' title='bbox 1256 1679 1284 1726; x_wconf 91' lang='lat' dir='ltr'><strong>ut</strong></span> <span class='ocrx_word' id='word_1_233' title='bbox 1298 1671 1326 1726; x_wconf 93' lang='lat' dir='ltr'><strong>id</strong></span> <span class='ocrx_word' id='word_1_234' title='bbox 1341 1686 1425 1745; x_wconf 85' lang='lat' dir='ltr'><strong>agere</strong></span> <span class='ocrx_word' id='word_1_235' title='bbox 1440 1681 1660 1740; x_wconf 74' lang='lat' dir='ltr'><strong>memorentur,</strong></span> <span class='ocrx_word' id='word_1_236' title='bbox 1678 1675 1718 1730; x_wconf 92' lang='lat' dir='ltr'><strong>si-</strong></span> 
     </span>
     <span class='ocr_line' id='line_1_18' title="bbox 63 1756 1720 1837; baseline 0.007 -28"><span class='ocrx_word' id='word_1_237' title='bbox 63 1764 132 1837; x_wconf 71' lang='lat' dir='ltr'><strong>quod</strong></span> <span class='ocrx_word' id='word_1_238' title='bbox 148 1764 368 1836; x_wconf 57' lang='lat' dir='ltr'><strong>praemissum</strong></span> <span class='ocrx_word' id='word_1_239' title='bbox 382 1779 398 1818; x_wconf 78' lang='lat' dir='ltr'><strong>a</strong></span> <span class='ocrx_word' id='word_1_240' title='bbox 411 1763 492 1818; x_wconf 70' lang='lat' dir='ltr'><strong>nohis</strong></span> <span class='ocrx_word' id='word_1_241' title='bbox 518 1762 589 1819; x_wconf 66' lang='lat' dir='ltr'><strong>forre</strong></span> <span class='ocrx_word' id='word_1_242' title='bbox 612 1763 750 1828; x_wconf 66' lang='lat' dir='ltr'><strong>predatur,</strong></span> <span class='ocrx_word' id='word_1_243' title='bbox 775 1762 865 1817; x_wconf 75' lang='lat' dir='ltr'><strong>omnin</strong></span> <span class='ocrx_word' id='word_1_244' title='bbox 916 1763 1032 1828; x_wconf 84' lang='lat' dir='ltr'><strong>guanter</strong></span> <span class='ocrx_word' id='word_1_245' title='bbox 1048 1773 1109 1813; x_wconf 89' lang='lat' dir='ltr'><strong>eum</strong></span> <span class='ocrx_word' id='word_1_246' title='bbox 1124 1756 1283 1814; x_wconf 86' lang='lat' dir='ltr'><strong>diffinitione</strong></span> <span class='ocrx_word' id='word_1_247' title='bbox 1309 1761 1462 1816; x_wconf 86' lang='lat' dir='ltr'><strong>certissima</strong></span> <span class='ocrx_word' id='word_1_248' title='bbox 1476 1762 1610 1834; x_wconf 76' lang='lat' dir='ltr'><strong>precipit,</strong></span> <span class='ocrx_word' id='word_1_249' title='bbox 1639 1763 1720 1820; x_wconf 92' lang='lat' dir='ltr'><strong>sicuti</strong></span> 
     </span>
    </p>
   </div>
   <div class='ocr_carea' id='block_1_3' title="bbox 58 1851 866 2810">
    <p class='ocr_par' dir='ltr' id='par_1_3' title="bbox 58 1851 866 2367">
     <span class='ocr_line' id='line_1_19' title="bbox 62 1851 864 1918; baseline -0.001 -11"><span class='ocrx_word' id='word_1_250' title='bbox 62 1853 211 1909; x_wconf 85' lang='lat' dir='ltr'><strong>decretalia</strong></span> <span class='ocrx_word' id='word_1_251' title='bbox 223 1851 379 1918; x_wconf 87' lang='lat' dir='ltr'><strong>constituta,</strong></span> <span class='ocrx_word' id='word_1_252' title='bbox 396 1859 452 1907; x_wconf 90' lang='lat' dir='ltr'><strong>tam</strong></span> <span class='ocrx_word' id='word_1_253' title='bbox 463 1851 549 1906; x_wconf 79' lang='lat' dir='ltr'><strong>beatae</strong></span> <span class='ocrx_word' id='word_1_254' title='bbox 564 1851 761 1907; x_wconf 89' lang='lat' dir='ltr'><strong>recordationis</strong></span> <span class='ocrx_word' id='word_1_255' title='bbox 781 1853 864 1906; x_wconf 91' lang='lat' dir='ltr'><strong>lnno·</strong></span> 
     </span>
     <span class='ocr_line' id='line_1_20' title="bbox 60 1941 864 2014; baseline -0.005 -15"><span class='ocrx_word' id='word_1_256' title='bbox 60 1942 149 2012; x_wconf 86' lang='lat' dir='ltr'><strong>centii,</strong></span> <span class='ocrx_word' id='word_1_257' title='bbox 166 1957 250 2014; x_wconf 88' lang='lat' dir='ltr'><strong>quam</strong></span> <span class='ocrx_word' id='word_1_258' title='bbox 264 1941 386 1996; x_wconf 93' lang='lat' dir='ltr'><strong>omnium</strong></span> <span class='ocrx_word' id='word_1_259' title='bbox 409 1941 585 1996; x_wconf 87' lang='lat' dir='ltr'><strong>decessorum</strong></span> <span class='ocrx_word' id='word_1_260' title='bbox 615 1948 780 2007; x_wconf 89' lang='lat' dir='ltr'><strong>nostrorum,</strong></span> <span class='ocrx_word' id='word_1_261' title='bbox 803 1956 864 2011; x_wconf 79' lang='lat' dir='ltr'><strong>quae</strong></span> 
     </span>
     <span class='ocr_line' id='line_1_21' title="bbox 60 2028 866 2101; baseline -0.004 -15"><span class='ocrx_word' id='word_1_262' title='bbox 60 2031 92 2086; x_wconf 92' lang='lat' dir='ltr'><strong>de</strong></span> <span class='ocrx_word' id='word_1_263' title='bbox 105 2029 304 2087; x_wconf 86' lang='lat' dir='ltr'><strong>ecelesiasticis</strong></span> <span class='ocrx_word' id='word_1_264' title='bbox 321 2028 462 2085; x_wconf 86' lang='lat' dir='ltr'><strong>ordinibus</strong></span> <span class='ocrx_word' id='word_1_265' title='bbox 476 2037 502 2084; x_wconf 89' lang='lat' dir='ltr'><strong>et</strong></span> <span class='ocrx_word' id='word_1_266' title='bbox 531 2044 667 2085; x_wconf 86' lang='lat' dir='ltr'><strong>canonum</strong></span> <span class='ocrx_word' id='word_1_267' title='bbox 693 2028 866 2101; x_wconf 77' lang='lat' dir='ltr'><strong>promulgata</strong></span> 
     </span>
     <span class='ocr_line' id='line_1_22' title="bbox 60 2117 864 2190; baseline -0.004 -15"><span class='ocrx_word' id='word_1_268' title='bbox 60 2128 120 2175; x_wconf 90' lang='lat' dir='ltr'><strong>sont</strong></span> <span class='ocrx_word' id='word_1_269' title='bbox 135 2119 300 2190; x_wconf 89' lang='lat' dir='ltr'><strong>disciplinis,</strong></span> <span class='ocrx_word' id='word_1_270' title='bbox 317 2118 354 2172; x_wconf 87' lang='lat' dir='ltr'><strong>ita</strong></span> <span class='ocrx_word' id='word_1_271' title='bbox 368 2126 460 2175; x_wconf 84' lang='lat' dir='ltr'><strong>vestra</strong></span> <span class='ocrx_word' id='word_1_272' title='bbox 483 2117 627 2173; x_wconf 89' lang='lat' dir='ltr'><strong>dilectione</strong></span> <span class='ocrx_word' id='word_1_273' title='bbox 655 2117 786 2174; x_wconf 89' lang='lat' dir='ltr'><strong>custodiri</strong></span> <span class='ocrx_word' id='word_1_274' title='bbox 812 2118 864 2173; x_wconf 91' lang='lat' dir='ltr'><strong>de·</strong></span> 
     </span>
     <span class='ocr_line' id='line_1_23' title="bbox 58 2205 864 2278; baseline -0.002 -14"><span class='ocrx_word' id='word_1_275' title='bbox 58 2209 121 2264; x_wconf 86' lang='lat' dir='ltr'><strong>berc</strong></span> <span class='ocrx_word' id='word_1_276' title='bbox 135 2208 310 2276; x_wconf 89' lang='lat' dir='ltr'><strong>mandamus,</strong></span> <span class='ocrx_word' id='word_1_277' title='bbox 327 2214 356 2261; x_wconf 94' lang='lat' dir='ltr'><strong>ut</strong></span> <span class='ocrx_word' id='word_1_278' title='bbox 371 2207 394 2260; x_wconf 91' lang='lat' dir='ltr'><strong>si</strong></span> <span class='ocrx_word' id='word_1_279' title='bbox 419 2205 480 2278; x_wconf 84' lang='lat' dir='ltr'><strong>quis</strong></span> <span class='ocrx_word' id='word_1_280' title='bbox 502 2206 529 2259; x_wconf 92' lang='lat' dir='ltr'><strong>in</strong></span> <span class='ocrx_word' id='word_1_281' title='bbox 553 2206 600 2261; x_wconf 86' lang='lat' dir='ltr'><strong>illa</strong></span> <span class='ocrx_word' id='word_1_282' title='bbox 624 2206 800 2272; x_wconf 90' lang='lat' dir='ltr'><strong>commiserit,</strong></span> <span class='ocrx_word' id='word_1_283' title='bbox 817 2223 864 2262; x_wconf 88' lang='lat' dir='ltr'><strong>ve-</strong></span> 
     </span>
     <span class='ocr_line' id='line_1_24' title="bbox 59 2294 648 2367; baseline -0.012 -15"><span class='ocrx_word' id='word_1_284' title='bbox 59 2297 130 2352; x_wconf 89' lang='lat' dir='ltr'><strong>niam</strong></span> <span class='ocrx_word' id='word_1_285' title='bbox 141 2296 196 2352; x_wconf 89' lang='lat' dir='ltr'><strong>sibi</strong></span> <span class='ocrx_word' id='word_1_286' title='bbox 211 2295 345 2367; x_wconf 86' lang='lat' dir='ltr'><strong>deinceps</strong></span> <span class='ocrx_word' id='word_1_287' title='bbox 357 2294 465 2351; x_wconf 79' lang='lat' dir='ltr'><strong>noverit</strong></span> <span class='ocrx_word' id='word_1_288' title='bbox 477 2294 618 2366; x_wconf 79' lang='lat' dir='ltr'><strong>denegari.</strong></span> <span class='ocrx_word' id='word_1_289' title='bbox 638 2315 648 2344; x_wconf 80' lang='grc' dir='ltr'><strong>ι</strong></span> 
     </span>
    </p>

    <p class='ocr_par' dir='ltr' id='par_1_4' title="bbox 58 2381 864 2810">
     <span class='ocr_line' id='line_1_25' title="bbox 92 2381 864 2456; baseline -0.004 -16"><span class='ocrx_word' id='word_1_290' title='bbox 92 2384 154 2440; x_wconf 80' lang='lat' dir='ltr'><strong>XV.</strong></span> <span class='ocrx_word' id='word_1_291' title='bbox 172 2383 312 2440; x_wconf 83' lang='lat' dir='ltr'><strong>Curenim</strong></span> <span class='ocrx_word' id='word_1_292' title='bbox 327 2399 382 2439; x_wconf 90' lang='lat' dir='ltr'><strong>non</strong></span> <span class='ocrx_word' id='word_1_293' title='bbox 397 2391 489 2454; x_wconf 90' lang='lat' dir='ltr'><strong>posset</strong></span> <span class='ocrx_word' id='word_1_294' title='bbox 504 2382 651 2456; x_wconf 78' lang='lat' dir='ltr'><strong>religiosus</strong></span> <span class='ocrx_word' id='word_1_295' title='bbox 662 2383 743 2438; x_wconf 89' lang='lat' dir='ltr'><strong>borno</strong></span> <span class='ocrx_word' id='word_1_296' title='bbox 761 2389 788 2438; x_wconf 90' lang='lat' dir='ltr'><strong>et</strong></span> <span class='ocrx_word' id='word_1_297' title='bbox 803 2381 864 2454; x_wconf 91' lang='lat' dir='ltr'><strong>epi-</strong></span> 
     </span>
     <span class='ocr_line' id='line_1_26' title="bbox 60 2470 864 2545; baseline -0.006 -16"><span class='ocrx_word' id='word_1_298' title='bbox 60 2489 158 2545; x_wconf 88' lang='lat' dir='ltr'><strong>scopus</strong></span> <span class='ocrx_word' id='word_1_299' title='bbox 174 2487 209 2529; x_wconf 89' lang='lat' dir='ltr'><strong>ac</strong></span> <span class='ocrx_word' id='word_1_300' title='bbox 223 2472 375 2535; x_wconf 88' lang='lat' dir='ltr'><strong>continens,</strong></span> <span class='ocrx_word' id='word_1_301' title='bbox 392 2471 451 2527; x_wconf 91' lang='lat' dir='ltr'><strong>sine</strong></span> <span class='ocrx_word' id='word_1_302' title='bbox 465 2486 551 2527; x_wconf 81' lang='lat' dir='ltr'><strong>uxore</strong></span> <span class='ocrx_word' id='word_1_303' title='bbox 566 2479 593 2526; x_wconf 90' lang='lat' dir='ltr'><strong>et</strong></span> <span class='ocrx_word' id='word_1_304' title='bbox 608 2470 681 2538; x_wconf 88' lang='lat' dir='ltr'><strong>liliis,</strong></span> <span class='ocrx_word' id='word_1_305' title='bbox 707 2471 743 2525; x_wconf 87' lang='lat' dir='ltr'><strong>ita</strong></span> <span class='ocrx_word' id='word_1_306' title='bbox 755 2470 783 2525; x_wconf 89' lang='lat' dir='ltr'><strong>in</strong></span> <span class='ocrx_word' id='word_1_307' title='bbox 798 2470 864 2527; x_wconf 83' lang='lat' dir='ltr'><strong>civi-</strong></span> 
     </span>
     <span class='ocr_line' id='line_1_27' title="bbox 58 2559 864 2629; baseline -0.002 -12"><span class='ocrx_word' id='word_1_308' title='bbox 58 2570 176 2617; x_wconf 89' lang='lat' dir='ltr'><strong>tstesua</strong></span> <span class='ocrx_word' id='word_1_309' title='bbox 188 2561 291 2629; x_wconf 82' lang='lat' dir='ltr'><strong>vivere,</strong></span> <span class='ocrx_word' id='word_1_310' title='bbox 310 2560 381 2616; x_wconf 90' lang='lat' dir='ltr'><strong>sicut</strong></span> <span class='ocrx_word' id='word_1_311' title='bbox 396 2559 535 2616; x_wconf 85' lang='lat' dir='ltr'><strong>saecularis</strong></span> <span class='ocrx_word' id='word_1_312' title='bbox 558 2560 641 2615; x_wconf 89' lang='lat' dir='ltr'><strong>homo</strong></span> <span class='ocrx_word' id='word_1_313' title='bbox 670 2574 773 2625; x_wconf 88' lang='lat' dir='ltr'><strong>comes,</strong></span> <span class='ocrx_word' id='word_1_314' title='bbox 797 2574 864 2615; x_wconf 85' lang='lat' dir='ltr'><strong>uxo·</strong></span> 
     </span>
     <span class='ocr_line' id='line_1_28' title="bbox 60 2646 862 2719; baseline -0.002 -15"><span class='ocrx_word' id='word_1_315' title='bbox 60 2667 118 2706; x_wconf 85' lang='lat' dir='ltr'><strong>rem</strong></span> <span class='ocrx_word' id='word_1_316' title='bbox 132 2649 240 2705; x_wconf 90' lang='lat' dir='ltr'><strong>habens</strong></span> <span class='ocrx_word' id='word_1_317' title='bbox 259 2656 286 2704; x_wconf 89' lang='lat' dir='ltr'><strong>et</strong></span> <span class='ocrx_word' id='word_1_318' title='bbox 299 2646 410 2717; x_wconf 89' lang='lat' dir='ltr'><strong>liberos,</strong></span> <span class='ocrx_word' id='word_1_319' title='bbox 437 2648 517 2704; x_wconf 86' lang='lat' dir='ltr'><strong>etiam</strong></span> <span class='ocrx_word' id='word_1_320' title='bbox 539 2648 611 2703; x_wconf 91' lang='lat' dir='ltr'><strong>inter</strong></span> <span class='ocrx_word' id='word_1_321' title='bbox 634 2663 755 2719; x_wconf 83' lang='lat' dir='ltr'><strong>paganos</strong></span> <span class='ocrx_word' id='word_1_322' title='bbox 776 2647 862 2703; x_wconf 88' lang='lat' dir='ltr'><strong>vivit:</strong></span> 
     </span>
     <span class='ocr_line' id='line_1_29' title="bbox 60 2736 864 2810; baseline -0.006 -15"><span class='ocrx_word' id='word_1_323' title='bbox 60 2738 213 2810; x_wconf 85' lang='lat' dir='ltr'><strong>praesertim</strong></span> <span class='ocrx_word' id='word_1_324' title='bbox 228 2753 291 2794; x_wconf 91' lang='lat' dir='ltr'><strong>cum</strong></span> <span class='ocrx_word' id='word_1_325' title='bbox 304 2736 371 2792; x_wconf 89' lang='lat' dir='ltr'><strong>alias</strong></span> <span class='ocrx_word' id='word_1_326' title='bbox 386 2737 577 2810; x_wconf 87' lang='lat' dir='ltr'><strong>possessiones</strong></span> <span class='ocrx_word' id='word_1_327' title='bbox 592 2745 618 2791; x_wconf 91' lang='lat' dir='ltr'><strong>et</strong></span> <span class='ocrx_word' id='word_1_328' title='bbox 632 2737 753 2792; x_wconf 86' lang='lat' dir='ltr'><strong>abbatias</strong></span> <span class='ocrx_word' id='word_1_329' title='bbox 780 2736 864 2808; x_wconf 78' lang='lat' dir='ltr'><strong>largi-</strong></span> 
     </span>
    </p>
   </div>
   <div class='ocr_carea' id='block_1_4' title="bbox 913 1845 1722 2801">
    <p class='ocr_par' dir='ltr' id='par_1_5' title="bbox 913 1845 1722 2801">
     <span class='ocr_line' id='line_1_30' title="bbox 916 1845 1718 1920; baseline 0.012 -21"><span class='ocrx_word' id='word_1_330' title='bbox 916 1860 965 1900; x_wconf 91' lang='lat' dir='ltr'><strong>suo</strong></span> <span class='ocrx_word' id='word_1_331' title='bbox 979 1845 1040 1901; x_wconf 90' lang='lat' dir='ltr'><strong>loco</strong></span> <span class='ocrx_word' id='word_1_332' title='bbox 1055 1847 1173 1920; x_wconf 84' lang='lat' dir='ltr'><strong>diligens</strong></span> <span class='ocrx_word' id='word_1_333' title='bbox 1207 1848 1292 1904; x_wconf 91' lang='lat' dir='ltr'><strong>lector</strong></span> <span class='ocrx_word' id='word_1_334' title='bbox 1311 1848 1440 1905; x_wconf 78' lang='lat' dir='ltr'><strong>inueniet.</strong></span> <span class='ocrx_word' id='word_1_335' title='bbox 1465 1851 1500 1905; x_wconf 83' lang='lat' dir='ltr'><strong>lit</strong></span> <span class='ocrx_word' id='word_1_336' title='bbox 1528 1860 1636 1908; x_wconf 87' lang='lat' dir='ltr'><strong>constat</strong></span> <span class='ocrx_word' id='word_1_337' title='bbox 1656 1870 1718 1910; x_wconf 88' lang='lat' dir='ltr'><strong>esse</strong></span> 
     </span>
     <span class='ocr_line' id='line_1_31' title="bbox 915 1933 1718 2012; baseline 0.011 -23"><span class='ocrx_word' id='word_1_338' title='bbox 915 1933 1107 2004; x_wconf 90' lang='lat' dir='ltr'><strong>certissimum,</strong></span> <span class='ocrx_word' id='word_1_339' title='bbox 1124 1935 1188 2007; x_wconf 87' lang='lat' dir='ltr'><strong>quic</strong></span> <span class='ocrx_word' id='word_1_340' title='bbox 1209 1936 1259 1991; x_wconf 89' lang='lat' dir='ltr'><strong>iste</strong></span> <span class='ocrx_word' id='word_1_341' title='bbox 1282 1937 1419 1993; x_wconf 78' lang='lat' dir='ltr'><strong>civitatem</strong></span> <span class='ocrx_word' id='word_1_342' title='bbox 1443 1955 1530 2006; x_wconf 89' lang='lat' dir='ltr'><strong>suam,</strong></span> <span class='ocrx_word' id='word_1_343' title='bbox 1555 1939 1582 1994; x_wconf 93' lang='lat' dir='ltr'><strong>in</strong></span> <span class='ocrx_word' id='word_1_344' title='bbox 1598 1956 1652 2012; x_wconf 85' lang='lat' dir='ltr'><strong>qua</strong></span> <span class='ocrx_word' id='word_1_345' title='bbox 1671 1959 1718 1998; x_wconf 90' lang='lat' dir='ltr'><strong>re-</strong></span> 
     </span>
     <span class='ocr_line' id='line_1_32' title="bbox 915 2023 1716 2102; baseline 0.012 -26"><span class='ocrx_word' id='word_1_346' title='bbox 915 2031 1025 2077; x_wconf 88' lang='lat' dir='ltr'><strong>manent</strong></span> <span class='ocrx_word' id='word_1_347' title='bbox 1038 2023 1132 2095; x_wconf 90' lang='lat' dir='ltr'><strong>plures</strong></span> <span class='ocrx_word' id='word_1_348' title='bbox 1156 2025 1201 2095; x_wconf 89' lang='lat' dir='ltr'><strong>qui</strong></span> <span class='ocrx_word' id='word_1_349' title='bbox 1230 2024 1381 2097; x_wconf 88' lang='lat' dir='ltr'><strong>episcopali</strong></span> <span class='ocrx_word' id='word_1_350' title='bbox 1403 2026 1555 2083; x_wconf 90' lang='lat' dir='ltr'><strong>ministerio</strong></span> <span class='ocrx_word' id='word_1_351' title='bbox 1581 2028 1716 2102; x_wconf 82' lang='lat' dir='ltr'><strong>indigent,</strong></span> 
     </span>
     <span class='ocr_line' id='line_1_33' title="bbox 915 2110 1718 2186; baseline 0.012 -22"><span class='ocrx_word' id='word_1_352' title='bbox 915 2127 964 2181; x_wconf 91' lang='lat' dir='ltr'><strong>pro</strong></span> <span class='ocrx_word' id='word_1_353' title='bbox 979 2110 1032 2166; x_wconf 85' lang='lat' dir='ltr'><strong>alia</strong></span> <span class='ocrx_word' id='word_1_354' title='bbox 1048 2112 1179 2183; x_wconf 89' lang='lat' dir='ltr'><strong>quietiore</strong></span> <span class='ocrx_word' id='word_1_355' title='bbox 1194 2129 1226 2170; x_wconf 88' lang='lat' dir='ltr'><strong>ac</strong></span> <span class='ocrx_word' id='word_1_356' title='bbox 1244 2111 1423 2185; x_wconf 88' lang='lat' dir='ltr'><strong>locupletiore</strong></span> <span class='ocrx_word' id='word_1_357' title='bbox 1446 2116 1598 2186; x_wconf 87' lang='lat' dir='ltr'><strong>mutaverii,</strong></span> <span class='ocrx_word' id='word_1_358' title='bbox 1628 2127 1655 2174; x_wconf 91' lang='lat' dir='ltr'><strong>et</strong></span> <span class='ocrx_word' id='word_1_359' title='bbox 1674 2119 1718 2174; x_wconf 92' lang='lat' dir='ltr'><strong>al-</strong></span> 
     </span>
     <span class='ocr_line' id='line_1_34' title="bbox 915 2200 1719 2279; baseline 0.015 -28"><span class='ocrx_word' id='word_1_360' title='bbox 915 2206 1001 2255; x_wconf 89' lang='lat' dir='ltr'><strong>temm</strong></span> <span class='ocrx_word' id='word_1_361' title='bbox 1015 2200 1076 2256; x_wconf 92' lang='lat' dir='ltr'><strong>loco</strong></span> <span class='ocrx_word' id='word_1_362' title='bbox 1092 2217 1141 2256; x_wconf 91' lang='lat' dir='ltr'><strong>suo</strong></span> <span class='ocrx_word' id='word_1_363' title='bbox 1157 2201 1279 2257; x_wconf 87' lang='lat' dir='ltr'><strong>ordinari</strong></span> <span class='ocrx_word' id='word_1_364' title='bbox 1292 2202 1455 2273; x_wconf 89' lang='lat' dir='ltr'><strong>permiserit,</strong></span> <span class='ocrx_word' id='word_1_365' title='bbox 1473 2205 1546 2276; x_wconf 90' lang='lat' dir='ltr'><strong>quia,</strong></span> <span class='ocrx_word' id='word_1_366' title='bbox 1577 2212 1606 2260; x_wconf 90' lang='grc' dir='ltr'><strong>ιιι</strong></span> <span class='ocrx_word' id='word_1_367' title='bbox 1635 2223 1719 2279; x_wconf 82' lang='lat' dir='ltr'><strong>supra</strong></span> 
     </span>
     <span class='ocr_line' id='line_1_35' title="bbox 915 2288 1722 2367; baseline 0.014 -25"><span class='ocrx_word' id='word_1_368' title='bbox 915 2288 1091 2356; x_wconf 88' lang='lat' dir='ltr'><strong>ostendimus,</strong></span> <span class='ocrx_word' id='word_1_369' title='bbox 1108 2289 1213 2345; x_wconf 88' lang='lat' dir='ltr'><strong>duabus</strong></span> <span class='ocrx_word' id='word_1_370' title='bbox 1228 2291 1442 2362; x_wconf 90' lang='lat' dir='ltr'><strong>metropolitanis</strong></span> <span class='ocrx_word' id='word_1_371' title='bbox 1463 2293 1615 2350; x_wconf 83' lang='lat' dir='ltr'><strong>civitatibus</strong></span> <span class='ocrx_word' id='word_1_372' title='bbox 1643 2313 1722 2367; x_wconf 29' lang='lat' dir='ltr'><strong>prae-⁷</strong></span> 
     </span>
     <span class='ocr_line' id='line_1_36' title="bbox 915 2375 1718 2452; baseline 0.015 -22"><span class='ocrx_word' id='word_1_373' title='bbox 915 2375 1004 2431; x_wconf 88' lang='lat' dir='ltr'><strong>sidere</strong></span> <span class='ocrx_word' id='word_1_374' title='bbox 1015 2392 1069 2433; x_wconf 89' lang='lat' dir='ltr'><strong>non</strong></span> <span class='ocrx_word' id='word_1_375' title='bbox 1085 2386 1186 2448; x_wconf 89' lang='lat' dir='ltr'><strong>potest,</strong></span> <span class='ocrx_word' id='word_1_376' title='bbox 1210 2394 1265 2434; x_wconf 92' lang='lat' dir='ltr'><strong>non</strong></span> <span class='ocrx_word' id='word_1_377' title='bbox 1294 2395 1345 2451; x_wconf 89' lang='lat' dir='ltr'><strong>pro</strong></span> <span class='ocrx_word' id='word_1_378' title='bbox 1370 2381 1524 2436; x_wconf 87' lang='lat' dir='ltr'><strong>animarum</strong></span> <span class='ocrx_word' id='word_1_379' title='bbox 1551 2382 1638 2452; x_wconf 91' lang='lat' dir='ltr'><strong>lucro,</strong></span> <span class='ocrx_word' id='word_1_380' title='bbox 1669 2385 1718 2442; x_wconf 88' lang='lat' dir='ltr'><strong>sed</strong></span> 
     </span>
     <span class='ocr_line' id='line_1_37' title="bbox 914 2465 1717 2541; baseline 0.016 -24"><span class='ocrx_word' id='word_1_381' title='bbox 914 2480 965 2534; x_wconf 87' lang='lat' dir='ltr'><strong>pro</strong></span> <span class='ocrx_word' id='word_1_382' title='bbox 991 2465 1136 2536; x_wconf 89' lang='lat' dir='ltr'><strong>temporali</strong></span> <span class='ocrx_word' id='word_1_383' title='bbox 1158 2476 1306 2541; x_wconf 82' lang='lat' dir='ltr'><strong>augmento</strong></span> <span class='ocrx_word' id='word_1_384' title='bbox 1329 2485 1392 2525; x_wconf 92' lang='lat' dir='ltr'><strong>cum</strong></span> <span class='ocrx_word' id='word_1_385' title='bbox 1421 2470 1535 2541; x_wconf 90' lang='lat' dir='ltr'><strong>spiritali</strong></span> <span class='ocrx_word' id='word_1_386' title='bbox 1563 2489 1612 2528; x_wconf 90' lang='lat' dir='ltr'><strong>suo</strong></span> <span class='ocrx_word' id='word_1_387' title='bbox 1636 2473 1717 2529; x_wconf 92' lang='lat' dir='ltr'><strong>detri-</strong></span> 
     </span>
     <span class='ocr_line' id='line_1_38' title="bbox 913 2555 1718 2632; baseline 0.016 -27"><span class='ocrx_word' id='word_1_388' title='bbox 913 2561 1005 2609; x_wconf 86' lang='lat' dir='ltr'><strong>mento</strong></span> <span class='ocrx_word' id='word_1_389' title='bbox 1021 2555 1073 2610; x_wconf 93' lang='lat' dir='ltr'><strong>hoc</strong></span> <span class='ocrx_word' id='word_1_390' title='bbox 1087 2563 1160 2627; x_wconf 80' lang='lat' dir='ltr'><strong>agat,</strong></span> <span class='ocrx_word' id='word_1_391' title='bbox 1178 2557 1252 2627; x_wconf 89' lang='lat' dir='ltr'><strong>quia,</strong></span> <span class='ocrx_word' id='word_1_392' title='bbox 1269 2565 1298 2612; x_wconf 93' lang='lat' dir='ltr'><strong>ut</strong></span> <span class='ocrx_word' id='word_1_393' title='bbox 1312 2558 1366 2614; x_wconf 90' lang='lat' dir='ltr'><strong>Leo</strong></span> <span class='ocrx_word' id='word_1_394' title='bbox 1391 2557 1465 2623; x_wconf 88' lang='lat' dir='ltr'><strong>dicit,</strong></span> <span class='ocrx_word' id='word_1_395' title='bbox 1496 2576 1551 2614; x_wconf 93' lang='lat' dir='ltr'><strong>non</strong></span> <span class='ocrx_word' id='word_1_396' title='bbox 1577 2562 1718 2632; x_wconf 87' lang='lat' dir='ltr'><strong>putabitur</strong></span> 
     </span>
     <span class='ocr_line' id='line_1_39' title="bbox 914 2640 1718 2722; baseline 0.016 -28"><span class='ocrx_word' id='word_1_397' title='bbox 914 2640 1002 2695; x_wconf 91' lang='lat' dir='ltr'><strong>honor</strong></span> <span class='ocrx_word' id='word_1_398' title='bbox 1016 2642 1062 2697; x_wconf 90' lang='lat' dir='ltr'><strong>ille</strong></span> <span class='ocrx_word' id='word_1_399' title='bbox 1075 2643 1223 2716; x_wconf 77' lang='lat' dir='ltr'><strong>legitimus,</strong></span> <span class='ocrx_word' id='word_1_400' title='bbox 1241 2645 1288 2716; x_wconf 94' lang='lat' dir='ltr'><strong>qui</strong></span> <span class='ocrx_word' id='word_1_401' title='bbox 1303 2645 1384 2701; x_wconf 86' lang='lat' dir='ltr'><strong>luerit</strong></span> <span class='ocrx_word' id='word_1_402' title='bbox 1400 2655 1493 2703; x_wconf 90' lang='lat' dir='ltr'><strong>contra</strong></span> <span class='ocrx_word' id='word_1_403' title='bbox 1520 2648 1619 2704; x_wconf 70' lang='lat' dir='ltr'><strong>divium</strong></span> <span class='ocrx_word' id='word_1_404' title='bbox 1647 2649 1718 2722; x_wconf 80' lang='lat' dir='ltr'><strong>legis</strong></span> 
     </span>
     <span class='ocr_line' id='line_1_40' title="bbox 914 2731 1717 2801; baseline 0.015 -18"><span class='ocrx_word' id='word_1_405' title='bbox 914 2739 1051 2801; x_wconf 85' lang='lat' dir='ltr'><strong>praecepta</strong></span> <span class='ocrx_word' id='word_1_406' title='bbox 1066 2731 1191 2788; x_wconf 88' lang='lat' dir='ltr'><strong>collatus.</strong></span> <span class='ocrx_word' id='word_1_407' title='bbox 1202 2733 1333 2789; x_wconf 87' lang='lat' dir='ltr'><strong>Fautores</strong></span> <span class='ocrx_word' id='word_1_408' title='bbox 1343 2741 1472 2791; x_wconf 88' lang='lat' dir='ltr'><strong>autemac</strong></span> <span class='ocrx_word' id='word_1_409' title='bbox 1484 2736 1717 2794; x_wconf 87' lang='lat' dir='ltr'><strong>ordinatoreshu·</strong></span> 
     </span>
    </p>
   </div>
   <div class='ocr_carea' id='block_1_5' title="bbox 58 2817 1719 4411">
    <p class='ocr_par' dir='ltr' id='par_1_6' title="bbox 58 2817 1719 4411">
     <span class='ocr_line' id='line_1_41' title="bbox 59 2817 1717 2899; baseline 0.001 -17"><span class='ocrx_word' id='word_1_410' title='bbox 59 2828 130 2884; x_wconf 86' lang='lat' dir='ltr'><strong>tione</strong></span> <span class='ocrx_word' id='word_1_411' title='bbox 146 2826 241 2882; x_wconf 91' lang='lat' dir='ltr'><strong>domni</strong></span> <span class='ocrx_word' id='word_1_412' title='bbox 256 2826 330 2899; x_wconf 78' lang='lat' dir='ltr'><strong>regis</strong></span> <span class='ocrx_word' id='word_1_413' title='bbox 344 2826 452 2892; x_wconf 86' lang='lat' dir='ltr'><strong>habeat,</strong></span> <span class='ocrx_word' id='word_1_414' title='bbox 468 2826 541 2880; x_wconf 92' lang='lat' dir='ltr'><strong>uude</strong></span> <span class='ocrx_word' id='word_1_415' title='bbox 556 2833 679 2897; x_wconf 91' lang='lat' dir='ltr'><strong>sumptus</strong></span> <span class='ocrx_word' id='word_1_416' title='bbox 695 2826 795 2880; x_wconf 85' lang='lat' dir='ltr'><strong>habere</strong></span> <span class='ocrx_word' id='word_1_417' title='bbox 814 2841 864 2880; x_wconf 83' lang='lat' dir='ltr'><strong>ra·</strong></span> <span class='ocrx_word' id='word_1_418' title='bbox 911 2817 1031 2886; x_wconf 78' lang='lat' dir='ltr'><strong>iusmodi</strong></span> <span class='ocrx_word' id='word_1_419' title='bbox 1047 2821 1134 2876; x_wconf 89' lang='lat' dir='ltr'><strong>saneti</strong></span> <span class='ocrx_word' id='word_1_420' title='bbox 1141 2836 1218 2893; x_wconf 81' lang='lat' dir='ltr'><strong>papae</strong></span> <span class='ocrx_word' id='word_1_421' title='bbox 1225 2821 1357 2893; x_wconf 90' lang='lat' dir='ltr'><strong>Simplicii</strong></span> <span class='ocrx_word' id='word_1_422' title='bbox 1367 2823 1490 2894; x_wconf 88' lang='lat' dir='ltr'><strong>percellit</strong></span> <span class='ocrx_word' id='word_1_423' title='bbox 1502 2825 1646 2881; x_wconf 89' lang='lat' dir='ltr'><strong>decretalis</strong></span> <span class='ocrx_word' id='word_1_424' title='bbox 1655 2843 1717 2884; x_wconf 89' lang='lat' dir='ltr'><strong>sen-</strong></span> 
     </span>
     <span class='ocr_line' id='line_1_42' title="bbox 58 2907 1718 2989; baseline 0.005 -18"><span class='ocrx_word' id='word_1_425' title='bbox 58 2917 103 2986; x_wconf 86' lang='lat' dir='ltr'><strong>let,</strong></span> <span class='ocrx_word' id='word_1_426' title='bbox 115 2916 217 2989; x_wconf 86' lang='lat' dir='ltr'><strong>quibus</strong></span> <span class='ocrx_word' id='word_1_427' title='bbox 240 2915 275 2970; x_wconf 85' lang='lat' dir='ltr'><strong>ad</strong></span> <span class='ocrx_word' id='word_1_428' title='bbox 285 2915 344 2970; x_wconf 87' lang='lat' dir='ltr'><strong>Deo</strong></span> <span class='ocrx_word' id='word_1_429' title='bbox 358 2914 541 2984; x_wconf 72' lang='lat' dir='ltr'><strong>sarriendum,</strong></span> <span class='ocrx_word' id='word_1_430' title='bbox 558 2914 770 2970; x_wconf 85' lang='lat' dir='ltr'><strong>etministerium</strong></span> <span class='ocrx_word' id='word_1_431' title='bbox 785 2931 865 2969; x_wconf 90' lang='lat' dir='ltr'><strong>suum</strong></span> <span class='ocrx_word' id='word_1_432' title='bbox 914 2907 995 2961; x_wconf 64' lang='lat' dir='ltr'><strong>leniit</strong></span> <span class='ocrx_word' id='word_1_433' title='bbox 1024 2925 1076 2980; x_wconf 72' lang='lat'>‘1¹1³</span> <span class='ocrx_word' id='word_1_434' title='bbox 1104 2909 1179 2976; x_wconf 66' lang='lat' dir='ltr'><strong>dicit,</strong></span> <span class='ocrx_word' id='word_1_435' title='bbox 1213 2910 1400 2984; x_wconf 63' lang='lat' dir='ltr'><strong>privilegium·</strong></span> <span class='ocrx_word' id='word_1_436' title='bbox 1435 2913 1573 2984; x_wconf 59' lang='lat' dir='ltr'><strong>milliens,</strong></span> <span class='ocrx_word' id='word_1_437' title='bbox 1599 2926 1718 2973; x_wconf 67' lang='lat' dir='ltr'><strong>meretur</strong></span> 
     </span>
     <span class='ocr_line' id='line_1_43' title="bbox 59 2995 1718 3077; baseline 0.003 -18"><span class='ocrx_word' id='word_1_438' title='bbox 59 3005 264 3077; x_wconf 84' lang='lat' dir='ltr'><strong>exsequendum</strong></span> <span class='ocrx_word' id='word_1_439' title='bbox 278 3003 307 3057; x_wconf 95' lang='lat' dir='ltr'><strong>in</strong></span> <span class='ocrx_word' id='word_1_440' title='bbox 321 3002 402 3074; x_wconf 89' lang='lat' dir='ltr'><strong>plebe</strong></span> <span class='ocrx_word' id='word_1_441' title='bbox 417 3003 468 3057; x_wconf 87' lang='lat' dir='ltr'><strong>sihi</strong></span> <span class='ocrx_word' id='word_1_442' title='bbox 484 3003 631 3059; x_wconf 87' lang='lat' dir='ltr'><strong>commissa</strong></span> <span class='ocrx_word' id='word_1_443' title='bbox 649 3002 773 3059; x_wconf 86' lang='lat' dir='ltr'><strong>sufficere</strong></span> <span class='ocrx_word' id='word_1_444' title='bbox 796 3019 863 3074; x_wconf 89' lang='lat' dir='ltr'><strong>pos·</strong></span> <span class='ocrx_word' id='word_1_445' title='bbox 914 2995 1038 3053; x_wconf 83' lang='lat' dir='ltr'><strong>amittere</strong></span> <span class='ocrx_word' id='word_1_446' title='bbox 1054 2998 1100 3069; x_wconf 86' lang='lat' dir='ltr'><strong>qui</strong></span> <span class='ocrx_word' id='word_1_447' title='bbox 1114 2999 1250 3069; x_wconf 88' lang='lat' dir='ltr'><strong>permissa</strong></span> <span class='ocrx_word' id='word_1_448' title='bbox 1264 3000 1317 3054; x_wconf 90' lang='lat' dir='ltr'><strong>sibi</strong></span> <span class='ocrx_word' id='word_1_449' title='bbox 1340 3001 1460 3057; x_wconf 89' lang='lat' dir='ltr'><strong>abutitur</strong></span> <span class='ocrx_word' id='word_1_450' title='bbox 1482 3011 1626 3074; x_wconf 84' lang='lat' dir='ltr'><strong>potestate.</strong></span> <span class='ocrx_word' id='word_1_451' title='bbox 1653 3007 1718 3064; x_wconf 84' lang='lat' dir='ltr'><strong>llaec</strong></span> 
     </span>
     <span class='ocr_line' id='line_1_44' title="bbox 59 3057 1719 3164; baseline 0 -14"><span class='ocrx_word' id='word_1_452' title='bbox 59 3093 119 3150; x_wconf 77' lang='lat' dir='ltr'><strong>set?</strong></span> <span class='ocrx_word' id='word_1_453' title='bbox 136 3114 147 3144; x_wconf 85' lang='lat'><strong>‹</strong></span> <span class='ocrx_word' id='word_1_454' title='bbox 166 3093 223 3148; x_wconf 92' lang='lat' dir='ltr'><strong>Sed</strong></span> <span class='ocrx_word' id='word_1_455' title='bbox 238 3099 309 3158; x_wconf 89' lang='lat' dir='ltr'><strong>sunt,</strong></span> <span class='ocrx_word' id='word_1_456' title='bbox 325 3092 411 3163; x_wconf 88' lang='lat' dir='ltr'><strong>inquit</strong></span> <span class='ocrx_word' id='word_1_457' title='bbox 425 3092 576 3163; x_wconf 80' lang='lat' dir='ltr'><strong>Gregorius</strong></span> <span class='ocrx_word' id='word_1_458' title='bbox 591 3092 678 3164; x_wconf 86' lang='lat' dir='ltr'><strong>(ltom.</strong></span> <span class='ocrx_word' id='word_1_459' title='bbox 696 3093 779 3158; x_wconf 61' lang='lat' dir='ltr'><strong>thiu</strong></span> <span class='ocrx_word' id='word_1_460' title='bbox 791 3092 863 3163; x_wconf 81' lang='lat' dir='ltr'><strong>Eu),</strong></span> <span class='ocrx_word' id='word_1_461' title='bbox 880 3057 1043 3154; x_wconf 80' lang='lat' dir='ltr'><strong>Cquantum</strong></span> <span class='ocrx_word' id='word_1_462' title='bbox 1072 3103 1122 3156; x_wconf 89' lang='lat' dir='ltr'><strong>pro</strong></span> <span class='ocrx_word' id='word_1_463' title='bbox 1160 3097 1282 3159; x_wconf 86' lang='lat' dir='ltr'><strong>tempore</strong></span> <span class='ocrx_word' id='word_1_464' title='bbox 1306 3097 1332 3145; x_wconf 91' lang='lat' dir='ltr'><strong>et</strong></span> <span class='ocrx_word' id='word_1_465' title='bbox 1369 3092 1548 3161; x_wconf 88' lang='lat' dir='ltr'><strong>occupatione</strong></span> <span class='ocrx_word' id='word_1_466' title='bbox 1570 3092 1663 3161; x_wconf 91' lang='lat' dir='ltr'><strong>licuit,</strong></span> <span class='ocrx_word' id='word_1_467' title='bbox 1690 3102 1719 3152; x_wconf 90' lang='lat' dir='ltr'><strong>et</strong></span> 
     </span>
     <span class='ocr_line' id='line_1_45' title="bbox 58 3173 1718 3253; baseline 0.002 -17"><span class='ocrx_word' id='word_1_468' title='bbox 58 3181 182 3238; x_wconf 91' lang='lat' dir='ltr'><strong>nonnulli</strong></span> <span class='ocrx_word' id='word_1_469' title='bbox 196 3180 315 3253; x_wconf 90' lang='lat' dir='ltr'><strong>quidum</strong></span> <span class='ocrx_word' id='word_1_470' title='bbox 338 3180 400 3251; x_wconf 91' lang='lat' dir='ltr'><strong>plus</strong></span> <span class='ocrx_word' id='word_1_471' title='bbox 420 3188 557 3237; x_wconf 90' lang='lat' dir='ltr'><strong>terrenam</strong></span> <span class='ocrx_word' id='word_1_472' title='bbox 584 3180 761 3235; x_wconf 88' lang='lat' dir='ltr'><strong>substantiam</strong></span> <span class='ocrx_word' id='word_1_473' title='bbox 784 3196 865 3251; x_wconf 86' lang='lat' dir='ltr'><strong>quarn</strong></span> <span class='ocrx_word' id='word_1_474' title='bbox 915 3173 1047 3229; x_wconf 90' lang='lat' dir='ltr'><strong>Dominus</strong></span> <span class='ocrx_word' id='word_1_475' title='bbox 1062 3176 1096 3231; x_wconf 87' lang='lat' dir='ltr'><strong>ad</strong></span> <span class='ocrx_word' id='word_1_476' title='bbox 1112 3185 1229 3233; x_wconf 88' lang='lat' dir='ltr'><strong>mentem</strong></span> <span class='ocrx_word' id='word_1_477' title='bbox 1245 3178 1311 3232; x_wconf 90' lang='lat' dir='ltr'><strong>mihi</strong></span> <span class='ocrx_word' id='word_1_478' title='bbox 1326 3178 1420 3234; x_wconf 86' lang='lat' dir='ltr'><strong>venire</strong></span> <span class='ocrx_word' id='word_1_479' title='bbox 1448 3181 1593 3251; x_wconf 88' lang='lat' dir='ltr'><strong>concessit,</strong></span> <span class='ocrx_word' id='word_1_480' title='bbox 1617 3182 1651 3238; x_wconf 91' lang='lat' dir='ltr'><strong>de</strong></span> <span class='ocrx_word' id='word_1_481' title='bbox 1674 3183 1718 3239; x_wconf 91' lang='lat' dir='ltr'><strong>his</strong></span> 
     </span>
     <span class='ocr_line' id='line_1_46' title="bbox 58 3263 1713 3343; baseline 0.001 -18"><span class='ocrx_word' id='word_1_482' title='bbox 58 3287 121 3328; x_wconf 83' lang='lat' dir='ltr'><strong>ores</strong></span> <span class='ocrx_word' id='word_1_483' title='bbox 135 3270 265 3343; x_wconf 80' lang='lat' dir='ltr'><strong>diligunt,</strong></span> <span class='ocrx_word' id='word_1_484' title='bbox 288 3270 388 3325; x_wconf 88' lang='lat' dir='ltr'><strong>merito</strong></span> <span class='ocrx_word' id='word_1_485' title='bbox 412 3285 512 3326; x_wconf 90' lang='lat' dir='ltr'><strong>nomen</strong></span> <span class='ocrx_word' id='word_1_486' title='bbox 536 3269 657 3339; x_wconf 88' lang='lat' dir='ltr'><strong>pastoris</strong></span> <span class='ocrx_word' id='word_1_487' title='bbox 678 3269 807 3339; x_wconf 91' lang='lat' dir='ltr'><strong>perdunt.</strong></span> <span class='ocrx_word' id='word_1_488' title='bbox 824 3270 865 3325; x_wconf 82' lang='lat' dir='ltr'><strong>rte</strong></span> <span class='ocrx_word' id='word_1_489' title='bbox 915 3278 975 3333; x_wconf 78' lang='lat' dir='ltr'><strong>quae</strong></span> <span class='ocrx_word' id='word_1_490' title='bbox 991 3263 1220 3337; x_wconf 80' lang='lat' dir='ltr'><strong>interrogarer-as,</strong></span> <span class='ocrx_word' id='word_1_491' title='bbox 1235 3265 1332 3322; x_wconf 87' lang='lat' dir='ltr'><strong>Frater</strong></span> <span class='ocrx_word' id='word_1_492' title='bbox 1346 3267 1507 3324; x_wconf 87' lang='lat' dir='ltr'><strong>charissime</strong></span> <span class='ocrx_word' id='word_1_493' title='bbox 1522 3269 1570 3324; x_wconf 89' lang='lat' dir='ltr'><strong>tibi</strong></span> <span class='ocrx_word' id='word_1_494' title='bbox 1599 3287 1713 3343; x_wconf 90' lang='lat' dir='ltr'><strong>respon-</strong></span> 
     </span>
     <span class='ocr_line' id='line_1_47' title="bbox 60 3350 1717 3432; baseline 0.007 -27"><span class='ocrx_word' id='word_1_495' title='bbox 60 3361 157 3432; x_wconf 71' lang='lat' dir='ltr'><strong>quihus</strong></span> <span class='ocrx_word' id='word_1_496' title='bbox 180 3359 306 3431; x_wconf 76' lang='lat' dir='ltr'><strong>protinus</strong></span> <span class='ocrx_word' id='word_1_497' title='bbox 338 3358 484 3413; x_wconf 82' lang='lat' dir='ltr'><strong>subditur:</strong></span> <span class='ocrx_word' id='word_1_498' title='bbox 503 3360 691 3414; x_wconf 68' lang='lat' dir='ltr'><strong>Mercenarius</strong></span> <span class='ocrx_word' id='word_1_499' title='bbox 706 3364 812 3424; x_wconf 66' lang='lat' dir='ltr'><strong>autem,</strong></span> <span class='ocrx_word' id='word_1_500' title='bbox 836 3363 866 3414; x_wconf 75' lang='lat' dir='ltr'><strong>et</strong></span> <span class='ocrx_word' id='word_1_501' title='bbox 915 3350 981 3405; x_wconf 78' lang='lat' dir='ltr'><strong>dele</strong></span> <span class='ocrx_word' id='word_1_502' title='bbox 1006 3353 1110 3408; x_wconf 78' lang='lat' dir='ltr'><strong>curavi.</strong></span> <span class='ocrx_word' id='word_1_503' title='bbox 1137 3352 1204 3422; x_wconf 80' lang='lat' dir='ltr'><strong>Quae</strong></span> <span class='ocrx_word' id='word_1_504' title='bbox 1229 3354 1252 3408; x_wconf 83' lang='lat' dir='ltr'><strong>si</strong></span> <span class='ocrx_word' id='word_1_505' title='bbox 1278 3355 1405 3426; x_wconf 74' lang='lat' dir='ltr'><strong>cuiquam</strong></span> <span class='ocrx_word' id='word_1_506' title='bbox 1434 3357 1631 3428; x_wconf 75' lang='lat' dir='ltr'><strong>displicuerint,</strong></span> <span class='ocrx_word' id='word_1_507' title='bbox 1661 3374 1717 3416; x_wconf 82' lang='lat' dir='ltr'><strong>non</strong></span> 
     </span>
     <span class='ocr_line' id='line_1_48' title="bbox 60 3442 1717 3520; baseline -0.001 -14"><span class='ocrx_word' id='word_1_508' title='bbox 60 3447 867 3520; x_wconf 73' lang='lat' dir='ltr'><strong>quinonestpastor,cujusnonsuntoresproprtoe,videt</strong></span> <span class='ocrx_word' id='word_1_509' title='bbox 915 3446 1011 3494; x_wconf 87' lang='lat' dir='ltr'><strong>contra</strong></span> <span class='ocrx_word' id='word_1_510' title='bbox 1033 3457 1077 3496; x_wconf 91' lang='lat' dir='ltr'><strong>me</strong></span> <span class='ocrx_word' id='word_1_511' title='bbox 1104 3442 1152 3496; x_wconf 90' lang='lat' dir='ltr'><strong>sed</strong></span> <span class='ocrx_word' id='word_1_512' title='bbox 1182 3451 1277 3497; x_wconf 89' lang='lat' dir='ltr'><strong>eontra</strong></span> <span class='ocrx_word' id='word_1_513' title='bbox 1305 3460 1335 3498; x_wconf 88' lang='lat' dir='ltr'><strong>sc</strong></span> <span class='ocrx_word' id='word_1_514' title='bbox 1363 3444 1504 3515; x_wconf 88' lang='lat' dir='ltr'><strong>irascatur,</strong></span> <span class='ocrx_word' id='word_1_515' title='bbox 1529 3446 1593 3517; x_wconf 89' lang='lat' dir='ltr'><strong>quia</strong></span> <span class='ocrx_word' id='word_1_516' title='bbox 1621 3456 1717 3504; x_wconf 87' lang='lat' dir='ltr'><strong>contra</strong></span> 
     </span>
     <span class='ocr_line' id='line_1_49' title="bbox 62 3528 1714 3609; baseline -0.001 -15"><span class='ocrx_word' id='word_1_517' title='bbox 62 3540 158 3609; x_wconf 84' lang='lat' dir='ltr'><strong>lupam</strong></span> <span class='ocrx_word' id='word_1_518' title='bbox 174 3538 345 3603; x_wconf 82' lang='lat' dir='ltr'><strong>venientem,</strong></span> <span class='ocrx_word' id='word_1_519' title='bbox 361 3539 389 3591; x_wconf 86' lang='lat' dir='ltr'><strong>et</strong></span> <span class='ocrx_word' id='word_1_520' title='bbox 404 3536 597 3592; x_wconf 82' lang='lat' dir='ltr'><strong>dimittitoues</strong></span> <span class='ocrx_word' id='word_1_521' title='bbox 612 3536 820 3607; x_wconf 76' lang='lat' dir='ltr'><strong>etsupitt‘lonn.</strong></span> <span class='ocrx_word' id='word_1_522' title='bbox 833 3550 862 3601; x_wconf 84' lang='lat' dir='ltr'><strong>x,</strong></span> <span class='ocrx_word' id='word_1_523' title='bbox 915 3528 999 3583; x_wconf 87' lang='lat' dir='ltr'><strong>verba</strong></span> <span class='ocrx_word' id='word_1_524' title='bbox 1014 3528 1106 3585; x_wconf 85' lang='lat' dir='ltr'><strong>divina</strong></span> <span class='ocrx_word' id='word_1_525' title='bbox 1118 3529 1172 3583; x_wconf 88' lang='lat' dir='ltr'><strong>nisi</strong></span> <span class='ocrx_word' id='word_1_526' title='bbox 1184 3530 1323 3585; x_wconf 85' lang='lat' dir='ltr'><strong>inmotum</strong></span> <span class='ocrx_word' id='word_1_527' title='bbox 1338 3548 1415 3586; x_wconf 92' lang='lat' dir='ltr'><strong>suum</strong></span> <span class='ocrx_word' id='word_1_528' title='bbox 1432 3532 1515 3589; x_wconf 86' lang='lat' dir='ltr'><strong>irasci</strong></span> <span class='ocrx_word' id='word_1_529' title='bbox 1528 3549 1582 3589; x_wconf 91' lang='lat' dir='ltr'><strong>non</strong></span> <span class='ocrx_word' id='word_1_530' title='bbox 1605 3536 1714 3606; x_wconf 89' lang='lat' dir='ltr'><strong>poterit.</strong></span> 
     </span>
     <span class='ocr_line' id='line_1_50' title="bbox 62 3616 1713 3696; baseline 0.004 -17"><span class='ocrx_word' id='word_1_531' title='bbox 62 3626 305 3696; x_wconf 63' lang='lat' dir='ltr'><strong>inhonoratos</strong></span> <span class='ocrx_word' id='word_1_532' title='bbox 328 3624 376 3680; x_wconf 90' lang='lat' dir='ltr'><strong>sed</strong></span> <span class='ocrx_word' id='word_1_533' title='bbox 395 3624 583 3680; x_wconf 90' lang='lat' dir='ltr'><strong>mercenarius</strong></span> <span class='ocrx_word' id='word_1_534' title='bbox 602 3632 722 3690; x_wconf 80' lang='lat' dir='ltr'><strong>vocatur,</strong></span> <span class='ocrx_word' id='word_1_535' title='bbox 745 3624 791 3695; x_wconf 90' lang='lat' dir='ltr'><strong>qui</strong></span> <span class='ocrx_word' id='word_1_536' title='bbox 810 3640 866 3679; x_wconf 93' lang='lat' dir='ltr'><strong>non</strong></span> <span class='ocrx_word' id='word_1_537' title='bbox 914 3616 985 3671; x_wconf 80' lang='lat' dir='ltr'><strong>Dum</strong></span> <span class='ocrx_word' id='word_1_538' title='bbox 1001 3633 1067 3691; x_wconf 73' lang='lat' dir='ltr'><strong>0th</strong></span> <span class='ocrx_word' id='word_1_539' title='bbox 1082 3626 1123 3673; x_wconf 73' lang='grc' dir='ltr'><strong>08ῑ</strong></span> <span class='ocrx_word' id='word_1_540' title='bbox 1138 3618 1165 3672; x_wconf 70' lang='grc' dir='ltr'><strong>ἰῐῑ</strong></span> <span class='ocrx_word' id='word_1_541' title='bbox 1183 3619 1237 3686; x_wconf 66' lang='lat' dir='ltr'><strong>Via,</strong></span> <span class='ocrx_word' id='word_1_542' title='bbox 1254 3620 1281 3674; x_wconf 77' lang='lat' dir='ltr'><strong>id</strong></span> <span class='ocrx_word' id='word_1_543' title='bbox 1297 3629 1337 3675; x_wconf 70' lang='lat'><strong>0⁵¹</strong></span> <span class='ocrx_word' id='word_1_544' title='bbox 1358 3620 1387 3675; x_wconf 78' lang='lat' dir='ltr'><strong>in</strong></span> <span class='ocrx_word' id='word_1_545' title='bbox 1415 3622 1467 3678; x_wconf 69' lang='lat' dir='ltr'><strong>hac</strong></span> <span class='ocrx_word' id='word_1_546' title='bbox 1491 3622 1547 3678; x_wconf 70' lang='lat' dir='ltr'><strong>vila</strong></span> <span class='ocrx_word' id='word_1_547' title='bbox 1575 3625 1713 3681; x_wconf 78' lang='lat' dir='ltr'><strong>concorde</strong></span> 
     </span>
     <span class='ocr_line' id='line_1_51' title="bbox 64 3706 1713 3784; baseline -0.001 -14"><span class='ocrx_word' id='word_1_548' title='bbox 64 3730 106 3784; x_wconf 88' lang='lat' dir='ltr'><strong>pro</strong></span> <span class='ocrx_word' id='word_1_549' title='bbox 120 3729 217 3770; x_wconf 84' lang='lat' dir='ltr'><strong>amore</strong></span> <span class='ocrx_word' id='word_1_550' title='bbox 233 3713 328 3769; x_wconf 90' lang='lat' dir='ltr'><strong>intimo</strong></span> <span class='ocrx_word' id='word_1_551' title='bbox 342 3728 408 3769; x_wconf 87' lang='lat' dir='ltr'><strong>oves</strong></span> <span class='ocrx_word' id='word_1_552' title='bbox 422 3712 590 3781; x_wconf 89' lang='lat' dir='ltr'><strong>Dominicas,</strong></span> <span class='ocrx_word' id='word_1_553' title='bbox 603 3712 652 3768; x_wconf 91' lang='lat' dir='ltr'><strong>sed</strong></span> <span class='ocrx_word' id='word_1_554' title='bbox 670 3712 705 3766; x_wconf 91' lang='lat' dir='ltr'><strong>ad</strong></span> <span class='ocrx_word' id='word_1_555' title='bbox 730 3719 865 3783; x_wconf 87' lang='lat' dir='ltr'><strong>tempora·</strong></span> <span class='ocrx_word' id='word_1_556' title='bbox 914 3719 977 3760; x_wconf 70' lang='lat' dir='ltr'><strong>cum</strong></span> <span class='ocrx_word' id='word_1_557' title='bbox 991 3706 1148 3762; x_wconf 67' lang='lat' dir='ltr'><strong>adversario</strong></span> <span class='ocrx_word' id='word_1_558' title='bbox 1164 3724 1213 3762; x_wconf 80' lang='lat'>⁵110</span> <span class='ocrx_word' id='word_1_559' title='bbox 1228 3708 1292 3774; x_wconf 77' lang='lat' dir='ltr'><strong>cilo.</strong></span> <span class='ocrx_word' id='word_1_560' title='bbox 1309 3725 1344 3764; x_wconf 91' lang='lat' dir='ltr'><strong>ne</strong></span> <span class='ocrx_word' id='word_1_561' title='bbox 1368 3709 1438 3766; x_wconf 87' lang='lat' dir='ltr'><strong>lorte</strong></span> <span class='ocrx_word' id='word_1_562' title='bbox 1464 3712 1552 3766; x_wconf 87' lang='lat' dir='ltr'><strong>tradat</strong></span> <span class='ocrx_word' id='word_1_563' title='bbox 1575 3728 1637 3769; x_wconf 90' lang='lat' dir='ltr'><strong>eum</strong></span> <span class='ocrx_word' id='word_1_564' title='bbox 1661 3715 1713 3769; x_wconf 88' lang='lat' dir='ltr'><strong>ad·</strong></span> 
     </span>
     <span class='ocr_line' id='line_1_52' title="bbox 64 3795 1713 3873; baseline 0.002 -17"><span class='ocrx_word' id='word_1_565' title='bbox 64 3802 99 3857; x_wconf 82' lang='lat' dir='ltr'><strong>les</strong></span> <span class='ocrx_word' id='word_1_566' title='bbox 111 3801 258 3858; x_wconf 88' lang='lat' dir='ltr'><strong>mercedes</strong></span> <span class='ocrx_word' id='word_1_567' title='bbox 273 3801 369 3873; x_wconf 90' lang='lat' dir='ltr'><strong>pascit.</strong></span> <span class='ocrx_word' id='word_1_568' title='bbox 385 3800 571 3857; x_wconf 88' lang='lat' dir='ltr'><strong>llercenarius</strong></span> <span class='ocrx_word' id='word_1_569' title='bbox 586 3801 697 3872; x_wconf 85' lang='lat' dir='ltr'><strong>quippe,</strong></span> <span class='ocrx_word' id='word_1_570' title='bbox 712 3800 759 3872; x_wconf 88' lang='lat' dir='ltr'><strong>qni</strong></span> <span class='ocrx_word' id='word_1_571' title='bbox 774 3800 865 3858; x_wconf 76' lang='lat' dir='ltr'><strong>losum</strong></span> <span class='ocrx_word' id='word_1_572' title='bbox 915 3795 1050 3849; x_wconf 83' lang='lat' dir='ltr'><strong>versarius</strong></span> <span class='ocrx_word' id='word_1_573' title='bbox 1058 3812 1122 3851; x_wconf 89' lang='lat' dir='ltr'><strong>suus</strong></span> <span class='ocrx_word' id='word_1_574' title='bbox 1127 3796 1222 3864; x_wconf 85' lang='lat' dir='ltr'><strong>judici,</strong></span> <span class='ocrx_word' id='word_1_575' title='bbox 1234 3806 1260 3852; x_wconf 91' lang='lat' dir='ltr'><strong>et</strong></span> <span class='ocrx_word' id='word_1_576' title='bbox 1265 3798 1348 3866; x_wconf 76' lang='lat' dir='ltr'><strong>iudex</strong></span> <span class='ocrx_word' id='word_1_577' title='bbox 1359 3799 1446 3855; x_wconf 90' lang='lat' dir='ltr'><strong>tradat</strong></span> <span class='ocrx_word' id='word_1_578' title='bbox 1456 3815 1518 3855; x_wconf 90' lang='lat' dir='ltr'><strong>etun</strong></span> <span class='ocrx_word' id='word_1_579' title='bbox 1533 3801 1668 3870; x_wconf 90' lang='lat' dir='ltr'><strong>ministro,</strong></span> <span class='ocrx_word' id='word_1_580' title='bbox 1686 3812 1713 3859; x_wconf 90' lang='lat' dir='ltr'><strong>ct</strong></span> 
     </span>
     <span class='ocr_line' id='line_1_53' title="bbox 66 3882 1716 3962; baseline 0.002 -17"><span class='ocrx_word' id='word_1_581' title='bbox 66 3891 170 3961; x_wconf 81' lang='lat' dir='ltr'><strong>qudem</strong></span> <span class='ocrx_word' id='word_1_582' title='bbox 185 3891 303 3962; x_wconf 86' lang='lat' dir='ltr'><strong>pastoris</strong></span> <span class='ocrx_word' id='word_1_583' title='bbox 317 3897 401 3956; x_wconf 91' lang='lat' dir='ltr'><strong>tenet,</strong></span> <span class='ocrx_word' id='word_1_584' title='bbox 417 3890 466 3946; x_wconf 87' lang='lat' dir='ltr'><strong>sed</strong></span> <span class='ocrx_word' id='word_1_585' title='bbox 476 3889 553 3945; x_wconf 87' lang='lat' dir='ltr'><strong>luera</strong></span> <span class='ocrx_word' id='word_1_586' title='bbox 564 3889 718 3944; x_wconf 89' lang='lat' dir='ltr'><strong>animarum</strong></span> <span class='ocrx_word' id='word_1_587' title='bbox 728 3903 784 3944; x_wconf 90' lang='lat' dir='ltr'><strong>non</strong></span> <span class='ocrx_word' id='word_1_588' title='bbox 794 3906 865 3960; x_wconf 70' lang='lat' dir='ltr'><strong>qum</strong></span> <span class='ocrx_word' id='word_1_589' title='bbox 913 3882 1038 3940; x_wconf 88' lang='lat' dir='ltr'><strong>minister</strong></span> <span class='ocrx_word' id='word_1_590' title='bbox 1052 3884 1139 3939; x_wconf 89' lang='lat' dir='ltr'><strong>mittat</strong></span> <span class='ocrx_word' id='word_1_591' title='bbox 1153 3885 1227 3940; x_wconf 92' lang='lat' dir='ltr'><strong>illum</strong></span> <span class='ocrx_word' id='word_1_592' title='bbox 1242 3886 1270 3940; x_wconf 91' lang='lat' dir='ltr'><strong>in</strong></span> <span class='ocrx_word' id='word_1_593' title='bbox 1283 3902 1431 3954; x_wconf 87' lang='lat' dir='ltr'><strong>carcerem,</strong></span> <span class='ocrx_word' id='word_1_594' title='bbox 1446 3890 1544 3957; x_wconf 80' lang='lat' dir='ltr'><strong>Arnen,</strong></span> <span class='ocrx_word' id='word_1_595' title='bbox 1569 3905 1623 3945; x_wconf 90' lang='lat' dir='ltr'><strong>non</strong></span> <span class='ocrx_word' id='word_1_596' title='bbox 1645 3892 1716 3950; x_wconf 87' lang='lat' dir='ltr'><strong>exiet</strong></span> 
     </span>
     <span class='ocr_line' id='line_1_54' title="bbox 67 3970 1715 4048; baseline 0.008 -24"><span class='ocrx_word' id='word_1_597' title='bbox 67 3980 101 4046; x_wconf 54' lang='lat' dir='ltr'><strong>rii,</strong></span> <span class='ocrx_word' id='word_1_598' title='bbox 123 3978 246 4035; x_wconf 70' lang='lat' dir='ltr'><strong>terrenis</strong></span> <span class='ocrx_word' id='word_1_599' title='bbox 269 3978 420 4035; x_wconf 71' lang='lat' dir='ltr'><strong>commodis</strong></span> <span class='ocrx_word' id='word_1_600' title='bbox 443 3978 538 4046; x_wconf 78' lang='lat' dir='ltr'><strong>inhiat,</strong></span> <span class='ocrx_word' id='word_1_601' title='bbox 569 3979 673 4034; x_wconf 72' lang='lat' dir='ltr'><strong>honore</strong></span> <span class='ocrx_word' id='word_1_602' title='bbox 699 3978 864 4048; x_wconf 61' lang='lat' dir='ltr'><strong>pantalionis</strong></span> <span class='ocrx_word' id='word_1_603' title='bbox 914 3970 976 4026; x_wconf 90' lang='lat' dir='ltr'><strong>inde</strong></span> <span class='ocrx_word' id='word_1_604' title='bbox 992 3973 1079 4030; x_wconf 88' lang='lat' dir='ltr'><strong>donec</strong></span> <span class='ocrx_word' id='word_1_605' title='bbox 1094 3974 1205 4030; x_wconf 88' lang='lat' dir='ltr'><strong>reddeto</strong></span> <span class='ocrx_word' id='word_1_606' title='bbox 1219 3975 1396 4031; x_wconf 88' lang='lat' dir='ltr'><strong>novissimum</strong></span> <span class='ocrx_word' id='word_1_607' title='bbox 1411 3978 1597 4048; x_wconf 84' lang='lat' dir='ltr'><strong>quadrantem.</strong></span> <span class='ocrx_word' id='word_1_608' title='bbox 1614 3981 1715 4039; x_wconf 90' lang='lat' dir='ltr'><strong>Notum</strong></span> 
     </span>
     <span class='ocr_line' id='line_1_55' title="bbox 69 4062 1715 4140; baseline 0.004 -17"><span class='ocrx_word' id='word_1_609' title='bbox 69 4069 167 4138; x_wconf 79' lang='lat' dir='ltr'><strong>gaudet,</strong></span> <span class='ocrx_word' id='word_1_610' title='bbox 179 4067 380 4137; x_wconf 87' lang='lat' dir='ltr'><strong>temporalibus</strong></span> <span class='ocrx_word' id='word_1_611' title='bbox 393 4065 474 4122; x_wconf 89' lang='lat' dir='ltr'><strong>lucris</strong></span> <span class='ocrx_word' id='word_1_612' title='bbox 484 4066 613 4138; x_wconf 89' lang='lat' dir='ltr'><strong>pascitur,</strong></span> <span class='ocrx_word' id='word_1_613' title='bbox 628 4066 751 4138; x_wconf 86' lang='lat' dir='ltr'><strong>impensa</strong></span> <span class='ocrx_word' id='word_1_614' title='bbox 764 4066 816 4121; x_wconf 90' lang='lat' dir='ltr'><strong>sibi</strong></span> <span class='ocrx_word' id='word_1_615' title='bbox 830 4067 865 4120; x_wconf 89' lang='lat' dir='ltr'><strong>ab</strong></span> <span class='ocrx_word' id='word_1_616' title='bbox 914 4068 955 4114; x_wconf 91' lang='lat' dir='ltr'><strong>est</strong></span> <span class='ocrx_word' id='word_1_617' title='bbox 971 4062 1014 4117; x_wconf 83' lang='lat' dir='ltr'><strong>vel</strong></span> <span class='ocrx_word' id='word_1_618' title='bbox 1029 4078 1111 4132; x_wconf 81' lang='lat' dir='ltr'><strong>parra</strong></span> <span class='ocrx_word' id='word_1_619' title='bbox 1126 4063 1160 4118; x_wconf 89' lang='lat' dir='ltr'><strong>dc</strong></span> <span class='ocrx_word' id='word_1_620' title='bbox 1182 4063 1321 4133; x_wconf 84' lang='lat' dir='ltr'><strong>seripturis</strong></span> <span class='ocrx_word' id='word_1_621' title='bbox 1345 4065 1502 4139; x_wconf 89' lang='lat' dir='ltr'><strong>scientibus,</strong></span> <span class='ocrx_word' id='word_1_622' title='bbox 1534 4068 1597 4140; x_wconf 86' lang='lat' dir='ltr'><strong>quia</strong></span> <span class='ocrx_word' id='word_1_623' title='bbox 1615 4069 1643 4125; x_wconf 91' lang='lat' dir='ltr'><strong>in</strong></span> <span class='ocrx_word' id='word_1_624' title='bbox 1661 4075 1715 4131; x_wconf 90' lang='lat' dir='ltr'><strong>hoc</strong></span> 
     </span>
     <span class='ocr_line' id='line_1_56' title="bbox 71 4148 1713 4232; baseline 0.007 -25"><span class='ocrx_word' id='word_1_625' title='bbox 71 4156 216 4212; x_wconf 88' lang='lat' dir='ltr'><strong>hominihus</strong></span> <span class='ocrx_word' id='word_1_626' title='bbox 231 4156 382 4212; x_wconf 86' lang='lat' dir='ltr'><strong>reverentis</strong></span> <span class='ocrx_word' id='word_1_627' title='bbox 397 4155 510 4211; x_wconf 76' lang='lat' dir='ltr'><strong>laetatur.</strong></span> <span class='ocrx_word' id='word_1_628' title='bbox 528 4156 589 4211; x_wconf 82' lang='lat' dir='ltr'><strong>lstae</strong></span> <span class='ocrx_word' id='word_1_629' title='bbox 604 4162 666 4209; x_wconf 91' lang='lat' dir='ltr'><strong>sunt</strong></span> <span class='ocrx_word' id='word_1_630' title='bbox 681 4155 781 4211; x_wconf 89' lang='lat' dir='ltr'><strong>etenim</strong></span> <span class='ocrx_word' id='word_1_631' title='bbox 793 4171 857 4210; x_wconf 90' lang='lat' dir='ltr'><strong>mer·</strong></span> <span class='ocrx_word' id='word_1_632' title='bbox 913 4148 974 4204; x_wconf 79' lang='grc'><strong>1000</strong></span> <span class='ocrx_word' id='word_1_633' title='bbox 989 4150 1163 4205; x_wconf 70' lang='lat' dir='ltr'><strong>adversarius</strong></span> <span class='ocrx_word' id='word_1_634' title='bbox 1176 4158 1268 4206; x_wconf 74' lang='lat' dir='ltr'><strong>noster</strong></span> <span class='ocrx_word' id='word_1_635' title='bbox 1282 4153 1379 4208; x_wconf 80' lang='lat' dir='ltr'><strong>dicitur</strong></span> <span class='ocrx_word' id='word_1_636' title='bbox 1392 4170 1484 4211; x_wconf 83' lang='lat' dir='ltr'><strong>sermo</strong></span> <span class='ocrx_word' id='word_1_637' title='bbox 1500 4157 1558 4222; x_wconf 85' lang='lat' dir='ltr'><strong>Dei.</strong></span> <span class='ocrx_word' id='word_1_638' title='bbox 1585 4164 1713 4232; x_wconf 88' lang='lat' dir='ltr'><strong>quoniam</strong></span> 
     </span>
     <span class='ocr_line' id='line_1_57' title="bbox 72 4237 1712 4322; baseline 0.006 -24"><span class='ocrx_word' id='word_1_639' title='bbox 72 4246 141 4300; x_wconf 85' lang='lat' dir='ltr'><strong>cedes</strong></span> <span class='ocrx_word' id='word_1_640' title='bbox 154 4244 328 4311; x_wconf 85' lang='lat' dir='ltr'><strong>mercenarii,</strong></span> <span class='ocrx_word' id='word_1_641' title='bbox 346 4251 375 4299; x_wconf 90' lang='lat' dir='ltr'><strong>ut</strong></span> <span class='ocrx_word' id='word_1_642' title='bbox 387 4259 436 4317; x_wconf 89' lang='lat' dir='ltr'><strong>pro</strong></span> <span class='ocrx_word' id='word_1_643' title='bbox 450 4259 483 4298; x_wconf 90' lang='lat' dir='ltr'><strong>eo</strong></span> <span class='ocrx_word' id='word_1_644' title='bbox 498 4242 558 4314; x_wconf 91' lang='lat' dir='ltr'><strong>ipso</strong></span> <span class='ocrx_word' id='word_1_645' title='bbox 583 4244 658 4315; x_wconf 88' lang='lat' dir='ltr'><strong>quod</strong></span> <span class='ocrx_word' id='word_1_646' title='bbox 679 4242 706 4296; x_wconf 92' lang='lat' dir='ltr'><strong>in</strong></span> <span class='ocrx_word' id='word_1_647' title='bbox 731 4243 865 4316; x_wconf 81' lang='lat' dir='ltr'><strong>regimine</strong></span> <span class='ocrx_word' id='word_1_648' title='bbox 911 4237 988 4306; x_wconf 82' lang='lat' dir='ltr'><strong>jubet</strong></span> <span class='ocrx_word' id='word_1_649' title='bbox 1002 4239 1137 4295; x_wconf 80' lang='lat' dir='ltr'><strong>contraris</strong></span> <span class='ocrx_word' id='word_1_650' title='bbox 1151 4240 1280 4310; x_wconf 89' lang='lat' dir='ltr'><strong>operibus</strong></span> <span class='ocrx_word' id='word_1_651' title='bbox 1295 4242 1396 4297; x_wconf 88' lang='lat' dir='ltr'><strong>nostris</strong></span> <span class='ocrx_word' id='word_1_652' title='bbox 1411 4244 1489 4298; x_wconf 91' lang='lat' dir='ltr'><strong>malis</strong></span> <span class='ocrx_word' id='word_1_653' title='bbox 1505 4263 1564 4317; x_wconf 77' lang='lat' dir='ltr'><strong>qum</strong></span> <span class='ocrx_word' id='word_1_654' title='bbox 1583 4249 1712 4322; x_wconf 85' lang='lat' dir='ltr'><strong>agimus:</strong></span> 
     </span>
     <span class='ocr_line' id='line_1_58' title="bbox 74 4325 1714 4411; baseline 0.008 -27"><span class='ocrx_word' id='word_1_655' title='bbox 74 4330 173 4400; x_wconf 79' lang='lat' dir='ltr'><strong>laborat,</strong></span> <span class='ocrx_word' id='word_1_656' title='bbox 190 4334 237 4389; x_wconf 88' lang='lat' dir='ltr'><strong>hic</strong></span> <span class='ocrx_word' id='word_1_657' title='bbox 252 4332 326 4405; x_wconf 93' lang='lat' dir='ltr'><strong>quod</strong></span> <span class='ocrx_word' id='word_1_658' title='bbox 341 4332 438 4404; x_wconf 75' lang='lat' dir='ltr'><strong>quaerit</strong></span> <span class='ocrx_word' id='word_1_659' title='bbox 453 4331 582 4397; x_wconf 86' lang='lat' dir='ltr'><strong>inveniat,</strong></span> <span class='ocrx_word' id='word_1_660' title='bbox 599 4339 624 4387; x_wconf 92' lang='lat' dir='ltr'><strong>et</strong></span> <span class='ocrx_word' id='word_1_661' title='bbox 646 4332 680 4387; x_wconf 90' lang='lat' dir='ltr'><strong>ab</strong></span> <span class='ocrx_word' id='word_1_662' title='bbox 706 4332 865 4388; x_wconf 74' lang='lat' dir='ltr'><strong>haereditate</strong></span> <span class='ocrx_word' id='word_1_663' title='bbox 914 4325 961 4381; x_wconf 84' lang='lat' dir='ltr'><strong>Cui</strong></span> <span class='ocrx_word' id='word_1_664' title='bbox 976 4327 1000 4381; x_wconf 86' lang='lat' dir='ltr'><strong>si</strong></span> <span class='ocrx_word' id='word_1_665' title='bbox 1014 4344 1069 4383; x_wconf 88' lang='lat' dir='ltr'><strong>uon</strong></span> <span class='ocrx_word' id='word_1_666' title='bbox 1083 4329 1351 4396; x_wconf 86' lang='lat' dir='ltr'><strong>concordaverimus,</strong></span> <span class='ocrx_word' id='word_1_667' title='bbox 1364 4331 1438 4399; x_wconf 87' lang='lat' dir='ltr'><strong>justo</strong></span> <span class='ocrx_word' id='word_1_668' title='bbox 1466 4333 1517 4388; x_wconf 88' lang='lat' dir='ltr'><strong>Dei</strong></span> <span class='ocrx_word' id='word_1_669' title='bbox 1538 4336 1641 4403; x_wconf 90' lang='lat' dir='ltr'><strong>judicio</strong></span> <span class='ocrx_word' id='word_1_670' title='bbox 1664 4357 1714 4411; x_wconf 88' lang='lat' dir='ltr'><strong>per</strong></span> 
     </span>
    </p>
   </div>
   <div class='ocr_carea' id='block_1_6' title="bbox 78 4415 1712 4494">
    <p class='ocr_par' dir='ltr' id='par_1_7' title="bbox 78 4415 1712 4494">
     <span class='ocr_line' id='line_1_59' title="bbox 78 4415 1712 4494; baseline 0.005 -18"><span class='ocrx_word' id='word_1_671' title='bbox 78 4423 154 4494; x_wconf 70' lang='lat' dir='ltr'><strong>gregis</strong></span> <span class='ocrx_word' id='word_1_672' title='bbox 169 4422 198 4478; x_wconf 91' lang='lat' dir='ltr'><strong>in</strong></span> <span class='ocrx_word' id='word_1_673' title='bbox 213 4429 356 4494; x_wconf 89' lang='lat' dir='ltr'><strong>posterum</strong></span> <span class='ocrx_word' id='word_1_674' title='bbox 370 4421 475 4476; x_wconf 82' lang='lat' dir='ltr'><strong>alienus</strong></span> <span class='ocrx_word' id='word_1_675' title='bbox 502 4421 608 4476; x_wconf 86' lang='lat' dir='ltr'><strong>existat.</strong></span> <span class='ocrx_word' id='word_1_676' title='bbox 629 4441 640 4469; x_wconf 77' lang='grc' dir='ltr'><strong>ι</strong></span> <span class='ocrx_word' id='word_1_677' title='bbox 667 4419 772 4490; x_wconf 69' lang='lat' dir='ltr'><strong>(ibid,</strong></span> <span class='ocrx_word' id='word_1_678' title='bbox 803 4426 865 4490; x_wconf 79' lang='lat' dir='ltr'><strong>porc</strong></span> <span class='ocrx_word' id='word_1_679' title='bbox 878 4415 1068 4477; x_wconf 87' lang='lat' dir='ltr'><strong>Dmiuistrum</strong></span> <span class='ocrx_word' id='word_1_680' title='bbox 1080 4417 1219 4471; x_wconf 88' lang='lat' dir='ltr'><strong>mittemur</strong></span> <span class='ocrx_word' id='word_1_681' title='bbox 1233 4418 1261 4472; x_wconf 94' lang='lat' dir='ltr'><strong>in</strong></span> <span class='ocrx_word' id='word_1_682' title='bbox 1280 4434 1430 4490; x_wconf 89' lang='lat' dir='ltr'><strong>carcerem,</strong></span> <span class='ocrx_word' id='word_1_683' title='bbox 1459 4430 1485 4476; x_wconf 91' lang='lat' dir='ltr'><strong>et</strong></span> <span class='ocrx_word' id='word_1_684' title='bbox 1513 4439 1567 4478; x_wconf 90' lang='lat' dir='ltr'><strong>non</strong></span> <span class='ocrx_word' id='word_1_685' title='bbox 1591 4426 1712 4484; x_wconf 85' lang='lat' dir='ltr'><strong>exiemus</strong></span> 
     </span>
    </p>
   </div>
   <div class='ocr_carea' id='block_1_7' title="bbox 10 4508 864 4937">
    <p class='ocr_par' dir='ltr' id='par_1_8' title="bbox 10 4508 864 4937">
     <span class='ocr_line' id='line_1_60' title="bbox 79 4508 864 4582; baseline 0.004 -21"><span class='ocrx_word' id='word_1_686' title='bbox 79 4511 179 4582; x_wconf 66' lang='lat' dir='ltr'><strong>cluna.)</strong></span> <span class='ocrx_word' id='word_1_687' title='bbox 200 4510 259 4565; x_wconf 77' lang='lat' dir='ltr'><strong>siit</strong></span> <span class='ocrx_word' id='word_1_688' title='bbox 268 4510 349 4581; x_wconf 91' lang='lat' dir='ltr'><strong>lupus</strong></span> <span class='ocrx_word' id='word_1_689' title='bbox 372 4508 443 4580; x_wconf 85' lang='lat' dir='ltr'><strong>rapit</strong></span> <span class='ocrx_word' id='word_1_690' title='bbox 466 4518 493 4565; x_wconf 93' lang='lat' dir='ltr'><strong>et</strong></span> <span class='ocrx_word' id='word_1_691' title='bbox 514 4508 648 4582; x_wconf 80' lang='lat' dir='ltr'><strong>dispergit</strong></span> <span class='ocrx_word' id='word_1_692' title='bbox 675 4524 752 4564; x_wconf 87' lang='lat' dir='ltr'><strong>oves.</strong></span> <span class='ocrx_word' id='word_1_693' title='bbox 771 4509 864 4580; x_wconf 88' lang='lat' dir='ltr'><strong>Lupus</strong></span> 
     </span>
     <span class='ocr_line' id='line_1_61' title="bbox 10 4596 864 4673; baseline 0.006 -25"><span class='ocrx_word' id='word_1_694' title='bbox 10 4668 12 4673; x_wconf 23' lang='grc' dir='ltr'>Ι</span> <span class='ocrx_word' id='word_1_695' title='bbox 80 4599 175 4655; x_wconf 84' lang='lat' dir='ltr'><strong>renitet</strong></span> <span class='ocrx_word' id='word_1_696' title='bbox 197 4597 386 4654; x_wconf 87' lang='lat' dir='ltr'><strong>mercenarius</strong></span> <span class='ocrx_word' id='word_1_697' title='bbox 408 4596 484 4670; x_wconf 79' lang='lat' dir='ltr'><strong>sugit,</strong></span> <span class='ocrx_word' id='word_1_698' title='bbox 511 4597 573 4670; x_wconf 88' lang='lat' dir='ltr'><strong>quia</strong></span> <span class='ocrx_word' id='word_1_699' title='bbox 594 4597 732 4669; x_wconf 76' lang='lat' dir='ltr'><strong>malignus</strong></span> <span class='ocrx_word' id='word_1_700' title='bbox 754 4597 864 4668; x_wconf 91' lang='lat' dir='ltr'><strong>spiritus</strong></span> 
     </span>
     <span class='ocr_line' id='line_1_62' title="bbox 10 4685 863 4757; baseline -0.002 -14"><span class='ocrx_word' id='word_1_701' title='bbox 10 4686 13 4743; x_wconf 71' lang='grc' dir='ltr'>ἰ</span> <span class='ocrx_word' id='word_1_702' title='bbox 82 4695 167 4743; x_wconf 82' lang='lat' dir='ltr'><strong>uenies</strong></span> <span class='ocrx_word' id='word_1_703' title='bbox 180 4686 305 4742; x_wconf 89' lang='lat' dir='ltr'><strong>fidelium</strong></span> <span class='ocrx_word' id='word_1_704' title='bbox 317 4686 344 4740; x_wconf 94' lang='lat' dir='ltr'><strong>in</strong></span> <span class='ocrx_word' id='word_1_705' title='bbox 360 4686 507 4742; x_wconf 89' lang='lat' dir='ltr'><strong>tentatione</strong></span> <span class='ocrx_word' id='word_1_706' title='bbox 521 4685 636 4740; x_wconf 89' lang='lat' dir='ltr'><strong>dilaniat</strong></span> <span class='ocrx_word' id='word_1_707' title='bbox 652 4728 659 4752; x_wconf 94' lang='lat'>‚</span> <span class='ocrx_word' id='word_1_708' title='bbox 677 4694 703 4740; x_wconf 92' lang='lat' dir='ltr'><strong>et</strong></span> <span class='ocrx_word' id='word_1_709' title='bbox 713 4685 736 4740; x_wconf 90' lang='lat' dir='ltr'><strong>is</strong></span> <span class='ocrx_word' id='word_1_710' title='bbox 751 4686 796 4757; x_wconf 86' lang='lat' dir='ltr'><strong>qui</strong></span> <span class='ocrx_word' id='word_1_711' title='bbox 820 4686 863 4742; x_wconf 90' lang='lat' dir='ltr'><strong>lo·</strong></span> 
     </span>
     <span class='ocr_line' id='line_1_63' title="bbox 83 4774 861 4847; baseline 0.005 -21"><span class='ocrx_word' id='word_1_712' title='bbox 83 4775 253 4847; x_wconf 85' lang='lat' dir='ltr'><strong>compastoris</strong></span> <span class='ocrx_word' id='word_1_713' title='bbox 264 4783 347 4844; x_wconf 90' lang='lat' dir='ltr'><strong>tenet,</strong></span> <span class='ocrx_word' id='word_1_714' title='bbox 363 4790 455 4831; x_wconf 88' lang='lat' dir='ltr'><strong>curam</strong></span> <span class='ocrx_word' id='word_1_715' title='bbox 471 4774 659 4831; x_wconf 89' lang='lat' dir='ltr'><strong>sollicitudinis</strong></span> <span class='ocrx_word' id='word_1_716' title='bbox 683 4790 737 4830; x_wconf 89' lang='lat' dir='ltr'><strong>non</strong></span> <span class='ocrx_word' id='word_1_717' title='bbox 757 4775 838 4830; x_wconf 85' lang='lat' dir='ltr'><strong>habet</strong></span> <span class='ocrx_word' id='word_1_718' title='bbox 854 4793 861 4830; x_wconf 91' lang='lat'>:</span> 
     </span>
     <span class='ocr_line' id='line_1_64' title="bbox 84 4862 862 4937; baseline 0 -19"><span class='ocrx_word' id='word_1_719' title='bbox 84 4863 160 4921; x_wconf 79' lang='lat' dir='ltr'><strong>arina</strong></span> <span class='ocrx_word' id='word_1_720' title='bbox 178 4872 308 4937; x_wconf 88' lang='lat' dir='ltr'><strong>pereunt,</strong></span> <span class='ocrx_word' id='word_1_721' title='bbox 320 4863 414 4934; x_wconf 87' lang='lat' dir='ltr'><strong>etipse</strong></span> <span class='ocrx_word' id='word_1_722' title='bbox 432 4863 465 4918; x_wconf 90' lang='lat' dir='ltr'><strong>de</strong></span> <span class='ocrx_word' id='word_1_723' title='bbox 475 4863 589 4919; x_wconf 90' lang='lat' dir='ltr'><strong>terrenis</strong></span> <span class='ocrx_word' id='word_1_724' title='bbox 613 4863 764 4919; x_wconf 89' lang='lat' dir='ltr'><strong>commodis</strong></span> <span class='ocrx_word' id='word_1_725' title='bbox 788 4862 862 4918; x_wconf 79' lang='lat' dir='ltr'><strong>laets·</strong></span> 
     </span>
    </p>
   </div>
   <div class='ocr_carea' id='block_1_8' title="bbox 915 4504 1712 4668">
    <p class='ocr_par' dir='ltr' id='par_1_9' title="bbox 915 4504 1712 4668">
     <span class='ocr_line' id='line_1_65' title="bbox 915 4504 1712 4583; baseline 0.016 -26"><span class='ocrx_word' id='word_1_726' title='bbox 915 4504 988 4570; x_wconf 90' lang='lat' dir='ltr'><strong>inde,</strong></span> <span class='ocrx_word' id='word_1_727' title='bbox 1005 4505 1093 4561; x_wconf 91' lang='lat' dir='ltr'><strong>donec</strong></span> <span class='ocrx_word' id='word_1_728' title='bbox 1108 4506 1255 4562; x_wconf 87' lang='lat' dir='ltr'><strong>reddamus</strong></span> <span class='ocrx_word' id='word_1_729' title='bbox 1269 4507 1447 4563; x_wconf 84' lang='lat' dir='ltr'><strong>novissimum</strong></span> <span class='ocrx_word' id='word_1_730' title='bbox 1470 4512 1658 4583; x_wconf 86' lang='lat' dir='ltr'><strong>quadrantem,</strong></span> <span class='ocrx_word' id='word_1_731' title='bbox 1686 4516 1712 4570; x_wconf 93' lang='lat' dir='ltr'><strong>id</strong></span> 
     </span>
     <span class='ocr_line' id='line_1_66' title="bbox 915 4592 1511 4668; baseline 0.012 -21"><span class='ocrx_word' id='word_1_732' title='bbox 915 4600 966 4660; x_wconf 88' lang='lat' dir='ltr'><strong>cst,</strong></span> <span class='ocrx_word' id='word_1_733' title='bbox 982 4592 1154 4648; x_wconf 88' lang='lat' dir='ltr'><strong>exsolvamus</strong></span> <span class='ocrx_word' id='word_1_734' title='bbox 1165 4602 1191 4649; x_wconf 89' lang='lat' dir='ltr'><strong>et</strong></span> <span class='ocrx_word' id='word_1_735' title='bbox 1206 4595 1347 4651; x_wconf 92' lang='lat' dir='ltr'><strong>minimum</strong></span> <span class='ocrx_word' id='word_1_736' title='bbox 1361 4604 1511 4668; x_wconf 88' lang='lat' dir='ltr'><strong>peccatum.</strong></span> 
     </span>
    </p>
   </div>
   <div class='ocr_carea' id='block_1_9' title="bbox 1037 4694 1524 4944">
    <p class='ocr_par' dir='ltr' id='par_1_10' title="bbox 1037 4694 1524 4944">
     <span class='ocr_line' id='line_1_67' title="bbox 1161 4694 1463 4753; baseline 0.01 -5"><span class='ocrx_word' id='word_1_737' title='bbox 1161 4694 1333 4752; x_wconf 77' lang='lat' dir='ltr'><strong>uersuum</strong></span> <span class='ocrx_word' id='word_1_738' title='bbox 1347 4696 1463 4753; x_wconf 88' lang='lat' dir='ltr'><strong>XXXll.</strong></span> 
     </span>
     <span class='ocr_line' id='line_1_68' title="bbox 1166 4798 1461 4851; baseline 0.014 -14"><span class='ocrx_word' id='word_1_739' title='bbox 1166 4798 1203 4838; x_wconf 80' lang='lat' dir='ltr'><strong>un</strong></span> <span class='ocrx_word' id='word_1_740' title='bbox 1216 4798 1346 4840; x_wconf 73' lang='lat' dir='ltr'><strong>insursu</strong></span> <span class='ocrx_word' id='word_1_741' title='bbox 1360 4800 1461 4851; x_wconf 57' lang='lat' dir='ltr'><strong>rurrru,</strong></span> 
     </span>
     <span class='ocr_line' id='line_1_69' title="bbox 1037 4871 1524 4944; baseline 0.004 -15"><span class='ocrx_word' id='word_1_742' title='bbox 1037 4920 1042 4929; x_wconf 92' lang='lat'>.</span> <span class='ocrx_word' id='word_1_743' title='bbox 1074 4871 1165 4927; x_wconf 88' lang='lat' dir='ltr'><strong>Caroli</strong></span> <span class='ocrx_word' id='word_1_744' title='bbox 1180 4874 1204 4927; x_wconf 96' lang='lat' dir='ltr'><strong>ll</strong></span> <span class='ocrx_word' id='word_1_745' title='bbox 1219 4873 1390 4944; x_wconf 86' lang='lat' dir='ltr'><strong>imperatoris</strong></span> <span class='ocrx_word' id='word_1_746' title='bbox 1405 4874 1524 4933; x_wconf 91' lang='lat' dir='ltr'><strong>nomine.</strong></span> 
     </span>
    </p>
   </div>
   <div class='ocr_carea' id='block_1_10' title="bbox 84 4950 1713 5052">
    <p class='ocr_par' dir='ltr' id='par_1_11' title="bbox 84 4950 1713 5052">
     <span class='ocr_line' id='line_1_70' title="bbox 84 4950 1713 5052; baseline 0.012 -49"><span class='ocrx_word' id='word_1_747' title='bbox 84 4953 127 5004; x_wconf 88' lang='lat' dir='ltr'><strong>tur.</strong></span> <span class='ocrx_word' id='word_1_748' title='bbox 145 4974 155 5002; x_wconf 75' lang='grc' dir='ltr'>ι</span> <span class='ocrx_word' id='word_1_749' title='bbox 172 4952 251 5009; x_wconf 84' lang='lat' dir='ltr'><strong>Unde</strong></span> <span class='ocrx_word' id='word_1_750' title='bbox 266 4967 329 5024; x_wconf 85' lang='lat' dir='ltr'><strong>quta</strong></span> <span class='ocrx_word' id='word_1_751' title='bbox 344 4951 413 5007; x_wconf 91' lang='lat' dir='ltr'><strong>sicut</strong></span> <span class='ocrx_word' id='word_1_752' title='bbox 428 4952 525 5006; x_wconf 87' lang='lat' dir='ltr'><strong>beatus</strong></span> <span class='ocrx_word' id='word_1_753' title='bbox 540 4951 602 5007; x_wconf 89' lang='lat' dir='ltr'><strong>dicit</strong></span> <span class='ocrx_word' id='word_1_754' title='bbox 618 4950 744 5006; x_wconf 83' lang='lat' dir='ltr'><strong>Gelasius</strong></span> <span class='ocrx_word' id='word_1_755' title='bbox 768 4951 861 5021; x_wconf 83' lang='lat' dir='ltr'><strong>(epist.</strong></span> <span class='ocrx_word' id='word_1_756' title='bbox 912 4967 951 5021; x_wconf 60' lang='lat' dir='ltr'><strong>pe</strong></span> <span class='ocrx_word' id='word_1_757' title='bbox 962 4968 1081 5038; x_wconf 58' lang='lat' dir='ltr'><strong>judicii,</strong></span> <span class='ocrx_word' id='word_1_758' title='bbox 1094 4973 1122 5025; x_wconf 62' lang='lat' dir='ltr'><strong>et</strong></span> <span class='ocrx_word' id='word_1_759' title='bbox 1136 4972 1373 5042; x_wconf 61' lang='lat' dir='ltr'><strong>appellationibus</strong></span> <span class='ocrx_word' id='word_1_760' title='bbox 1388 4974 1582 5048; x_wconf 62' lang='lat' dir='ltr'><strong>episcoporum</strong></span> <span class='ocrx_word' id='word_1_761' title='bbox 1596 4981 1625 5034; x_wconf 65' lang='lat' dir='ltr'><strong>er</strong></span> <span class='ocrx_word' id='word_1_762' title='bbox 1645 4995 1713 5052; x_wconf 65' lang='lat' dir='ltr'><strong>pre.</strong></span> 
     </span>
    </p>
   </div>
   <div class='ocr_carea' id='block_1_11' title="bbox 85 5038 864 5290">
    <p class='ocr_par' dir='ltr' id='par_1_12' title="bbox 85 5038 864 5290">
     <span class='ocr_line' id='line_1_71' title="bbox 86 5038 864 5112; baseline -0.004 -15"><span class='ocrx_word' id='word_1_763' title='bbox 86 5038 112 5100; x_wconf 78' lang='lat' dir='ltr'><strong>ll,</strong></span> <span class='ocrx_word' id='word_1_764' title='bbox 127 5040 159 5096; x_wconf 85' lang='lat' dir='ltr'><strong>od</strong></span> <span class='ocrx_word' id='word_1_765' title='bbox 172 5042 369 5112; x_wconf 78' lang='lat' dir='ltr'><strong>Anactorium)</strong></span> <span class='ocrx_word' id='word_1_766' title='bbox 385 5061 394 5096; x_wconf 90' lang='grc'><strong>.·</strong></span> <span class='ocrx_word' id='word_1_767' title='bbox 410 5041 470 5096; x_wconf 88' lang='lat' dir='ltr'><strong>Duo</strong></span> <span class='ocrx_word' id='word_1_768' title='bbox 486 5049 548 5096; x_wconf 78' lang='lat' dir='ltr'><strong>aunt</strong></span> <span class='ocrx_word' id='word_1_769' title='bbox 567 5040 664 5112; x_wconf 91' lang='lat' dir='ltr'><strong>quibus</strong></span> <span class='ocrx_word' id='word_1_770' title='bbox 680 5039 864 5112; x_wconf 90' lang='lat' dir='ltr'><strong>principaliter</strong></span> 
     </span>
     <span class='ocr_line' id='line_1_72' title="bbox 85 5127 863 5203; baseline 0.008 -26"><span class='ocrx_word' id='word_1_771' title='bbox 85 5128 179 5184; x_wconf 88' lang='lat' dir='ltr'><strong>nundus</strong></span> <span class='ocrx_word' id='word_1_772' title='bbox 188 5129 357 5203; x_wconf 76' lang='lat' dir='ltr'><strong>hieregitur,</strong></span> <span class='ocrx_word' id='word_1_773' title='bbox 382 5129 528 5186; x_wconf 83' lang='lat' dir='ltr'><strong>auctoritas</strong></span> <span class='ocrx_word' id='word_1_774' title='bbox 548 5142 641 5184; x_wconf 87' lang='lat' dir='ltr'><strong>sacras</strong></span> <span class='ocrx_word' id='word_1_775' title='bbox 664 5127 823 5199; x_wconf 84' lang='lat' dir='ltr'><strong>pontificum</strong></span> <span class='ocrx_word' id='word_1_776' title='bbox 837 5136 863 5185; x_wconf 92' lang='lat' dir='ltr'><strong>et</strong></span> 
     </span>
     <span class='ocr_line' id='line_1_73' title="bbox 86 5216 862 5290; baseline 0.008 -24"><span class='ocrx_word' id='word_1_777' title='bbox 86 5216 162 5285; x_wconf 82' lang='lat' dir='ltr'><strong>regalis</strong></span> <span class='ocrx_word' id='word_1_778' title='bbox 175 5227 307 5289; x_wconf 86' lang='lat' dir='ltr'><strong>potestas,</strong></span> <span class='ocrx_word' id='word_1_779' title='bbox 325 5218 493 5290; x_wconf 86' lang='lat' dir='ltr'><strong>sequendum</strong></span> <span class='ocrx_word' id='word_1_780' title='bbox 508 5224 550 5273; x_wconf 91' lang='lat' dir='ltr'><strong>est</strong></span> <span class='ocrx_word' id='word_1_781' title='bbox 562 5216 686 5288; x_wconf 85' lang='lat' dir='ltr'><strong>episcopi</strong></span> <span class='ocrx_word' id='word_1_782' title='bbox 703 5232 734 5273; x_wconf 90' lang='lat' dir='ltr'><strong>ac</strong></span> <span class='ocrx_word' id='word_1_783' title='bbox 763 5217 862 5287; x_wconf 91' lang='lat' dir='ltr'><strong>princi·</strong></span> 
     </span>
    </p>
   </div>
   <div class='ocr_carea' id='block_1_12' title="bbox 938 5043 1678 5204">
    <p class='ocr_par' dir='ltr' id='par_1_13' title="bbox 938 5043 1678 5204">
     <span class='ocr_line' id='line_1_74' title="bbox 1206 5043 1391 5114; baseline 0 -16"><span class='ocrx_word' id='word_1_784' title='bbox 1206 5043 1391 5114; x_wconf 75' lang='lat' dir='ltr'><strong>sbyterorum.</strong></span> 
     </span>
     <span class='ocr_line' id='line_1_75' title="bbox 938 5134 1678 5204; baseline 0.018 -24"><span class='ocrx_word' id='word_1_785' title='bbox 938 5134 1019 5190; x_wconf 79' lang='lat' dir='ltr'><strong>(Apud</strong></span> <span class='ocrx_word' id='word_1_786' title='bbox 1031 5136 1156 5189; x_wconf 87' lang='lat' dir='ltr'><strong>eumdem,</strong></span> <span class='ocrx_word' id='word_1_787' title='bbox 1170 5147 1200 5184; x_wconf 83' lang='lat' dir='ltr'><strong>ex</strong></span> <span class='ocrx_word' id='word_1_788' title='bbox 1210 5137 1322 5184; x_wconf 84' lang='lat' dir='ltr'><strong>coitione</strong></span> <span class='ocrx_word' id='word_1_789' title='bbox 1336 5141 1486 5197; x_wconf 72' lang='lat' dir='ltr'><strong>ungunttnn</strong></span> <span class='ocrx_word' id='word_1_790' title='bbox 1496 5145 1567 5192; x_wconf 81' lang='lat' dir='ltr'><strong>toan.</strong></span> <span class='ocrx_word' id='word_1_791' title='bbox 1583 5147 1678 5204; x_wconf 75' lang='lat' dir='ltr'><strong>cusai.)</strong></span> 
     </span>
    </p>
   </div>
   <div class='ocr_carea' id='block_1_13' title="bbox 949 5220 1713 5290">
    <p class='ocr_par' dir='ltr' id='par_1_14' title="bbox 949 5220 1713 5290">
     <span class='ocr_line' id='line_1_76' title="bbox 949 5220 1713 5290; baseline 0.021 -16"><span class='ocrx_word' id='word_1_792' title='bbox 949 5220 1126 5277; x_wconf 87' lang='lat' dir='ltr'><strong>Sanctissimo</strong></span> <span class='ocrx_word' id='word_1_793' title='bbox 1174 5239 1204 5278; x_wconf 90' lang='lat' dir='ltr'><strong>ac</strong></span> <span class='ocrx_word' id='word_1_794' title='bbox 1243 5225 1465 5285; x_wconf 84' lang='lat' dir='ltr'><strong>reverentissimo</strong></span> <span class='ocrx_word' id='word_1_795' title='bbox 1507 5231 1581 5286; x_wconf 88' lang='lat' dir='ltr'><strong>Patri</strong></span> <span class='ocrx_word' id='word_1_796' title='bbox 1612 5246 1713 5290; x_wconf 78' lang='lat' dir='ltr'><strong>toturn</strong></span> 
     </span>
    </p>
   </div>
   <div class='ocr_carea' id='block_1_14' title="bbox 84 5301 1744 5558">
    <p class='ocr_par' dir='ltr' id='par_1_15' title="bbox 84 5301 1744 5558">
     <span class='ocr_line' id='line_1_77' title="bbox 86 5301 1713 5390; baseline 0.015 -36"><span class='ocrx_word' id='word_1_797' title='bbox 86 5301 145 5369; x_wconf 85' lang='lat' dir='ltr'><strong>pibus</strong></span> <span class='ocrx_word' id='word_1_798' title='bbox 159 5315 238 5364; x_wconf 74' lang='lat' dir='ltr'><strong>terrae</strong></span> <span class='ocrx_word' id='word_1_799' title='bbox 259 5306 405 5364; x_wconf 89' lang='lat' dir='ltr'><strong>consilium</strong></span> <span class='ocrx_word' id='word_1_800' title='bbox 428 5306 571 5374; x_wconf 89' lang='lat' dir='ltr'><strong>hortantis,</strong></span> <span class='ocrx_word' id='word_1_801' title='bbox 597 5306 652 5361; x_wconf 90' lang='lat' dir='ltr'><strong>imo</strong></span> <span class='ocrx_word' id='word_1_802' title='bbox 680 5305 862 5378; x_wconf 74' lang='lat' dir='ltr'><strong>precipientis</strong></span> <span class='ocrx_word' id='word_1_803' title='bbox 912 5323 1019 5366; x_wconf 92' lang='lat' dir='ltr'><strong>summo</strong></span> <span class='ocrx_word' id='word_1_804' title='bbox 1046 5309 1167 5381; x_wconf 82' lang='lat' dir='ltr'><strong>pontifici</strong></span> <span class='ocrx_word' id='word_1_805' title='bbox 1194 5321 1221 5368; x_wconf 91' lang='lat' dir='ltr'><strong>et</strong></span> <span class='ocrx_word' id='word_1_806' title='bbox 1261 5313 1409 5373; x_wconf 83' lang='lat' dir='ltr'><strong>universali</strong></span> <span class='ocrx_word' id='word_1_807' title='bbox 1453 5334 1549 5390; x_wconf 85' lang='lat' dir='ltr'><strong>papae,</strong></span> <span class='ocrx_word' id='word_1_808' title='bbox 1585 5321 1713 5380; x_wconf 79' lang='lat' dir='ltr'><strong>Cunctos</strong></span> 
     </span>
     <span class='ocr_line' id='line_1_78' title="bbox 85 5392 1744 5479; baseline 0.011 -30"><span class='ocrx_word' id='word_1_809' title='bbox 85 5392 186 5462; x_wconf 81' lang='lat' dir='ltr'><strong>Apostoli</strong></span> <span class='ocrx_word' id='word_1_810' title='bbox 202 5413 209 5454; x_wconf 93' lang='lat'>:</span> <span class='ocrx_word' id='word_1_811' title='bbox 223 5398 328 5463; x_wconf 82' lang='lat' dir='ltr'><strong>Nolite,</strong></span> <span class='ocrx_word' id='word_1_812' title='bbox 346 5395 443 5467; x_wconf 83' lang='lat' dir='ltr'><strong>inquit,</strong></span> <span class='ocrx_word' id='word_1_813' title='bbox 459 5397 861 5466; x_wconf 77' lang='lat' dir='ltr'><strong>caramanicorcoperibusin-</strong></span> <span class='ocrx_word' id='word_1_814' title='bbox 911 5397 1001 5468; x_wconf 83' lang='lat' dir='ltr'><strong>gratia</strong></span> <span class='ocrx_word' id='word_1_815' title='bbox 1024 5398 1074 5455; x_wconf 87' lang='lat' dir='ltr'><strong>Dei</strong></span> <span class='ocrx_word' id='word_1_816' title='bbox 1100 5399 1248 5473; x_wconf 88' lang='lat' dir='ltr'><strong>imperator</strong></span> <span class='ocrx_word' id='word_1_817' title='bbox 1271 5405 1466 5478; x_wconf 76' lang='lat' dir='ltr'><strong>Augustusne</strong></span> <span class='ocrx_word' id='word_1_818' title='bbox 1489 5407 1620 5479; x_wconf 90' lang='lat' dir='ltr'><strong>spiritalis</strong></span> <span class='ocrx_word' id='word_1_819' title='bbox 1640 5410 1713 5468; x_wconf 88' lang='lat' dir='ltr'><strong>lilius</strong></span> <span class='ocrx_word' id='word_1_820' title='bbox 1743 5453 1744 5456; x_wconf 63' lang='lat'><strong>,</strong></span> 
     </span>
     <span class='ocr_line' id='line_1_79' title="bbox 84 5481 1440 5558; baseline -0.001 -12"><span class='ocrx_word' id='word_1_821' title='bbox 84 5481 216 5546; x_wconf 79' lang='lat' dir='ltr'><strong>luctuosis</strong></span> <span class='ocrx_word' id='word_1_822' title='bbox 232 5487 427 5558; x_wconf 80' lang='lat' dir='ltr'><strong>tenebrarum,</strong></span> <span class='ocrx_word' id='word_1_823' title='bbox 441 5487 531 5558; x_wconf 70' lang='lat' dir='ltr'><strong>manu</strong></span> <span class='ocrx_word' id='word_1_824' title='bbox 546 5489 643 5544; x_wconf 84' lang='lat' dir='ltr'><strong>cutem</strong></span> <span class='ocrx_word' id='word_1_825' title='bbox 657 5488 686 5543; x_wconf 84' lang='lat' dir='ltr'><strong>et</strong></span> <span class='ocrx_word' id='word_1_826' title='bbox 700 5484 861 5557; x_wconf 80' lang='lat' dir='ltr'><strong>redcrpuite</strong></span> <span class='ocrx_word' id='word_1_827' title='bbox 911 5494 1010 5544; x_wconf 86' lang='lat' dir='ltr'><strong>vester.</strong></span> <span class='ocrx_word' id='word_1_828' title='bbox 1026 5516 1033 5521; x_wconf 96' lang='lat'><em>-</em></span> <span class='ocrx_word' id='word_1_829' title='bbox 1438 5520 1440 5524; x_wconf 68' lang='lat'><strong>,</strong></span> 
     </span>
    </p>
   </div>
   <div class='ocr_carea' id='block_1_15' title="bbox 0 0 1904 6100">
    <p class='ocr_par' dir='ltr' id='par_1_16' title="bbox 0 0 1904 6100">
     <span class='ocr_line' id='line_1_80' title="bbox 0 0 1904 6100; baseline 0 0"><span class='ocrx_word' id='word_1_830' title='bbox 0 0 1904 6100; x_wconf 95' lang='lat' dir='ltr'><strong> </strong></span> 
     </span>
    </p>
   </div>
  </div>
 </body>
</html>
