3826 6098
131 248 185 308 att
647 240 818 300 muntiant
836 238 1035 299 attadndsts
1053 236 1330 298 tacnmrtscort.
1730 247 1783 302 228

136 370 261 429 ecelesiae
274 385 360 443 penes
369 381 542 427 <economum
557 367 678 439 ejusdem
688 367 812 424 eeclesia
826 367 933 440 integre
947 367 1110 427 Actoritate
1126 367 1302 436 intendimus,
1318 367 1347 421 iu
1361 366 1413 420 boc
1428 355 1569 437 tyrannica
1597 368 1699 425 Odacri
1719 385 1785 441 per-

136 469 344 526 conserventur,
358 458 604 532 »quospraedictus
618 457 727 512 invasor
742 455 936 512 Odacrussine
986 456 1098 511 vasione
1124 458 1247 512 vaeamis
1275 458 1400 513 eeclesiae
1435 458 1597 515 invenimus,
1636 459 1785 529 Apostolus

135 548 191 605 ulla
204 548 305 606 divina
324 548 395 621 legis
415 547 569 603 reverentia
590 562 721 616 usurpare
748 546 932 617 presumpsit.
986 559 1104 615 namque
1118 545 1200 600 dicit:
1217 547 1354 614 fidaritio,
1370 566 1431 621 pure
1446 553 1489 605 eat
1504 548 1644 604 idolorum
1660 549 1784 603 servitos

137 636 310 709 Quapropter
318 652 379 693 curn
390 635 451 691 aliis
464 635 619 705 hujusmodi
634 633 879 705 praesumptoribus
897 634 933 689 ab
986 634 1100 703 (Colore.
1116 636 1168 699 nr).
1186 635 1219 690 Et
1233 635 1330 691 beatus
1345 637 1495 710 Gregorius
1508 637 1624 707 loquens
1639 636 1673 691 de
1691 643 1783 690 tenta·

137 725 235 783 eodem
249 734 344 782 sancto
358 733 384 780 et
399 740 500 797 magno
516 722 632 779 coaedio
645 722 812 794 percellitur,
838 731 868 777 ut
890 722 936 794 qui
986 720 1057 777 tione
1068 722 1208 777 Dominica
1228 723 1256 776 in
1271 724 1413 796 Evangelii
1438 724 1560 793 homilia,
1576 724 1702 779 etaltera
1718 740 1786 779 seu·

138 815 196 870 ansi
211 814 310 870 luerint
324 821 386 884 post
399 811 588 869 diffinitionem
602 827 711 883 magnae
725 821 752 867 et
772 810 936 868 universalis
986 810 1068 864 tentia
1082 809 1184 880 praelati
1198 813 1316 882 apostoli
1330 814 1449 869 ostendit
1468 811 1610 869 avaritiam
1639 828 1701 867 esse
1728 828 1786 868 uon

135 903 216 972 buius
230 902 327 974 synodi
340 902 486 973 quidquam
502 917 535 956 ex
555 901 598 956 bis
625 916 686 973 quae
712 908 775 955 snut
801 899 935 971 prohibita
986 897 1074 952 solum
1089 898 1221 968 pecunie,
1248 899 1298 954 sed
1321 901 1402 964 etiarn
1413 901 1571 957 altitudinis.
1599 901 1635 955 Et
1658 900 1786 956 Odaerus

136 999 307 1063 perpetrare,
323 990 443 1046 decrevit
453 997 549 1046 sancta
559 989 683 1061 synodus
693 988 830 1060 aproprio
845 989 936 1058 hujus·
985 985 1095 1041 invasor
1105 988 1227 1043 vacantis
1242 988 1376 1056 eeclesiae,
1389 990 1450 1063 quia
1468 990 1620 1046 seeundum
1641 1003 1786 1045 sacrorum

135 1080 209 1135 modi
225 1079 311 1151 gradu
325 1079 466 1135 recedere.
700 1114 707 1126 .
985 1091 1119 1131 correnum
1127 1077 1272 1144 tramitem,
1289 1079 1324 1133 ad
1338 1086 1497 1150 proveetum
1512 1078 1676 1150 episcopalis
1706 1077 1786 1134 ordi-

172 1168 218 1223 tv.
231 1167 368 1236 Odaerus,
380 1165 670 1224 relictoeeelesiastieo
678 1166 781 1235 iudicio
796 1175 823 1223 et
842 1180 935 1223 sacro·
985 1164 1037 1229 nis,
1055 1173 1084 1218 ut
1097 1181 1142 1219 res
1158 1172 1184 1218 et
1208 1164 1348 1221 facultates
1369 1167 1455 1238 ipsius
1475 1166 1599 1224 eeclesiae
1621 1166 1784 1238 possideret,

136 1272 198 1311 rum
214 1271 350 1312 cauortum
364 1255 531 1323 diffinitione,
544 1257 760 1326 persaecularem
773 1262 935 1326 potestatem
984 1253 1150 1321 Deojudice,
1175 1255 1319 1326 pervenire
1344 1272 1398 1311 non
1417 1255 1525 1321 meruit,
1552 1272 1603 1327 per
1623 1255 1785 1311 saecularem

136 1346 246 1400 invasor
260 1361 354 1400 rerum
369 1344 558 1400 etfaoultatum
573 1343 822 1400 ecclesiastieorum
836 1343 935 1399 belra—
984 1349 1145 1411 potestatem
1162 1343 1238 1414 prius
1253 1360 1298 1398 res
1321 1352 1348 1399 et
1370 1343 1523 1400 facultatem
1551 1344 1639 1415 ipsius
1661 1344 1787 1401 ecclesias

136 1433 227 1489 censis
251 1432 392 1498 Ecclesia,
415 1449 475 1503 qnae
504 1434 653 1488 secundnm
696 1448 788 1489 sacras
825 1431 935 1504 regulas
985 1429 1106 1493 vacariis
1120 1430 1244 1500 obtinuit,
1261 1440 1290 1487 ut
1304 1432 1495 1505 saltuquoquo
1526 1433 1607 1487 modo
1631 1433 1666 1487 ad
1688 1431 1785 1488 altitu·

136 1520 286 1577 oblationes
295 1521 472 1592 appellantur,
494 1522 556 1593 quia
582 1522 698 1578 Domino
722 1520 883 1589 offeruntur,
909 1527 936 1575 ει
984 1517 1075 1573 dinem
1091 1520 1255 1591 episcopalis
1269 1521 1387 1576 nominis
1400 1521 1564 1592 perveniret,
1594 1529 1621 1576 et
1652 1521 1784 1577 sacerdos

136 1617 200 1665 vota
223 1618 286 1664 suut
314 1608 444 1674 fidelium,
470 1625 503 1665 ac
536 1611 624 1682 pretia
643 1618 827 1681 peecatorum,
856 1617 934 1679 atque
984 1622 1039 1661 non
1055 1624 1125 1676 esse,
1142 1608 1191 1662 sed
1206 1609 1258 1664 diei
1279 1610 1464 1666 tantummodo
1478 1609 1593 1664 inaniter
1617 1610 1782 1681 concupivit.

136 1698 298 1768 patrimonio
312 1713 472 1768 pauperum,
484 1699 542 1770 ipse
556 1699 584 1753 in
608 1715 637 1754 se
665 1698 845 1753 damnationis
874 1695 1047 1782 seu-BNon
1062 1697 1213 1762 attendens,
1241 1699 1301 1768 qtria
1317 1698 1355 1753 sic
1385 1699 1420 1753 ab
1448 1699 1508 1769 ipso
1527 1698 1643 1766 Christo,
1675 1713 1783 1755 summo

136 1787 248 1842 tentiam
268 1787 407 1855 iaculevit,
428 1788 492 1859 quia
508 1789 578 1845 sicut
593 1796 703 1844 sanetus
718 1788 773 1844 Leo
787 1802 857 1858 papa
872 1801 935 1842 cum
986 1783 1122 1855 pontiliee,
1135 1801 1166 1840 ao
1181 1802 1248 1859 rege
1259 1803 1365 1858 regum,
1382 1795 1445 1841 sunt
1464 1787 1590 1841 distincta
1617 1794 1785 1857 potestatum

136 1875 261 1931 Romana
274 1875 379 1947 simodo
392 1875 516 1933 diffinivit
535 1877 628 1949 (epist.
654 1877 698 1946 bd)
711 1895 716 1928 ι
731 1897 742 1926 a
775 1874 935 1946 Quicunque
983 1872 1081 1937 officia,
1099 1882 1128 1928 ut
1142 1874 1272 1944 spiritalis
1285 1876 1380 1931 actioa
1395 1875 1551 1931 carnalibus
1566 1875 1677 1931 distaret
1692 1875 1784 1931 incur·

137 1965 298 2034 subregulo
316 1964 406 2035 positi,
433 1964 529 2022 relicto
557 1965 743 2021 eeclesiastico
769 1964 882 2034 judicio,
899 1962 934 2018 ad
983 1962 1069 2031 sibus,
1086 1971 1111 2016 et
1125 1963 1271 2018 militantes
1285 1965 1342 2020 Deo
1352 1964 1463 2018 minime
1473 1980 1503 2019 se
1521 1964 1638 2038 negotiis
1665 1965 1782 2021 saeeula-

135 2053 287 2123 patrooiuie
315 2052 445 2109 laicorum
456 2054 613 2121 corrvolare,
631 2062 657 2109 ει
669 2055 875 2123 judiciaeorum
892 2068 935 2108 etr·
983 2050 1060 2105 ribus
1074 2051 1254 2121 implicarent,
1272 2067 1303 2107 ac
1319 2052 1439 2108 vicissim
1446 2068 1501 2107 nou
1519 2052 1557 2108 illi
1572 2053 1654 2107 rebus
1683 2053 1783 2108 diuinis

136 2149 241 2212 petere,
258 2149 284 2197 et
298 2144 482 2213 praetermisso
498 2144 640 2200 sacerdote
669 2146 868 2218 suaeecclesiae,
900 2146 933 2202 ad
983 2139 1132 2210 praesidere
1141 2140 1307 2206 viderentur,
1319 2141 1365 2212 qui
1375 2141 1592 2212 essentnegotiis
1603 2140 1781 2197 saecularibus

137 2230 362 2301 disceptationem
371 2231 543 2286 saecularium
552 2233 685 2299 venerint,
695 2235 932 2308 sacrisliminibus,
983 2227 1121 2298 implicati·
1146 2228 1180 2282 Εῑ
1200 2230 1344 2284 soeculrres
1367 2230 1418 2284 viri
1434 2231 1606 2286 sacerdotum
1627 2230 1780 2302 penderent

138 2318 222 2372 idest
237 2319 270 2372 ab
285 2317 408 2374 ecelesiae
422 2319 502 2374 aditis
517 2321 625 2391 expelli,
645 2330 672 2376 et
685 2337 700 2376 a
715 2322 819 2378 eoelesti
848 2328 935 2383 arceri
980 2316 1092 2384 ludim,
1109 2331 1162 2371 1¹0ss
1174 2318 1330 2373 ⁵³0⁰Pd0108
1345 2319 1378 2373 ad
1394 2335 1471 2374 suam
1497 2319 1627 2374 deberent
1654 2318 1782 2390 redigere

138 2404 245 2473 altario,
261 2404 290 2462 id
304 2415 374 2461 esta
389 2421 503 2477 corpore
519 2408 683 2481 etsanguine
700 2411 799 2465 Christi
814 2417 935 2485 separari
983 2405 1165 2460 voluntatem:
1182 2413 1208 2460 0²
1219 2407 1376 2463 SsscssrdOlCS
1387 2407 1557 2463 Sfflssularifflss
1569 2407 1671 2475 judicia
1687 2408 1781 2464 discu-

137 2494 780 2568 jubeutnr.aEteonouessacridifflniunt(cons,
793 2503 932 2570 intimi„
983 2501 1081 2559 terent,
1108 2509 1162 2548 nou
1185 2503 1276 2550 autem
1303 2495 1449 2553 saeculares
1471 2495 1645 2551 sacerdotum
1678 2496 1780 2565 judicia

139 2597 198 2643 can,
215 2586 243 2649 2)
260 2599 267 2637 ς
286 2606 296 2629 ι
314 2585 348 2639 Ut
362 2584 476 2654 quilibet
499 2586 600 2656 reguis
623 2585 765 2654 subjectus
791 2590 932 2657 Emissis,
983 2582 1168 2651 molestarent,
1186 2583 1496 2640 sieutlitteraedivinitus
1519 2584 1658 2655 inspiratae
1690 2587 1781 2640 mani-

137 2679 237 2742 praeter
249 2672 392 2728 eonsilium
407 2682 433 2728 et
444 2668 548 2743 litteras
563 2675 753 2745 episcoporum
777 2680 932 2748 provincias,
982 2669 1051 2726 leste
1066 2672 1261 2738 demonstrant,
1279 2682 1305 2728 et
1318 2673 1510 2729 Constantinus
1524 2688 1640 2744 maguus
1660 2674 1781 2744 impora-

138 2767 164 2816 et
179 2761 315 2832 praecipue
322 2762 534 2833 metropolitani,
545 2764 642 2819 adierit
649 2764 852 2837 imperatorem,
863 2769 935 2826 hune
984 2759 1320 2816 ¹0si¹¹Ni0²1³¹10⁰⁰ss0ili⁰
1336 2778 1366 2816 se
1388 2762 1497 2817 illfflum
1522 2762 1632 2830 judiciis
1660 2762 1782 2818 subdffl

138 2850 279 2918 reprobari
294 2858 320 2905 et
334 2850 561 2921 abjicioporterc‚
578 2868 632 2908 non
660 2854 746 2910 solum
771 2871 788 2911 s
814 2873 934 2914 commu.
984 2848 1110 2903 ostendit.
1127 2849 1176 2903 His
1190 2849 1271 2921 igitur
1287 2851 1324 2905 ita
1338 2866 1367 2906 se
1382 2849 1553 2913 habentibus,
1584 2849 1710 2906 Odacrus
1731 2866 1782 2923 per

138 2937 333 3007 aione,verum
348 2947 375 2994 ει
396 2940 429 2994 ab
446 2941 549 2996 honore
566 2942 642 3010 etsjus
669 2944 805 3014 particeps
829 2947 935 3003 videtui
984 2937 1123 2991 avaritiam
1137 2946 1164 2993 et
1179 2938 1345 3005 altitudinis,
1362 2949 1386 2993 et
1417 2938 1656 3010 possessionis,'iu
1683 2954 1785 3009 persa·

139 3026 264 3082 existere.
278 3053 288 3074 n
299 3028 332 3082 Et
347 3037 457 3084 sanetus
472 3030 580 3085 hilarus
595 3046 664 3102 popa
679 3032 706 3086 in
718 3033 835 3089 decretis
859 3037 932 3092 suis:
985 3026 1061 3094 siope
1076 3027 1198 3082 vacantis
1214 3029 1338 3084 eeclesiae
1366 3027 1508 3083 idololatra
1532 3044 1592 3083 esse
1617 3029 1779 3084 ostenditur.

141 3136 152 3163 o
169 3116 232 3170 Non
247 3116 343 3181 minus,
359 3117 447 3190 inquit
459 3119 487 3172 in
502 3127 656 3174 sanctarum
669 3121 842 3178 traditionum
882 3124 932 3180 de.
949 3080 1034 3170 CPer
1049 3116 1161 3186 Moysen
1176 3117 1209 3172 de
1229 3118 1345 3172 Domino
1375 3117 1489 3172 dicitur:
1517 3119 1549 3172 Ιιι
1575 3117 1695 3174 dextera
1720 3121 1782 3189 eJ'ttd

137 3201 268 3275 linquitur
281 3206 445 3272 sanctiones,
458 3222 538 3278 quam
562 3207 589 3261 in
612 3208 739 3277 injuriam
766 3211 851 3282 ipsius
878 3214 934 3269 Do·
982 3205 1066 3275 idm
1081 3206 1128 3260 105⁶
1138 3207 1230 3269 (Deul-
1246 3207 1362 3275 fflffll·
1381 3229 1391 3252 ¹¹
1406 3205 1782 3278 lss'SissislffltiffllullGsedffi

139 3291 206 3346 nini
225 3293 372 3363 prosilitur.
392 3318 403 3343 ι
429 3296 621 3351 schismaticus
648 3297 742 3371 igitur,
772 3301 808 3354 no
831 3301 933 3357 unitate
982 3290 1048 3356 rius,
1064 3293 1175 3363 reprobi
1204 3295 1250 3365 qut
1279 3303 1305 3349 et
1333 3295 1367 3348 no
1397 3295 1534 3350 sinistram
1556 3295 1676 3365 ponendi
1706 3304 1779 3361 sunt,

131 3380 263 3437 Ecclesia
278 3398 328 3454 per
341 3399 483 3440 sacrorum
493 3399 626 3440 canonum
641 3395 834 3459 contemptum,
857 3391 932 3461 quis
982 3381 1096 3436 dextera
1105 3390 1195 3437 autem
1218 3383 1268 3439 Dei
1296 3382 1466 3454 appellantur
1491 3383 1579 3439 electi.
1610 3383 1640 3436 lu
1664 3382 1778 3439 dextera

132 3478 228 3527 sancto
247 3478 309 3528 sunt
323 3472 565 3545 Spirituconditiet
578 3475 764 3532 totiusmundi
779 3479 933 3536 reverentia
981 3483 1049 3542 ergo
1064 3470 1115 3525 oet
1129 3471 1172 3526 lex
1187 3471 1328 3543 ignescet,
1345 3472 1407 3544 quia
1417 3471 1496 3526 electi
1512 3470 1638 3526 mandam
1656 3473 1780 3527 colestia

134 3561 295 3627 ceusecrati,
313 3561 433 3634 seipsum
475 3563 612 3627 scindens,
643 3565 707 3621 lieet
735 3565 805 3621 sorte
834 3569 932 3626 eodem
980 3574 1152 3631 nequaquam
1168 3559 1268 3633 slididO
1284 3561 1367 3617 0⁰1'd0
1382 3561 1502 3627 audiunt,
1519 3560 1569 3615 sed
1583 3560 1780 3616 atlhfflcamO·

135 3648 220 3716 cultu,
237 3649 333 3705 eodem
349 3651 400 3706 ritu
414 3652 509 3708 credat
522 3661 551 3707 ut
566 3653 700 3721 catholici,
716 3654 825 3711 inmdis
841 3664 931 3712 samen
981 3647 1018 3701 ris
1033 3647 1118 3702 intimi
1133 3648 1237 3703 lacibus
1252 3650 1440 3705 inardescunt.
1460 3673 1471 3696 a
1481 3650 1515 3704 Et
1529 3648 1674 3721 Apostolus
1696 3649 1779 3705 dicit:

135 3752 186 3792 suo
208 3754 258 3809 per
281 3739 456 3809 cupiditatem
480 3748 571 3795 manet
595 3742 776 3797 damnationis
807 3744 929 3803 dissidio.
980 3737 1054 3791 Dens
1069 3739 1660 3809 nosterisciaconmtmcnscst(lledr.arri·
1674 3745 1702 3792 et
1726 3739 1782 3794 Do·

135 3826 273 3894 Quantum
292 3834 383 3883 autern
410 3828 445 3882 sit
465 3830 567 3884 malum
595 3830 737 3885 dissidium
767 3832 929 3902 schismatis,
981 3824 1188 3896 minuszlpncm
1203 3828 1389 3883 committere
1403 3829 1435 3882 io
1451 3831 1568 3892 terrant,
1586 3831 1613 3882 et
1628 3826 1695 3899 inid
1718 3828 1779 3882 nolo

134 3922 245 3969 sanctus
256 3916 423 3986 Augustinus
440 3917 468 3971 in
482 3918 554 3973 libro
573 3919 607 3974 de
622 3920 758 3990 baptismo
786 3936 820 3976 ex
848 3924 931 3979 sacris
968 3915 1040 3969 ‚taisi
1053 3914 1194 3969 retardent
1211 3915 1307 3985 ?(Loc.
1319 3915 1486 3985 xui.tgnem
1496 3915 1664 3972 Dominusin
1678 3922 1781 3969 terram

133 4001 302 4058 demonstrat
317 4004 522 4075 scripturishoc
550 4008 649 4062 modo:
668 4032 679 4055 ι
701 4009 763 4064 Non
786 4008 931 4067 afferamus
981 4000 1069 4067 mittit,
1085 4002 1245 4058 eumalllata
1269 4003 1385 4074 Spiritus
1407 4004 1494 4058 saneti
1511 4004 1594 4059 eorda
1628 3988 1780 4059 carnalium

132 4092 247 4141 stateras
259 4087 379 4157 dolosas,
395 4089 442 4143 ubi
465 4090 650 4161 appendamus
660 4095 732 4163 quod
747 4095 881 4163 volumus,
905 4104 932 4153 et
978 4089 1106 4145 incendit.
1142 4091 1258 4161 Spiritus
1273 4092 1358 4164 igitur
1373 4098 1483 4148 sanetus
1499 4091 1635 4163 igniscat.
1652 4092 1685 4146 Et
1706 4094 1782 4149 sacri

133 4176 271 4245 quomodo
287 4176 423 4243 volumus,
439 4193 490 4249 pro
500 4179 611 4236 arbitrio
625 4188 718 4238 nostro
744 4183 866 4240 dicentes
879 4187 931 4241 hos
981 4193 1108 4245 canoms,
1124 4179 1192 4235 sicut
1203 4180 1328 4252 legimus,
1347 4188 1441 4236 sancto
1456 4189 1518 4234 sunt
1534 4180 1631 4251 Spiritu
1666 4179 1779 4249 conditi,

132 4279 228 4336 grave,
244 4265 296 4320 hoc
314 4263 374 4321 leve
390 4274 440 4331 est,
456 4268 504 4322 sed
519 4267 929 4330 afferamusdirinamstetemm
981 4283 1049 4338 quos
1065 4266 1190 4323 odacrus
1218 4268 1321 4325 lacibus
1351 4285 1405 4323 suae
1429 4268 1583 4340 cupiditatis
1617 4283 1779 4337 succensus,

131 4352 165 4407 de
180 4352 325 4425 Scripturis
340 4354 441 4411 sanetis
453 4363 582 4430 tanquam
593 4359 627 4414 de
643 4361 779 4416 thesauris
799 4363 927 4419 Domini-
980 4370 1043 4411 enm
1057 4370 1110 4410 uon
1125 4372 1174 4427 per
1187 4357 1336 4428 spiritalem
1351 4357 1566 4413 eeclesiasticam
1595 4356 1780 4421 traditionem,

131 4441 180 4509 cis,
196 4450 223 4498 et
236 4442 265 4498 in
283 4443 328 4498 illa
355 4444 420 4516 quid
452 4445 487 4500 sit
513 4447 626 4518 gravius
641 4451 840 4521 appendamus,
869 4441 963 4509 im0D
977 4444 1026 4499 sed
1041 4460 1091 4514 per
1103 4444 1239 4500 carnalem
1254 4446 1346 4501 saecnli
1360 4453 1520 4516 potestatem
1533 4452 1612 4516 pasto
1622 4462 1651 4500 re
1674 4461 1782 4501 racan-

130 4545 184 4586 non
198 4532 396 4603 appendamus,
412 4535 461 4589 sed
476 4550 492 4589 a
507 4535 625 4591 Domino
646 4553 766 4610 appensa
786 4555 925 4614 recogno.
976 4542 1030 4588 tem
1045 4533 1191 4589 ecclesiam
1215 4534 1363 4604 usurparit,
1402 4533 1531 4604 Spiritum
1560 4541 1685 4589 sanetum
1723 4552 1780 4607 quo

129 4635 245 4676 scamus.
261 4622 394 4692 Tempore
402 4621 465 4697 ilo„
477 4638 531 4694 quo
545 4625 677 4681 Dominus
698 4628 798 4698 prioris
825 4630 924 4686 deiicis
976 4621 1041 4678 lacti
1056 4630 1119 4677 sunt
1133 4622 1234 4678 conditi
1258 4638 1386 4688 canones,
1420 4623 1586 4678 reclamante
1613 4622 1780 4694 Scriptura:

128 4709 283 4764 recentibus
297 4725 438 4780 pennarum
451 4711 583 4782 exemplis
606 4715 727 4770 cavenda
753 4719 922 4788 monstravit,
975 4711 1210 4782 Spiret-simmiste
1225 4713 1409 4781 &rilindi-err
1424 4712 1450 4775 (Ι
1465 4711 1557 4767 Thr-⁸³·
1589 4712 1632 4776 vi,
1649 4718 1783 4783 duantum

128 4802 156 4848 et
169 4795 272 4850 idolum
281 4797 440 4854 fabricatum
455 4807 536 4871 atque
546 4801 688 4858 adoratum
703 4812 754 4871 est,
766 4813 793 4860 et
806 4807 925 4877 prophe·
973 4814 1007 4853 01
1016 4799 1077 4869 59⁵0
1099 4807 1138 4854 ⁰⁸¹
1153 4798 1328 4869 exstinguere
1355 4800 1517 4869 lll001¹lsslih
1534 4808 1559 4855 ⁰¹
1590 4800 1782 4857 ⁰⁰0²0f11810¹¹¹

127 4880 758 4960 timistiheriraregiseomemptorisincensus
771 4895 924 4950 enschisme
975 4903 1117 4943 sacrorum
1131 4902 1275 4950 mnodum.
1286 4887 1437 4958 reviseret
1458 4888 1485 4942 in
1510 4888 1688 4945 ecclesiasta
1720 4906 1781 4945 mo·

128 4976 271 5038 tentatum,
287 4972 541 5048 idololatriagladio
555 4978 649 5050 punita
662 4989 713 5047 eat,
730 4983 834 5038 exustio
862 4984 924 5039 libri
974 4975 1068 5031 Ιίῑὶθῠθ
1083 4976 1158 5047 quasi
1173 4975 1319 5032 incendere
1338 4977 1486 5032 ὃῑῐθῐῐῑθιῑῑ·
1516 4977 1586 5046 Quia
1615 4993 1681 5033 Vffl'0
1717 4995 1781 5033 ⁰¹¹¹ss

127 5058 224 5117 bellica
238 5062 313 5118 eaede
331 5070 358 5118 et
371 5066 518 5138 peregriua
532 5068 698 5140 captivitate,
713 5071 834 5127 schisma
848 5072 924 5128 hiatu
975 5071 1115 5128 catholicas
1133 5071 1236 5128 unitate
1259 5072 1442 5140 Ecclesim,a
1478 5090 1532 5145 quo
1560 5082 1673 5145 propter
1714 5088 1781 5130 suos

127 5155 205 5205 terrae
217 5150 329 5221 sepultis
343 5154 498 5210 stratoribus
522 5156 601 5221 vivis,
630 5166 656 5213 et
684 5158 790 5214 caeteris
818 5160 922 5216 eoelesti
945 5188 950 5200 ·
976 5175 1105 5216 excessus
1118 5160 1187 5217 sicut
1201 5161 1369 5217 ostendimus
1383 5168 1410 5217 et
1438 5162 1465 5216 in
1480 5163 1614 5234 reliquum
1642 5165 1775 5219 ostende·

123 5236 186 5307 igue
202 5240 378 5310 consumptis,
396 5243 457 5314 quis
469 5245 525 5312 jnm
537 5245 698 5303 dubitaverit
711 5249 763 5304 boo
777 5264 839 5305 esse
864 5264 924 5307 soe·
973 5264 1044 5315 mus,
1061 5257 1103 5304 est
1123 5250 1379 5316 excommunicatus,
1410 5267 1503 5306 saeros
1530 5266 1649 5306 canones
1695 5253 1780 5308 totius

123 5325 234 5382 leratius
248 5329 434 5397 commissum,
452 5333 525 5404 quod
537 5342 577 5389 est
591 5335 700 5405 gravius
715 5336 919 5394 vindicatum‘l»
974 5337 1067 5392 mundi
1083 5339 1235 5395 reverentia
1250 5348 1424 5395 consecratos
1439 5340 1634 5412 consequitur,
1659 5341 1729 5395 sicut
1744 5357 1778 5396 ex

124 5412 190 5480 Qua
205 5415 255 5470 tria
269 5419 365 5489 gravia
381 5421 537 5487 commissa,
554 5429 581 5476 et
588 5438 642 5479 non
650 5422 704 5480 levi
712 5427 852 5497 punitione
863 5427 923 5483 vin·
972 5427 1256 5500 suprascriptissacris
1267 5428 1407 5484 sententiis
1416 5426 1609 5493 manifestatur,
1643 5428 1777 5485 schisma·

123 5501 247 5570 dicanda,
257 5505 280 5561 si
294 5507 442 5579 diligenter
457 5517 613 5566 oenomaum
641 5513 841 5586 seripturarum
869 5530 922 5571 eu·
968 5515 1040 5571 ticos
1055 5532 1116 5573 esse
1130 5517 1225 5589 negari
1239 5533 1294 5572 non
1308 5525 1407 5589 potest,
1425 5516 1494 5573 sieut
1509 5525 1618 5572 sanetus
1642 5518 1776 5590 Augusti·
