3794 6104
111 251 192 309 ml
514 243 563 302 DE
584 241 853 303 ratasnurtetta
879 241 908 300 S.
923 240 1105 300 VINGEN'I’II
1122 241 1229 302 MART.
1248 272 1280 287 -
1292 241 1358 302 tta.
1374 244 1409 302 11.
1706 247 1779 305 tm
1866 242 1870 251 ’

117 372 219 429 delam
233 369 456 444 exquirentibus,
479 383 496 424 a
517 367 656 425 Cerdaniae
679 367 801 440 partibus
819 365 927 439 quidam
941 367 1038 427 Actes
1053 375 1080 423 et
1093 368 1163 423 vola
1176 369 1312 424 herentes
1321 367 1435 437 habens,
1451 376 1481 424 ut
1495 382 1634 442 nunquam
1648 367 1777 441 explicari

121 461 280 522 venientes,
296 459 369 515 haud
383 458 465 530 longe
488 473 504 511 a
524 455 689 512 monasterio
709 455 827 527 propriis
847 455 928 510 rebus
979 471 1027 510 seu
1041 455 1150 511 extendi
1164 455 1296 523 valerent,
1317 463 1379 526 pest
1393 458 1532 513 orationes
1545 464 1571 513 et
1581 457 1716 529 lacrymas
1730 472 1773 513 co·

124 547 281 620 exspoliati,
304 546 370 602 nudi
394 546 429 602 ad
452 553 575 601 sanctum
596 543 763 616 gemebundi
777 542 929 614 flentesque
979 560 1036 599 rarn
1047 552 1140 599 saneto
1150 552 1270 616 martyre
1280 544 1365 610 fusas,
1375 544 1460 600 sensit
1470 561 1518 602 eos
1526 545 1640 612 solutes,
1651 551 1780 600 manante

125 636 302 708 perveniunt.
325 634 381 690 Sed
400 633 500 689 mirum
523 633 551 688 in
572 633 682 687 modum
698 631 785 704 gretia
803 645 929 702 supernae
979 641 1070 688 tamen
1085 633 1147 688 vivo
1162 647 1260 689 cruore
1276 649 1291 687 e
1306 631 1384 699 loeis,
1400 633 1498 704 quibus
1513 634 1590 704 prius
1603 633 1778 688 inhaeserant.

126 724 226 782 accidit
240 723 385 796 aeqmtatis,
400 729 429 777 ut
442 722 610 793 predatores
620 720 749 776 aliorsum
759 720 855 791 fugere
870 725 929 773 ten·
980 719 1041 788 Quo
1055 720 1115 776 viso
1130 721 1275 791 episcopus
1290 728 1317 776 et
1332 721 1450 777 universi
1464 721 1511 792 qui
1525 736 1587 777 cum
1602 728 1736 787 socrant,
1751 719 1780 775 in

126 820 225 882 tantas,
240 812 357 867 adversa
380 811 432 866 sibi
453 810 621 881 protectione
642 808 804 864 mirabiliter
831 807 928 873 eoacti,
979 808 1075 863 laudes
1093 807 1200 864 divinas
1218 816 1414 880 prorumpunt,
1435 809 1562 877 litanias,
1591 810 1722 880 hymnos,
1753 814 1780 863 et

127 917 191 959 cum
205 899 341 956 universis
363 915 423 971 quae
443 898 621 965 abstulerant,
645 898 680 952 ad
698 896 822 952 eumdem
838 896 929 952 locum
982 898 1016 952 Ie
1034 898 1124 952 Deam
1143 898 1310 963 laudamus,
1338 896 1494 968 lacrymosa
1519 912 1587 954 voce
1604 894 1778 967 psallentes:

127 989 291 1045 fesdnanter
304 988 475 1044 accederent.
486 987 522 1042 Et
531 1002 592 1042 sese
608 993 702 1041 mutuo
712 986 846 1040 intuentes
862 999 928 1055 spo·
980 984 1109 1055 lpsasque
1128 1000 1226 1040 manus
1245 985 1377 1056 sanguine
1404 985 1466 1041 litas
1481 985 1539 1055 jam
1556 983 1657 1058 gaudio
1675 997 1778 1054 magno

128 1078 285 1133 tiatoresac
299 1076 417 1148 spehati,
442 1075 486 1130 isti
510 1075 614 1141 timere,
635 1075 663 1129 hi
679 1090 745 1131 vero
767 1074 851 1128 multo
867 1088 928 1127 am·
980 1071 1182 1129 deosculantes.

128 1165 200 1239 plius
229 1165 321 1219 mirari
348 1171 490 1236 coeperunt
506 1179 513 1218 ε
529 1163 737 1234 volentibusque
764 1161 872 1234 populis
900 1161 928 1215 in
1295 1161 1406 1218 CAPUT
1424 1162 1461 1217 X.

126 1269 188 1309 reos
212 1268 388 1325 consurgere,
415 1251 552 1323 supplices
573 1259 713 1323 rogarunt,
737 1267 772 1306 ne
796 1249 861 1322 quid
877 1248 929 1303 sibi
1016 1247 1135 1316 Quidam
1154 1250 1298 1321 argentum
1313 1249 1365 1304 sibi
1387 1249 1422 1305 ad
1436 1248 1545 1322 aliquod
1558 1255 1635 1321 ‘opus
1648 1261 1781 1305 necessa·

127 1341 190 1397 meli
206 1342 243 1397 ob
258 1341 358 1397 Christi
368 1340 508 1412 sanctique
516 1340 641 1411 martyris
650 1355 771 1395 amorem
786 1337 927 1411 inferrent.
980 1335 1052 1391 rium
1065 1336 1093 1391 io
1109 1336 1170 1392 sinu
1185 1337 1375 1394 absconderat.
1395 1335 1475 1405 Quod
1489 1337 1670 1395 inverecunde
1682 1335 1782 1392 mulier

128 1430 187 1500 Quo
202 1430 345 1502 impetrato
374 1428 463 1483 omnia
492 1427 666 1483 restituerunt
682 1445 689 1481 ι
705 1435 731 1481 et
756 1427 842 1482 Deum
864 1441 927 1480 san·
979 1424 1008 1479 in
1022 1424 1201 1480 latrocInandi
1224 1433 1281 1480 arte
1295 1425 1382 1497 perita
1397 1425 1519 1481 extraxit.
1539 1425 1593 1480 Sed
1611 1440 1708 1479 manus
1721 1423 1781 1492 ejus

127 1527 256 1590 ctumque
278 1516 419 1571 laudantes
441 1515 603 1582 vicentium,
628 1515 662 1569 ad
688 1514 799 1586 propria
827 1513 930 1586 singuli
979 1512 1070 1583 Ipsum
1089 1520 1234 1585 argentum
1253 1513 1396 1568 continens
1425 1513 1516 1569 statim
1539 1512 1666 1585 obriguit,
1694 1511 1781 1566 itaut

128 1607 262 1677 repedant
277 1623 284 1659 ε
301 1604 346 1659 isti
360 1605 394 1659 de
404 1604 531 1670 inventIs,
544 1603 582 1658 illi
597 1611 687 1659 autem
701 1602 735 1658 de
751 1602 829 1657 venia
844 1602 930 1674 gratIs
981 1616 1042 1655 eam
1061 1614 1112 1655 nec
1126 1599 1240 1671 aperire,
1257 1616 1308 1656 neo
1324 1601 1359 1655 ad
1374 1618 1404 1656 se
1424 1600 1540 1672 (cunctis
1554 1599 1719 1670 videntibus)
1734 1614 1782 1654 re·

130 1693 264 1768 acquisita
275 1693 400 1762 jocundi.
939 1712 966 1773 Β
981 1689 1081 1743 ducere
1096 1686 1207 1743 valeret.
1224 1688 1286 1758 Ipsa
1301 1704 1366 1743 vero
1381 1689 1417 1743 ad
1432 1689 1519 1746 sancti
1534 1687 1669 1745 Vincentii
1692 1701 1783 1744 sacras

433 1798 545 1854 CAPUT
565 1798 621 1853 pfl¹
984 1775 1112 1846 reliquias
1126 1774 1296 1847 confugiens,
1314 1783 1340 1831 et
1362 1776 1463 1831 ibidem
1486 1792 1548 1832 oum
1563 1775 1693 1831 fratribus
1707 1773 1783 1830 aliis-

164 1890 224 1944 Nec
239 1886 346 1942 silem„
359 1886 589 1957 mmmm,
601 1884 931 1958 quodpariadmiffljong
982 1878 1034 1934 que
1061 1861 1187 1918 fidelibus
1216 1863 1313 1919 devote
1340 1879 1431 1931 orans,
1461 1872 1552 1921 curata
1571 1872 1627 1932 est,
1648 1877 1783 1935 manuque

129 1977 246 2050 dignum
261 1983 311 2031 est.
330 1973 448 2042 Quidam
459 1974 529 2029 enim
541 1991 574 2030 ex
587 1974 743 2029 Camerensi
752 1989 835 2046 pago,
848 1988 932 2029 causa
981 1951 1100 2007 selfflta
1114 1950 1232 2007 sumtum
1246 1959 1390 2025 argenium
1409 1951 1534 2008 Γθθῑῑῑῑῑίῑ·

128 2064 273 2130 orationis,
288 2062 417 2119 incliuato
429 2063 539 2132 jamdie
549 2063 706 2128 adveniens,
723 2063 844 2117 lanceam
854 2077 931 2116 suam
1292 2067 1405 2122 CAPUT
1423 2067 1473 2122 XI.

128 2153 177 2208 uni
199 2152 339 2219 arborum,
367 2167 428 2222 quae
456 2160 516 2205 sunt
547 2159 610 2206 ante
638 2158 795 2206 memoratas
813 2149 932 2205 basilica
1017 2154 1094 2210 Alius
1110 2169 1209 2210 caecam
1229 2154 1333 2210 habens
1357 2154 1438 2210 tiliam
1453 2171 1470 2210 a
1483 2153 1631 2221 nativitate,
1647 2169 1783 2210 eamme·

129 2241 289 2315 ingressum
316 2240 437 2306 (servato
470 2238 609 2310 religionis
647 2239 782 2308 honere),
811 2237 931 2292 innixam
982 2242 1064 2298 dendi
1084 2241 1170 2297 fretus
1191 2240 1299 2309 fiducia,
1324 2243 1357 2297 ad
1378 2243 1466 2300 saneti
1491 2243 1624 2300 vincentii
1645 2241 1784 2313 divulgata

130 2329 253 2400 reliquit.
271 2328 392 2399 Cumque
408 2327 551 2383 ecclesiam
566 2327 605 2382 sic
620 2335 777 2382 exarmatus
791 2324 930 2392 intrasset,
982 2330 1085 2401 passim
1099 2330 1247 2402 patrocinia
1268 2331 1404 2387 adducere
1429 2331 1532 2400 statuit,
1553 2340 1580 2388 et
1592 2331 1626 2386 ed
1642 2336 1783 2387 manute-

130 2425 159 2473 et
173 2415 289 2471 orationi
304 2415 401 2470 devote
416 2415 562 2484 insisteret,
579 2413 621 2469 fur
635 2415 746 2486 quidam
761 2414 857 2470 lancea
872 2414 932 2482 ejus
982 2418 1051 2473 rium
1071 2435 1157 2491 usque
1184 2418 1308 2485 veniens,
1329 2419 1375 2474 ubi
1394 2419 1529 2491 comperit
1555 2419 1646 2490 ipsum
1674 2432 1783 2475 sacrum

129 2512 209 2576 rapta
224 2504 338 2577 aufugit,
354 2503 464 2559 domum
480 2519 556 2557 suam
571 2518 625 2557 non
641 2502 723 2574 longe
745 2502 859 2572 positam
880 2518 932 2572 pe·
982 2507 1340 2578 eorpus,propter'„timorem
1352 2523 1523 2580 paganorum
1536 2508 1781 2576 Nortmannerum,

132 2602 206 2650 tens.
222 2593 276 2648 Sed
291 2599 381 2648 mente
395 2591 581 2663 perturbatus,
596 2591 631 2645 ad
646 2591 768 2659 ejusdem
784 2589 834 2644 viri
849 2598 931 2662 tugu-
983 2594 1016 2649 ad
1041 2594 1213 2650 remotiorem
1243 2603 1269 2650 et
1295 2596 1422 2651 tutiorem
1450 2595 1540 2652 locum
1574 2600 1784 2666 transportatum

132 2681 214 2749 rium,
230 2681 306 2749 eujus
320 2688 378 2735 erat
401 2679 488 2745 hasta,
511 2677 583 2732 infre
597 2677 708 2749 triginta
725 2676 810 2732 ferme
824 2677 931 2747 leugas,
983 2681 1077 2747 fuisse,
1092 2682 1215 2739 erebrius
1229 2683 1413 2757 ingemiscens
1427 2684 1535 2740 dicebat
1547 2701 1554 2738 :
1565 2683 1697 2743 Miserere
1705 2681 1784 2738 Chri·

124 2768 244 2838 jejunio,
260 2783 293 2824 ac
307 2768 401 2823 itinere
415 2782 466 2837 per
480 2773 564 2821 totam
578 2773 687 2821 noctem
702 2764 829 2837 fatigatus
843 2765 929 2820 deve·
983 2779 1033 2836 ste,
1048 2770 1188 2836 mIserere,
1205 2771 1388 2827 obeatissime
1408 2771 1533 2828 Vincenti
1550 2789 1556 2825 :
1572 2771 1703 2827 miserere
1716 2768 1784 2824 mihi

130 2857 180 2912 nit.
199 2856 320 2927 Cumque
335 2855 429 2910 sitiens
452 2853 592 2925 paululum
615 2869 693 2924 aquae
706 2859 818 2923 peteret,
834 2852 933 2907 mulier
982 2859 1093 2927 misero,
1109 2858 1240 2914 miserere
1263 2859 1324 2915 huic
1347 2858 1410 2915 filiae
1432 2875 1510 2915 meas.
1527 2859 1575 2914 His
1597 2860 1784 2929 laerymarum

130 2944 253 3015 agnitam
268 2943 355 2997 mariti
371 2945 475 2997 hastam
491 2935 603 3011 recepit,
622 2948 649 2996 et
669 2940 721 2994 furi
735 2947 839 2995 reatum
855 2956 932 2994 suum
983 2946 1106 3012 vocibus,
1122 2962 1237 3017 superna
1252 2947 1389 3019 (quaenon
1399 2947 1537 3019 dormitat)
1551 2948 1587 3002 ad
1600 2944 1785 3002 miserandum

128 3031 269 3088 confitenti
289 3031 421 3102 pepercit,
451 3045 506 3085 non
529 3030 588 3085 sine
618 3029 796 3084 admiratione
824 3028 931 3086 virtutis
946 3055 971 3119 C
984 3034 1099 3090 excitata
1126 3034 1280 3101 clementia,
1314 3035 1442 3091 continuo
1477 3035 1660 3092 obtinentibus
1692 3031 1786 3105 magni

130 3120 218 3176 sancti
235 3119 366 3175 viucentii
381 3119 427 3191 qui
441 3117 579 3189 peregrini
602 3117 643 3171 sui
657 3116 781 3186 injuriam
801 3118 930 3173 eomodo
982 3122 1113 3195 agonista
1137 3123 1264 3193 precibus
1286 3130 1313 3178 et
1336 3122 1390 3178 fide
1409 3123 1539 3194 parentis,
1562 3123 1654 3178 lumen
1668 3120 1786 3177 restituit

128 3207 252 3280 reparari
267 3206 379 3263 eviravit.
982 3210 1111 3285 puellae..

430 3293 542 3349 CAPUT
561 3293 632 3348 VIII.
1285 3297 1397 3353 CAPUT
1416 3297 1478 3352 XII.

168 3383 395 3454 Quandoquidem
410 3383 445 3437 de
460 3397 528 3437 nova
553 3380 639 3437 sancti
655 3379 789 3436 vincentii
802 3379 892 3436 levita
905 3389 932 3436 et
1017 3384 1193 3439 Nortmannis
1217 3391 1307 3440 autem
1330 3385 1388 3456 (qui
1411 3385 1445 3439 ad
1460 3385 1638 3441 obsidendam
1658 3386 1785 3442 Tolosam

129 3473 260 3545 martyris
285 3471 443 3526 fabrIcanda
466 3469 582 3526 ecelesia
606 3469 772 3524 mentionem
796 3467 931 3537 fecimus,
982 3474 1121 3542 venerant)
1136 3472 1339 3539 accedentibus,
1365 3474 1491 3529 monachi
1516 3482 1638 3529 sanetum
1652 3475 1786 3530 revehunt

129 3577 280 3634 congruum
295 3567 336 3614 est
351 3559 413 3615 huic
433 3558 495 3614 loce
518 3573 618 3613 novum
635 3556 738 3612 referre
757 3556 930 3613 miraculum.
983 3576 1082 3631 corpus
1098 3577 1104 3615 ε
1121 3561 1276 3634 dignisque,
1291 3576 1324 3616 eo
1349 3561 1376 3614 in
1391 3562 1452 3618 loco
1465 3561 1511 3616 ubi
1525 3562 1599 3632 prius
1611 3561 1707 3630 fuerat,
1723 3560 1784 3619 offi-

127 3650 171 3705 ttd
187 3651 258 3704 hanc
272 3648 344 3703 enirn
359 3647 586 3703 constructionem
612 3645 809 3702 confluentibus
828 3645 932 3716 pariter
982 3649 1031 3704 ciis
1047 3650 1232 3704 venerandum
1245 3658 1387 3721 reponunt.

127 3737 192 3809 pius
207 3751 290 3807 quam
312 3735 436 3791 ducentis
461 3735 526 3790 viris
550 3750 612 3790 cum
635 3732 812 3802 muneribus,
836 3741 933 3804 praeter
1280 3763 1394 3819 CAPUT
1412 3763 1487 3817 Xffl·

128 3824 270 3889 mulieres,
288 3823 423 3894 parvulos,
442 3831 467 3877 et
482 3821 615 3890 infirmos,

128 3914 193 3967 ‘¹³⁰¹
208 3928 297 3968 απυδ
313 3912 447 3983 rebusque
463 3926 567 3981 pauper
583 3928 589 3964 ²
607 3925 697 3981 qmne
712 3917 837 3965 ’ΝΜ
850 3925 934 3964 Μ’
984 3946 1072 3995 tanter
1090 3940 1206 3995 credens
1233 3939 1384 3996 interventu
1409 3939 1477 3996 tanti
1506 3941 1631 4013 martyris
1655 3957 1685 3997 se
1703 3957 1785 4014 posse

128 4001 167 4055 ¹¹⁰
183 4015 283 4055 V³⁰¹¹¹²⁸
297 4008 449 4070 appareffl’
461 3998 602 4098 ‚lapid⁰m,
613 4013 667 4053 ¹¹⁰⁰
689 4012 804 4096 ΜΨ
827 3996 879 4052 sibi
898 4013 933 4095 ‚⁰¹
984 4028 1075 4083 lumen
1091 4028 1223 4099 recipere,
1241 4044 1365 4085 sororem
1381 4028 1497 4101 rogavit,
1509 4037 1538 4084 ut
1553 4030 1588 4085 ad
1599 4046 1661 4086 eum
1672 4038 1788 4102 quante-

127 4097 225 4144 rtrnere
240 4103 256 4142 a
271 4088 384 4143 ductore
408 4088 468 4141 dart
489 4094 624 4185 poposcit,
648 4094 728 4157 atque
752 4086 828 4141 iilum
844 4085 934 4186 subito
984 4117 1043 4171 eius
1057 4116 1262 4187 perducemur.
1290 4116 1358 4185 Quae
1374 4118 1440 4173 dum
1454 4117 1535 4172 simul
1548 4117 1719 4187 incederent,
1736 4135 1788 4176 m-

127 4176 249 4232 ievatum
273 4175 343 4230 colle
367 4182 517 4245 supposuit.
544 4175 697 4245 Cumquea
720 4175 799 4246 plebe
815 4174 934 4231 stultitia
984 4203 1090 4258 diem,
1104 4204 1132 4257 in
1156 4213 1254 4258 ,emm
1276 4205 1371 4275 procul
1393 4213 1525 4261 mmmm
1549 4205 1666 4260 delatum
1692 4205 1785 4263 fuisse·

129 4271 303 4334 argueretur,
320 4271 349 4317 ut
364 4263 409 4360 qui
420 4278 476 4318 rern
490 4263 694 4360 impossibilem
702 4271 813 4333 propter
826 4263 934 4359 pondus
984 4291 1025 4344 Ad
1042 4305 1122 4360 quam
1146 4299 1257 4360 mom,
1284 4291 1405 4363 rigorem
1430 4292 1528 4346 hiemis
1557 4300 1583 4346 e,
1606 4307 1706 4362 ,spem
1721 4293 1788 4366 juga

129 4359 285 4418 attentaret,
302 4359 420 4405 asseruit
435 4367 464 4405 se
478 4367 618 4422 nunquam
631 4352 665 4405 ab
688 4357 805 4420 tncoepte
821 4357 930 4420 quietu-
946 4376 1116 4463 Dmonssum
1151 4392 1206 4432 non
1233 4377 1355 4432 ,alemes
1383 4378 1536 4448 pervenire,
1566 4393 1637 4434 ow
1664 4394 1788 4435 sororem

129 4456 208 4537 mma
219 4439 310 4538 ⁶⁰⁸⁰}
321 4455 420 4493 ’ΝΜ
435 4439 568 4509 ²⁸⁸¹¹¹¹¹P¹i
583 4438 682 4536 {³9³⁶ss
702 4438 738 4491 “d
761 4437 824 4492 ¹¹⁰Vi
838 4435 931 4535 ‘efnpli
986 4479 1065 4519 suam
1080 4464 1187 4519 hortata
1202 4470 1252 4527 est,
1268 4473 1301 4519 ut¹
1313 4481 1345 4518 ex
1361 4480 1424 4520 cera
1445 4480 1526 4536 quam
1542 4480 1635 4522 secum
1651 4465 1785 4535 tulerant,

129 4528 160 4584 s·
178 4528 312 4583 v¹¹¹⁰³⁰²¹¹
327 4535 489 4583 “mmmm
506 4527 661 4626 ‚demhffseh
683 4526 742 4582 ΝΜ
756 4540 841 4624 “30‘32
866 4531 936 4578 mter
985 4552 1113 4609 candelas
1128 4550 1283 4617 conficeret,
1296 4569 1398 4625 easque
1408 4553 1504 4609 saitem
1515 4553 1551 4608 ad
1561 4554 1650 4609 Iocum
1660 4568 1790 4625 quesan-

129 4616 192 4673 Μ
205 4617 301 4682 What
318 4615 432 4687 depulsa
446 4623 567 4671 ⁰ae⁰¹²³¹e
582 4631 673 4671 ”⁵⁰¹⁰
688 4620 801 4685 metm·
985 4649 1058 4697 ctum
1074 4655 1173 4710 corpus
1189 4641 1215 4693 in
1231 4640 1327 4696 itinere
1340 4642 1374 4696 ad
1388 4641 1526 4697 modicum
1540 4649 1676 4712 pausarat,
1693 4641 1788 4698 defer-

444 4747 557 4804 ggpgq
581 4748 628 4802 [pq¹
984 4737 1035 4785 ret.
1052 4728 1182 4783 Audierat
1196 4728 1269 4783 enim
1279 4730 1368 4785 locum
1383 4729 1521 4786 miraculis
1531 4729 1668 4785 celebrem
1686 4747 1692 4783 ι
1707 4729 1743 4785 ita
1759 4738 1789 4785 ut

985 4818 1064 4873 etiam
1094 4816 1220 4871 animalia
1239 4817 1342 4872 ratione
1364 4817 1485 4873 carentia
1513 4817 1590 4872 illurn
1617 4816 1787 4890 configentes

986 4906 1086 4961 debilia
1101 4906 1286 4961 redderentur.
1304 4905 1383 4974 Quod
1394 4921 1456 4961 eum
1471 4904 1608 4971 fecissent,
1620 4914 1701 4976 atque
1715 4922 1746 4961 se
1755 4905 1789 4961 il-

986 4994 1022 5050 lic
1035 4995 1122 5049 ambre
1137 5001 1278 5065 gementes
1291 4993 1511 5064 prostravissent,
1537 4992 1596 5048 fusa
1617 5008 1709 5065 prece,
1727 5008 1788 5065 qua

986 5083 1054 5138 lucis
1076 5083 1168 5137 nescia
1191 5090 1300 5137 venerat
1329 5081 1426 5136 mulier
1444 5082 1527 5154 erepit
1552 5082 1643 5137 dicere
1663 5096 1693 5136 se
1711 5080 1788 5139 clarc

632 3822 702 3876 5⁰²³?
723 3837 792 3893 ‘1⁰⁰⁵
807 3820 855 3876 suit
869 3822 933 3893 qni·
1018 3851 1123 3906 Rursus
1138 3850 1229 3921 puella
1244 3852 1370 3921 quaedam
1384 3868 1401 3906 a
1415 3851 1552 3907 nativitate
1566 3866 1648 3919 caeca,
1671 3851 1783 3908 indubi-

167 4855 216 4910 Vir
232 4855 394 4910 venerabilis
414 4855 558 4927 IIelisagar
574 4853 681 4909 Tolesae
696 4852 811 4908 civitatis
826 4851 935 4923 episco-

131 4960 193 5014 pus,
204 4942 246 4997 bis
261 4943 360 4997 auditis
371 4942 499 4997 virtutum
511 4941 608 5014 signis,
616 4942 679 5010 jure
689 4940 819 5012 pastorali
833 4940 935 4997 clerum

130 5030 317 5103 populumque
334 5031 457 5086 hortatus
482 5038 533 5095 est,
557 5038 586 5084 ut
608 5030 654 5102 qui
677 5029 777 5085 vellent
797 5030 832 5084 ad
848 5032 936 5085 sancti

131 5117 262 5188 martyris
277 5117 428 5172 orationem
452 5133 545 5173 seeum
568 5117 609 5172 Ire
633 5124 771 5188 pararent.
795 5115 849 5184 Qui
871 5118 936 5172 dum
1375 5170 1380 5180 ,

132 5207 246 5262 decreto
257 5214 380 5276 tempore
395 5215 489 5276 pastor
505 5206 592 5261 bonus
607 5205 698 5261 ovium
710 5204 806 5260 turmis
820 5205 937 5261 circum·
988 5176 1102 5244 quaeque
1117 5171 1230 5227 adesam
1245 5177 1342 5226 mmm
1355 5170 1463 5226 ‘fldem‘

132 5302 236 5365 septus,
258 5309 275 5348 a
298 5310 369 5349 nono
391 5293 472 5348 etiam
493 5293 619 5350 milliario
643 5294 833 5359 discalceatus,
849 5292 937 5350 forma
1281 5293 1394 5350 CAPUT
1413 5294 1486 5349 XIV.

130 5382 219 5439 factus
234 5382 324 5455 gregi,
342 5389 501 5438 reverenter
525 5382 690 5448 advenisset,
717 5382 829 5455 quidam
844 5398 937 5438 eorum
1022 5384 1053 5438 In
1067 5381 1164 5438 eodem
1187 5380 1308 5437 albiensi
1323 5396 1394 5452 pago
1417 5380 1466 5435 fuit
1481 5379 1590 5453 quidam
1603 5379 1723 5453 piscator
1735 5395 1787 5439 no-

130 5471 233 5547 digitos
249 5471 390 5545 utriusque
407 5487 504 5529 manus
514 5472 549 5526 ab
559 5471 618 5546 ipsa
631 5471 769 5528 nativitate
780 5470 815 5527 ita
825 5478 936 5529 contra·
986 5471 1060 5529 mine
1079 5468 1247 5543 Ubidandus,
1263 5469 1378 5544 quicum
1394 5468 1498 5531 videret
1513 5467 1602 5529 tocies
1616 5483 1682 5527 suos
1693 5468 1786 5546 piaco·
