3794 6104
114 256 165 334 rat
753 273 902 332 tntuuts
925 277 1022 332 rara
1044 279 1114 335 vm.
1719 288 1769 345 aar

120 402 200 460 banis
218 404 288 461 adeo
301 403 475 476 depraedatis,
490 411 518 457 ut
536 401 627 457 nullus
641 403 668 456 in
683 401 750 473 ipsis
761 402 819 471 jam
846 400 929 456 habi·
939 400 968 462 A
980 401 1198 459 Christianorum
1213 403 1357 461 allicimur.
1368 406 1470 461 Vemm
1486 414 1589 478 quanto
1605 407 1780 466 crebrescunt

122 498 197 550 tator
213 493 256 549 vel
272 492 415 563 cujuslibet
425 491 608 548 aetatisincola
622 490 748 546 videatur
762 489 922 546 consistere.
974 490 1048 546 mala
1058 500 1299 563 pravomm,tanto
1310 494 1626 551 cresceredebentbona
1636 504 1774 554 rectumn.

128 581 182 637 Pro
212 581 309 652 quibus
337 596 401 635 sane
416 580 494 634 malis
514 579 663 635 innumeris
686 579 790 651 ingenti
805 593 924 634 moerore
975 579 1041 648 Quae
1057 580 1179 651 profecto
1195 580 1255 637 lieri
1267 592 1416 654 nequeunt,
1433 583 1485 638 nisi
1499 600 1552 655 per
1567 600 1715 640 commune
1729 585 1773 641 fra-

124 668 226 736 aftlicti,
241 668 391 740 doloreque
414 668 527 734 turbati,
543 684 594 724 nec
622 682 748 722 somnum
762 666 859 736 oculis,
874 682 924 722 nec
975 677 1044 722 tmm
1069 669 1215 742 collegium
1240 671 1400 741 inidipsum
1420 687 1534 742 corpore
1550 672 1634 728 simul
1650 681 1677 729 et
1691 683 1770 731 meno

119 757 211 814 cibum
230 772 314 827 opere
332 772 431 827 capere
446 771 591 828 possumus
609 773 615 811 :
632 756 680 811 sed
695 770 746 827 pro
775 755 870 826 requie
884 755 924 809 la·
975 757 1204 813 convenientium.
1215 760 1264 814 Est
1273 760 1344 814 enim
1352 759 1476 816 Ecclesia
1487 760 1538 816 Dei
1546 769 1665 832 propter
1672 777 1773 818 concor·

120 845 216 900 boram
233 844 388 911 assiduum,
404 853 430 899 et
444 861 494 916 pro
510 844 648 916 corporali
663 843 925 915 dapiumdulcedine
975 845 1045 899 diam
1057 853 1130 900 tuam
1139 847 1291 901 visibilibus
1301 847 1577 918 quaminvisibilibus
1587 850 1713 905 hostibus
1722 867 1769 906 ont·

122 934 222 989 mentis
239 933 452 1014 amaritudinem
476 933 605 1004 patimur.
627 933 730 987 ldcirco
744 939 862 987 vestram
874 931 925 985 im·
975 933 1039 988 nino
1061 934 1200 1000 terribilis,
1225 943 1252 990 et
1271 935 1344 990 velut
1367 941 1527 992 annnorum
1550 939 1629 992 acies
1653 938 1769 995 ordinata

125 1021 261 1092 perialem
271 1021 450 1090 majestatem,
462 1022 543 1076 totius
557 1021 698 1091 sapientias
712 1020 772 1075 luce
782 1019 925 1090 splendide
976 1022 1070 1088 (Cant.
1088 1022 1137 1091 vr).
1150 1021 1322 1094 Quapropter
1333 1031 1445 1095 tampro
1456 1023 1660 1081 ecclesiasticis
1670 1026 1769 1097 quibus-

87 1119 90 1126 ·
126 1108 299 1182 irradiatam,
316 1117 410 1165 sancta
430 1110 553 1165 Romana
567 1107 702 1176 Ecclesia,
718 1123 779 1179 quas
794 1107 925 1180 religioso
976 1109 1038 1163 dam
1050 1110 1269 1177 necessitatibus,
1282 1127 1422 1183 quampro
1432 1120 1502 1167 statu
1513 1121 1541 1167 et
1551 1129 1606 1184 pro
1617 1115 1768 1172 correctione

124 1212 174 1252 vos
190 1207 268 1254 utero
283 1199 387 1270 genuit,
403 1213 465 1254 meo
480 1197 589 1269 quidem
605 1212 740 1261 sermone,
759 1195 808 1251 sed
823 1211 872 1250 suo
883 1211 924 1251 ve·
975 1197 1143 1268 reipublicae,
1159 1199 1319 1255 auctoritate
1343 1200 1493 1270 apostolica
1508 1200 1689 1257 decrevimus
1702 1219 1768 1258 reve-

117 1286 234 1342 nerabili
262 1286 422 1357 suppliciter
437 1286 517 1340 nimis
532 1294 659 1356 precatur
678 1283 786 1354 affectu,
804 1291 833 1338 ut
852 1283 926 1338 omni
975 1285 1124 1341 rendorum
1136 1286 1249 1342 fratrum
1265 1295 1290 1342 et
1306 1288 1712 1359 coepiscoporumnostrnrum.
1722 1292 1766 1346 lta·

118 1373 248 1430 dilatione
265 1382 380 1440 remota,
397 1374 523 1445 omnique
546 1374 604 1442 ejus
618 1388 684 1428 cura
698 1380 926 1442 assumpta‚uunc
975 1373 1019 1430 lici
1035 1375 1113 1445 regni
1134 1375 1297 1442 universale,
1314 1376 1341 1431 id
1357 1385 1398 1432 est
1413 1376 1495 1432 totius
1514 1377 1680 1448 provincia,
1694 1379 1764 1436 adto-

121 1463 156 1517 ad
173 1478 252 1518 suam
267 1463 453 1518 defensionem
469 1471 494 1517 et
509 1462 591 1518 totius
612 1461 707 1533 patriae
735 1460 925 1516 liberationem
976 1477 1040 1519 care
1056 1462 1221 1530 concilium3
1239 1462 1328 1519 locum
1352 1472 1443 1519 autem
1458 1480 1599 1537 nusquam
1616 1466 1653 1521 ad
1667 1467 1715 1522 hoc
1726 1484 1764 1540 ge

119 1551 226 1619 adjutor
241 1550 371 1618 clemens,
387 1550 517 1607 defensor
531 1559 626 1622 potens
640 1558 666 1605 et
678 1549 797 1607 salvator
807 1550 926 1605 invictus
976 1550 1088 1605 rendum
1114 1551 1246 1622 aptiorem
1261 1561 1287 1607 et
1301 1551 1454 1609 faciliorum
1479 1568 1565 1625 quam
1585 1554 1660 1625 apud
1674 1555 1764 1611 itaten-
1779 1590 1782 1593 Δ

119 1639 213 1695 venire
228 1639 387 1710 dignemini,
405 1639 469 1711 quia
483 1639 536 1694 uisi
565 1646 655 1694 vestra
686 1637 924 1694 desideratissima
976 1653 1039 1692 nam
1053 1639 1172 1710 undique
1191 1639 1391 1695 confluentibus
1404 1640 1521 1696 inveniri
1537 1657 1624 1712 posse
1640 1645 1763 1715 perspexi·

117 1727 197 1782 nobis
211 1727 327 1782 adfuerit
350 1728 503 1798 praesentia,
537 1728 642 1782 nullum
659 1726 827 1782 defensionis
850 1726 960 1813 auxi-B
975 1743 1046 1780 mus.
1065 1726 1198 1782 Occurrat
1213 1727 1295 1800 igitur
1309 1727 1435 1783 alacriter
1443 1743 1506 1783 cum
1518 1727 1704 1803 suffraganeis
1713 1732 1761 1799 suis,

117 1815 182 1870 lium
197 1816 355 1887 nullumque
370 1816 533 1871 necessariae
562 1816 656 1870 salutis
681 1816 833 1871 remedium
846 1822 923 1886 pote·
977 1831 1046 1887 quos
1061 1815 1119 1886 ipsa
1142 1816 1288 1872 convenire
1309 1825 1480 1872 commoneat
1495 1817 1530 1871 ad
1544 1819 1715 1890 designatam
1728 1837 1762 1875 ur·

119 1904 330 1959 rimushabere.
347 1905 502 1972 Nosenim,
532 1921 595 1961 cum
624 1904 713 1959 omnis
729 1904 802 1958 sedis
816 1911 926 1973 aposto·
961 1904 1039 1959 <bem
1055 1904 1203 1959 sanctitatis
1225 1903 1393 1971 fraternitas,
1410 1913 1436 1960 et
1452 1913 1528 1960 anto
1543 1907 1646 1963 deesse
1660 1923 1760 1963 conven-

120 1993 179 2048 licae
194 1993 290 2048 ordine
305 2008 396 2060 sacro,
413 2009 475 2048 cum
491 1993 629 2066 religiosis
648 2000 674 2048 et
689 1994 775 2047 Deum
807 1992 926 2047 timenti·
976 1991 1024 2057 tui,
1042 2008 1124 2063 quern
1140 1992 1243 2048 scilicet
1257 1993 1358 2048 ibidem
1373 2008 1422 2048 ιιιι
1438 1993 1581 2049 Kalendas
1595 1995 1690 2061 iulias,
1705 1996 1760 2052 cele·

119 2081 169 2135 bus
184 2081 260 2148 viris,
278 2096 329 2152 pro
345 2089 443 2137 vestra
457 2081 552 2152 gloriae
580 2080 772 2153 prosperitate,
787 2080 927 2135 continua·
976 2081 1080 2135 braturi
1095 2098 1198 2147 sumus,
1215 2082 1290 2137 nullo
1305 2081 1387 2137 modo
1401 2081 1532 2153 perferat,
1551 2099 1608 2155 quo
1623 2085 1759 2156 pullulantia

119 2186 172 2241 que
187 2169 285 2224 mentis
302 2177 328 2225 et
343 2170 466 2241 corporis
482 2170 578 2236 salute,
601 2169 817 2239 omnipotentem
832 2168 922 2224 dorni-
976 2169 1004 2222 in
1019 2184 1088 2240 agro
1111 2169 1253 2226 Dominico
1268 2170 1369 2225 zizania
1392 2171 1531 2226 communi
1547 2171 1639 2228 studio
1654 2174 1757 2229 radicitus

22 2313 25 2317 ,
119 2259 286 2327 num,cujns
302 2267 343 2313 est
358 2259 432 2313 salus
447 2257 925 2329 omnisetvita,tntisdeprecabimur
976 2265 1168 2328 amputentur;
1186 2265 1212 2312 et
1236 2259 1385 2314 salubrium
1408 2259 1536 2314 virtutum
1560 2261 1683 2332 germina
1703 2262 1756 2318 socio

122 2346 237 2414 nisibus,
254 2355 348 2403 utnec
376 2347 508 2418 temporis
535 2346 638 2413 servm,
668 2362 719 2401 nec
747 2346 800 2402 loci
830 2355 925 2401 natura
976 2346 1083 2416 probis
1107 2346 1254 2401 certamine
1268 2347 1376 2419 penitus
1399 2351 1569 2403 inserantur.
1587 2349 1693 2404 Fratres
1704 2366 1755 2421 pra

118 2434 237 2506 insolita,
247 2452 297 2491 nec
312 2436 439 2491 molestia
455 2435 583 2508 quaelibet
597 2444 689 2491 vestro
701 2435 800 2506 insigni
816 2435 926 2506 corpori
977 2442 1051 2490 terea
1067 2443 1093 2489 et
1108 2435 1287 2506 coepiscopos
1303 2443 1411 2490 nostros
1425 2436 1471 2507 qui
1488 2435 1540 2490 sub
1555 2437 1714 2493 beatitudine
1726 2455 1755 2492 te

120 2524 243 2580 nocitura
257 2524 407 2596 contingat,
439 2524 623 2593 Quamobrem
644 2524 711 2579 nihil
737 2526 837 2579 horum
865 2541 926 2595 quae
977 2526 1030 2571 stra
1045 2517 1147 2590 degunt
1162 2520 1196 2573 ad
1211 2519 1335 2574 eamdem
1356 2518 1539 2574 universalem
1563 2521 1695 2590 synodum
1707 2522 1754 2576 bor·

120 2612 178 2668 sine
193 2613 243 2668 Dei
258 2613 353 2684 procul
368 2613 449 2668 dubio
465 2629 519 2668 non
534 2613 659 2667 evenient
674 2621 740 2667 nutu
756 2612 920 2679 dubitantes,
977 2613 1032 2660 tatu
1047 2606 1197 2662 sanctitatis
1220 2615 1317 2663 vestrae
1336 2607 1430 2662 venire
1452 2607 1636 2678 precipimus.
1652 2608 1755 2681 Quisquis

120 2701 185 2774 quin
200 2702 290 2772 potius
306 2701 333 2755 in
349 2702 457 2756 nomini
467 2700 642 2757 miseratione
657 2701 721 2756 tntis
737 2701 841 2755 virinus
856 2717 925 2755 con·
977 2703 1066 2749 autem
1089 2710 1237 2750 occurrere
1261 2694 1395 2750 sanctitati
1419 2703 1472 2751 tna
1493 2695 1563 2751 torte
1576 2698 1753 2768 contempserit

119 2787 244 2857 fidentes,
260 2805 315 2844 non
330 2790 416 2844 solutu
432 2805 592 2860 corpoream
621 2789 844 2853 incolumitatem,
876 2805 925 2843 ve·
977 2783 1113 2838 canonicis
1136 2800 1165 2837 se
1189 2783 1295 2838 noverit
1318 2783 1549 2852 increpationibus
1577 2785 1669 2856 procul
1693 2784 1755 2839 dubio

120 2893 180 2931 rum
196 2877 278 2931 etiam
293 2885 319 2931 et
335 2885 497 2947 perpetuam
527 2877 624 2931 animae
646 2885 743 2933 vestrae
756 2871 925 2930 merebimini
977 2871 1202 2936 submittendum,
1226 2872 1253 2925 in
1277 2880 1414 2942 promptu,
1444 2873 1596 2927 secundum
1620 2873 1754 2944 Apostolum

122 2963 237 3035 adipisci
252 2965 366 3019 salutem
382 2972 408 3018 et
424 2964 549 3036 gloriam.
565 2965 700 3035 Dignetur
714 2964 927 3037 igiturpiissima
977 2961 1015 3029 (fl
1024 2961 1084 3015 Cor.
1097 2960 1149 3030 ιι);
1168 2959 1248 3014 uobis
1263 2959 1425 3014 habentibus
1440 2975 1553 3015 omnem
1563 2960 1755 3032 uleisciprorsus

122 3052 254 3108 serenitas
269 3060 371 3119 vestra,
387 3052 597 3108 clementissime
626 3053 776 3122 imperator
791 3055 921 3124 Auguste,
978 3048 1198 3102 inobedientiam.
1216 3049 1290 3103 Hauc
1305 3064 1372 3103 vero
1386 3048 1557 3117 apostolatus
1575 3050 1659 3104 nostri
1672 3049 1754 3119 episto·

120 3157 170 3213 pro
198 3149 279 3196 tantae
307 3142 380 3196 sedis
395 3141 555 3197 liberatione
572 3149 761 3213 tantorumque
783 3143 922 3196 hominum
974 3136 1028 3191 lam
1044 3136 1087 3192 vel
1103 3136 1269 3207 exemplaria
1292 3137 1375 3202 illius,
1400 3136 1541 3192 beatitudo
1565 3137 1753 3193 vestraindi'ta·

122 3230 222 3285 Christi
232 3247 327 3286 cruore
352 3230 557 3301 redemptorum
582 3229 741 3300 salvatione,
773 3239 881 3285 nostras
896 3238 923 3286 et
974 3226 1029 3281 cesi
1045 3243 1093 3280 sua
1109 3225 1235 3280 omnibus
1257 3223 1443 3280 indifferenter
1468 3225 1607 3296 episcopis
1624 3224 1752 3297 pararefa-

121 3319 254 3376 Ecclesiae
269 3327 370 3374 unstrae
384 3314 479 3388 prece's
493 3319 596 3386 audire,
614 3318 748 3390 singultus
763 3318 923 3390 prospicere
974 3315 1036 3378 ciet,
1055 3331 1088 3368 ne
1104 3314 1213 3385 aliquod
1231 3313 1317 3383 possit
1332 3313 1366 3367 ab
1385 3313 1571 3368 inobedientia
1587 3310 1751 3378 excusationis,

121 3417 148 3464 et
163 3408 231 3463 tanti
246 3408 363 3480 gemitus
374 3407 512 3479 lacrymas
528 3408 698 3464 incessanter
713 3406 813 3462 cifttsas
833 3417 923 3468 atten-
975 3402 1047 3474 quod
1063 3418 1117 3458 non
1133 3402 1250 3472 expedit,
1267 3401 1392 3456 velamen
1407 3401 1530 3458 obtendi.

123 3497 187 3552 dere
204 3515 210 3550 τ
228 3505 362 3568 quatenus
377 3512 454 3550 more
470 3496 558 3565 solito,
576 3496 923 3567 etsolitaepietatisviscerc
1313 3508 1439 3563 mxl,

123 3584 203 3640 nobis
230 3585 436 3655 compatientes,
466 3599 545 3655 opem
567 3584 763 3640 consolationis
793 3585 924 3640 citissime
1064 3611 1100 3650 A„
1119 3611 1283 3652 gxspffluq
1302 3611 1336 3651 m
1355 3611 1502 3652 mom
1527 3612 1682 3653 nvtscoros.

123 3674 279 3746 petentibus
308 3674 468 3739 tribuentes,
489 3681 571 3744 prout
599 3682 788 3744 opportunum
805 3681 856 3740 est,
873 3690 924 3729 nos
1283 3685 1372 3755 (Αῃῃο
1392 3686 1468 3755 8η)

121 3772 252 3841 adjuvare
267 3771 407 3843 satagatis,
424 3770 486 3842 quia
501 3780 562 3841 post
585 3772 670 3824 Deum
697 3771 778 3826 unica
807 3787 871 3841 spes
885 3786 925 3825 sa·
977 3776 1011 3832 nt
1024 3777 1188 3829 Rauennam
1203 3773 1239 3827 ud
1253 3775 1390 3844 synodum
1405 3774 1563 3842 accedunt,·
1579 3775 1650 3858 quod
1661 3774 1751 3844 nisipc-

122 3859 223 3914 ltttiset
237 3858 406 3912 liberationis
422 3866 525 3914 nostrae
540 3857 639 3913 fiducia
659 3874 709 3913 vos
723 3859 818 3929 procui
841 3860 925 3915 dubio
1010 3846 1134 3906 tamilla
1150 3845 1281 3899 millam?
1295 3861 1339 3900 ‘³⁰⁸
1355 3860 1384 3899 ⁸ss
1400 3849 1717 3901 exmmmu'lifflittfflm·

121 3947 196 4002 estis.
215 3946 279 4001 Ideo
294 3962 344 4015 per
359 3947 543 4016 vosmetipsos
563 3954 753 4017 properantes,
771 3962 925 4018 congruum
1009 3933 1137 3986 ῙΟᾸΝΝΕΕ
1152 3932 1297 4003 ePiSCOPUS
1311 3935 1463 3986 ᾹΝΒΡΕΒΤΟ
1478 3932 1673 3989 istdifflffltfflsi
1684 3928 1751 3986 mhi·

121 4042 148 4090 et
162 4042 344 4105 opportunum
359 4034 438 4088 nobis
453 4034 578 4105 prebere
594 4034 726 4089 auxilium
742 4050 796 4090 non
811 4034 925 4091 diflera-
975 4021 1113 4094 OPiS⁰⁰P⁰s
1131 4028 1157 4075 0¹
1172 4023 1301 4074 ANJ⁰N¹⁰
1318 4020 1609 4090 ePiS⁰0P013litiffl¹⁵i

126 4123 159 4178 [js
176 4140 182 4178 ς
198 4131 227 4177 ut
243 4122 425 4188 etflomjnug,
443 4123 488 4194 qui
516 4122 660 4194 elegitvos
675 4132 755 4193 caput
784 4123 868 4193 ophis,
900 4132 926 4179 gt
1011 4109 1080 4178 Qllia
1093 4108 1208 4163 diVCl'SiS
1222 4124 1254 4164 20
1268 4108 1462 4180 mulliplicibus
1476 4109 1620 4165 Ecclesifls
1633 4104 1752 4164 Deissssbi-‘t
1799 4123 1801 4136 '

124 4211 347 4277 dominumfecit,
365 4210 494 4266 auxilium
509 4228 588 4266 suum
604 4211 681 4267 vobis
706 4213 739 4267 de
754 4220 848 4268 sancto
865 4213 925 4267 mit·
975 4197 1136 4253 ⁰⁰ffiffli⁵S⁸⁵
1156 4197 1335 4252 ifl⁰⁰fflm⁰di⁵
1358 4196 1544 4267 firmitatis·
1562 4197 1693 4269 rebusque
1704 4208 1752 4266 pre
1799 4270 1801 4276 ,

124 4308 183 4356 tere
199 4317 308 4372 semper
335 4301 471 4374 dignetur,
501 4299 686 4356 amantissime
714 4299 761 4356 lili.
792 4303 860 4356 Data
877 4317 925 4356 vrn
975 4286 1042 4355 priis
1071 4286 1256 4341 issssflssciflniif
1289 4285 1418 4356 privatas,
1448 4293 1475 4340 0¹
1504 4301 1603 4341 emim
1631 4284 1752 4340 flsssssffllffl

975 4376 1107 4430 honorem
1123 4373 1284 4428 diminutum
1300 4372 1358 4428 fore
1373 4372 1518 4442 videmus;
1534 4375 1664 4446 ipsamm,
1677 4385 1753 4427 secun

923 4456 960 4518 -D
976 4463 1041 4518 dum
1054 4462 1212 4533 Apostolum
1228 4463 1265 4531 (ff
1279 4463 1338 4519 Gor.
1355 4461 1406 4532 xi),
1424 4460 1608 4518 sollicitudine
1621 4459 1752 4535 quotidiana

975 4551 1118 4622 compulsi,
1135 4550 1292 4606 neccssaria
1316 4549 1366 4603 rati
1392 4566 1487 4605 sumus
1507 4566 1561 4621 pro
1586 4550 1688 4606 illamm
1699 4554 1752 4602 statu

975 4656 1007 4696 ac
1022 4640 1136 4711 pristina
1155 4639 1388 4712 redintegratione
1401 4639 1572 4712 generalem,
1588 4640 1646 4696 Deo
1660 4638 1752 4699 fatena,

975 4729 1109 4801 synodum
1138 4728 1278 4785 celebrare
1308 4745 1314 4782 :
1342 4743 1423 4799 quam
1453 4727 1608 4783 secundnm
1639 4726 1753 4798 antiquam
1798 4768 1801 4788 ,

976 4816 1203 4874 consuetudinem
1221 4833 1284 4871 curn
1298 4817 1392 4872 Roman
1406 4831 1492 4889 agere
1505 4815 1702 4879 debuissemus,
1714 4824 1753 4866 non

975 4913 1132 4961 recusantes
1156 4905 1223 4961 tanti
1246 4905 1370 4960 laborem
1389 4902 1504 4972 itineris,
1519 4920 1573 4976 pro
1588 4904 1711 4960 suavitate
1722 4907 1752 4954 tt·

127 4390 265 4447 Kalendas
280 4389 362 4456 Junii,
378 4389 525 4446 indictione
541 4389 656 4445 decima.

478 4496 589 4552 LXXX.

276 4582 313 4623 an
327 4581 566 4623 ancararrscovunt
582 4581 780 4624 arvennensis.

448 4639 538 4708 (Anno
553 4640 626 4708 877).

159 4737 293 4809 Praecipit
308 4740 341 4792 ut
355 4752 419 4791 cum
435 4737 494 4791 suis
507 4736 694 4862 {spragensis
709 4736 745 4792 ud
754 4737 907 4793 concilium

442 4823 507 4863 acce
527 4824 567 4862 n.

164 4905 292 4959 toranus
305 4903 509 4976 archiepiscopo
524 4902 683 4959 Ravennati.

174 4999 244 5070 Quia
256 5001 313 5071 jam
329 5002 364 5057 ad
374 5001 527 5073 periculosa
550 5001 725 5072 pervenimus
740 5001 774 5055 ab
794 4999 925 5072 Apostnln

128 5088 175 5165 'ill
193 5092 261 5147 Tim.
279 5091 332 5159 ιιι),
348 5089 413 5161 quin
427 5090 517 5161 potius
532 5105 548 5145 a
563 5089 679 5145 Domino
695 5089 833 5160 praedicta,
856 5090 924 5159 prob

131 5178 225 5236 dolori
243 5186 366 5249 tempora
381 5196 387 5232 :
400 5179 495 5249 Surgit
507 5179 583 5234 caim
593 5182 927 5250 praecontruqentcm,ei

127 5273 196 5323 sunt
206 5268 283 5324 inter
292 5268 351 5323 clia
365 5267 477 5322 inimici
486 5267 609 5323 bominis
617 5268 763 5323 domestici
778 5267 923 5338 ejas(buc.

128 5368 198 5421 xxt;
220 5357 300 5412 llicit.
318 5357 368 5425 ιιι)
385 5375 392 5423 3
409 5364 555 5412 creverunt
582 5355 785 5426 inopinabiliter
800 5356 882 5421 mala,
899 5363 926 5409 et

131 5456 186 5497 non
201 5443 289 5498 solum
303 5445 474 5501 extrinsecus
489 5444 565 5500 rabie
579 5443 728 5499 infidelium
743 5445 924 5500 barbarorum

130 5528 281 5599 atterimur,
297 5532 388 5591 sedet
412 5532 575 5593 intrinsecus
602 5531 780 5606 perversitate
808 5533 925 5606 nequam

975 5011 1036 5050 mett
1060 4993 1255 5051 venerabilium
1271 4991 1437 5049 confratrum
1457 4999 1619 5049 nostrorum
1632 4992 1753 5065 episcopo

975 5100 1044 5152 rtrm,
1075 5099 1142 5155 quos
1171 5083 1198 5138 in
1227 5081 1393 5138 consortium
1421 5088 1545 5137 nostrum
1568 5081 1665 5138 litteris
1682 5075 1755 5134 missis

975 5173 1132 5238 ascivimus,
1149 5179 1276 5228 octavum
1300 5169 1487 5224 Kalendarum
1504 5169 1651 5237 luliarum,
1666 5169 1755 5225 Raven-

975 5278 1027 5327 nae,
1049 5261 1194 5315 auxiliante
1219 5258 1345 5327 Domino,
1362 5257 1463 5313 erimus
1486 5258 1585 5329 procul
1608 5253 1757 5314 dubiooele·

975 5349 1086 5404 braturi.
1116 5349 1254 5420 adquam
1282 5339 1408 5403 videlicet
1431 5345 1633 5403 fraternitatem
1657 5352 1758 5400 vestran

975 5438 1049 5493 omni
1072 5436 1215 5493 occasione
1239 5434 1398 5507 postposita,
1416 5434 1548 5507 omnique
1565 5435 1689 5491 tarditate
1702 5445 1759 5504 prte-

974 5526 1113 5595 termissa,
1128 5525 1171 5582 his
1184 5523 1367 5599 praesentibus
1390 5522 1485 5582 venire
1496 5522 1632 5592 iubemus
1645 5522 1761 5598 aptata
