3794 6104
66 221 119 277 tos
441 214 566 274 OPUSC.
596 214 642 273 tta
667 214 780 273 lll'ls'l'.
812 216 850 272 IN
876 214 990 275 CAUSA
1017 212 1190 275 ltntcttm
1217 217 1373 284 munus.
1666 223 1720 279 bod

68 359 101 399 ex
116 356 151 399 eo
164 339 254 398 direxi
266 337 399 413 prolixam
413 338 565 411 epistolem,
581 340 658 411 cujus
668 339 808 413 exemplar
821 339 866 397 hic
879 339 1074 403 Aincendium
1097 340 1196 399 luroris
1220 342 1379 398 exstinxit,
1404 341 1441 399 Et
1454 342 1558 399 utinam
1567 341 1613 400 liic
1625 342 1719 400 rhino-

68 431 175 498 habeo;
193 429 221 484 in
238 443 292 501 qua
306 428 459 486 continetur
472 427 507 484 ad
521 426 613 485 locum
628 445 635 483 ε
919 444 999 485 ceros
1013 437 1107 486 noster
1120 429 1229 503 signum
1244 430 1336 488 crucis
1350 430 1432 488 fronti
1446 439 1474 487 et
1491 430 1568 487 cordi
1580 430 1720 503 imprime-

104 519 198 590 «Ego
211 524 301 573 autem
324 516 365 573 sic
384 517 444 572 haec
471 531 531 588 qum
554 524 616 572 acta
638 522 710 582 sunt,
737 515 870 589 progredi
919 523 969 583 ret,
994 525 1021 573 et
1046 533 1062 574 e
1085 534 1142 574 sum
1171 519 1350 576 contumaciae
1380 518 1521 576 ferocitate
1543 519 1721 590 semetipsum

67 606 159 673 dmeo,
176 612 206 662 et
217 605 257 662 sic
270 603 369 672 doleo;
384 604 448 660 licet
470 603 559 661 isdem
572 603 733 661 Hinemarus
749 603 817 660 sicut
834 603 869 658 ad
919 605 1144 678 exstingueret,et
1154 622 1184 662 se
1197 606 1314 663 alterum
1329 606 1430 664 iaceret
1445 624 1453 663 t
1469 615 1499 664 ut
1513 622 1577 664 cum
1590 606 1721 679 Apostolo

67 709 110 749 me
124 707 177 765 pro
186 700 262 750 certo
276 708 326 765 per
339 706 387 748 eos
401 692 447 764 qui
461 692 494 747 ab
508 690 569 763 ipso
590 692 742 758 audierunt,
759 698 786 747 et
809 691 869 760 eJus
919 691 1012 749 dicere
1024 693 1129 764 possit:
1144 694 1271 767 Viooeqo,
1277 697 1343 769 jam
1352 712 1411 753 nort
1421 710 1485 768 agor
1498 696 1568 752 aicit
1581 697 1721 753 solemio

68 780 228 837 frendentes
245 788 336 836 motus
349 793 411 836 oum
433 780 468 835 de
482 795 527 836 me
540 779 667 851 loquitur,
684 779 785 846 vident,
801 794 868 849 per·
919 796 964 835 me
981 780 1108 838 Christos
1120 781 1226 853 (Galat.
1243 784 1286 854 ιι).
1303 783 1381 840 Unde
1392 782 1562 856 Gregorius:
1581 803 1593 834 ι
1610 782 1721 839 Exstin-

68 877 182 928 rentum
197 876 249 937 est,
264 867 331 924 mihi
348 869 400 923 hoc
419 874 503 923 totum
514 874 631 939 reputat,
648 867 722 939 quod
736 881 810 924 vosa
824 882 869 923 me
919 869 1088 939 otusquippe
1101 867 1190 925 luerat
1204 886 1292 927 maus
1313 870 1360 927 ille
1388 879 1560 942 persecutor,
1585 878 1611 927 et
1626 869 1721 928 rivere

67 955 219 1030 provocati,
236 955 367 1029 quidquid
381 962 476 1012 contra
490 970 553 1010 eum
567 955 663 1028 egistis
681 962 707 1011 et
720 954 811 1028 agitis,
828 953 870 1011 di·
919 963 1041 1026 coeperat
1061 956 1123 1027 pius
1142 957 1345 1027 praedicator.»
1371 957 1473 1014 Aderat
1496 965 1585 1014 autem
1614 957 1718 1014 litteras

67 1062 133 1102 cens
162 1044 238 1117 quod
263 1045 323 1100 haec
345 1043 435 1100 omnia
456 1057 520 1099 meo
551 1043 665 1101 consilio
691 1051 717 1099 et
740 1042 869 1100 instinctu
919 1059 996 1099 meas
1009 1043 1044 1100 de
1059 1044 1158 1115 quibus
1179 1045 1223 1100 hic
1244 1045 1362 1117 scripsit,
1388 1053 1416 1101 et
1438 1045 1560 1118 proferat
1583 1061 1647 1102 euru
1671 1044 1718 1118 qui

68 1133 167 1206 agatis.
184 1131 263 1201 Quod
278 1147 334 1186 non
350 1146 412 1186 esse
424 1146 531 1199 rerum,
547 1130 646 1187 medus
670 1131 723 1202 ipsi
751 1130 866 1187 scitica
918 1145 966 1187 eas
984 1131 1023 1187 illi
1053 1131 1136 1197 dedit,
1163 1140 1189 1188 et
1219 1142 1399 1204 cognoscatur
1424 1134 1488 1190 inde
1509 1133 1621 1190 veritas.
1647 1133 1719 1189 Nam

67 1222 99 1276 Et
116 1221 185 1276 item
199 1219 234 1275 ad
248 1218 338 1276 locum
358 1219 387 1273 in
403 1218 499 1275 eadem
523 1218 660 1290 epistola:
678 1217 758 1288 Quod
779 1226 868 1274 autem
919 1219 992 1290 quod
1004 1218 1079 1286 dicit,
1103 1219 1170 1274 mihi
1183 1220 1316 1276 restitisse
1327 1221 1362 1276 de
1376 1221 1519 1278 Rothado:
1536 1219 1718 1293 subscriptio·

64 1307 185 1378 jussistis
208 1314 237 1363 ut
264 1306 409 1364 consilium
423 1305 538 1378 qualiter
564 1313 658 1362 contra
672 1306 868 1363 contumaciam
918 1322 968 1363 nes
986 1322 1085 1362 manus
1108 1324 1175 1375 suaa,
1202 1324 1269 1380 quas
1292 1308 1390 1375 habeo,
1411 1309 1475 1364 inde
1497 1308 1633 1366 mendacii
1656 1324 1718 1366 eum

67 1392 209 1452 Hincmari
222 1393 301 1451 robis
317 1394 453 1466 agendum
482 1393 516 1448 ait
538 1394 700 1450 remandare
713 1408 867 1466 procurem,
917 1395 1095 1467 redarguunt,
1111 1395 1298 1464 ostendentes,
1315 1396 1378 1468 quia
1394 1395 1462 1452 nibil
1480 1396 1516 1452 de
1530 1396 1716 1454 liothadode·

68 1498 129 1540 cnm
144 1482 228 1540 venia
238 1489 338 1539 restrae
347 1481 539 1538 dominationis
553 1480 719 1553 respondeo,
734 1482 788 1537 hoo
801 1481 869 1537 mihi
918 1481 1002 1550 crevi,
1019 1481 1113 1538 valde
1128 1484 1281 1540 ordinando
1301 1483 1386 1540 aliurn
1408 1483 1436 1539 in
1458 1484 1549 1540 locum
1571 1484 1632 1554 ejus
1654 1483 1719 1551 leci,

67 1586 122 1628 non
135 1571 221 1627 modo
234 1568 352 1636 difficile,
368 1584 463 1626 rerum
478 1569 561 1626 etiam
570 1569 636 1625 milri
646 1569 753 1626 ridetur
763 1568 868 1640 impos-
919 1568 993 1641 quod
1006 1586 1113 1626 mecum
1128 1570 1187 1642 ipse
1202 1586 1258 1627 non
1278 1570 1375 1628 iecerit
1400 1589 1408 1627 a
1432 1571 1503 1628 sicut
1526 1579 1553 1628 et
1575 1571 1720 1644 synodalia

66 1658 155 1714 sibile.
174 1677 187 1709 r
204 1659 239 1714 Et
257 1656 340 1729 paulo
367 1664 452 1728 post:
470 1679 481 1705 ι
501 1657 577 1713 Sicut
597 1656 677 1713 robis
699 1655 867 1719 sufficienter
880 1686 907 1747 Β
917 1665 995 1730 gesta
1009 1657 1171 1729 apostolicae
1184 1659 1244 1715 sedi
1258 1659 1370 1728 directa,
1404 1660 1504 1732 quibus
1517 1660 1577 1731 ipse
1593 1659 1717 1718 subscri-

65 1754 104 1802 est
119 1746 273 1820 cognitum,
294 1760 388 1802 sacros
407 1744 558 1817 praecipere
581 1758 701 1801 canones
720 1744 755 1800 de
782 1759 865 1801 causa
915 1744 979 1816 psit,
995 1752 1119 1816 patenter
1131 1747 1289 1802 ostendunt.

66 1834 200 1906 episcopi,
213 1833 331 1891 maxime
344 1832 418 1888 unde
433 1833 508 1903 regia
521 1839 614 1889 restra
635 1840 757 1904 potestas
771 1831 865 1889 laesam
951 1832 1085 1888 Caeterum
1099 1833 1162 1889 veni
1176 1833 1212 1888 ad
1225 1833 1356 1889 domnum
1370 1850 1465 1907 regem
1478 1834 1514 1890 ad
1529 1834 1667 1899 Solarium
1686 1835 1715 1892 in

65 1939 93 1978 se
116 1922 259 1995 queritur:
277 1930 303 1977 et
317 1920 474 1993 apostolicae
495 1920 569 1977 sedis
583 1921 729 1978 auctoritas
748 1928 864 1978 conten·
915 1919 1029 1992 Cippido
1044 1921 1187 1996 (suyppe),
1203 1930 1230 1977 et
1248 1922 1273 1979 ei
1290 1921 1440 1979 litterarum
1455 1922 1665 1994 responsionem
1682 1923 1718 1980 de

65 2010 143 2077 tiose,
173 2010 244 2067 sieut
270 2009 337 2065 mihi
361 2008 477 2064 relatum
501 2016 552 2079 est,
582 2009 611 2065 in
638 2008 758 2066 medium
779 2008 865 2065 devo·
915 2007 971 2063 suis
988 2009 1164 2066 etllincmari
1179 2008 1276 2065 litteris
1290 2010 1385 2066 detuli.
1401 2009 1489 2080 Quam
1508 2011 1719 2082 responsionem

65 2107 153 2166 eatur,
170 2097 231 2155 sine
246 2098 471 2170 coepiscoporum
485 2105 600 2154 tractatu
623 2105 704 2169 atque
728 2113 864 2155 consensu
914 2110 1006 2153 eoram
1016 2112 1071 2163 me,
1087 2105 1115 2152 et
1128 2096 1224 2154 Odone
1235 2098 1375 2170 episcopo,
1391 2105 1418 2154 et
1434 2096 1548 2167 Ottullo,
1564 2097 1717 2170 atquellil·

65 2186 208 2242 sententiae
235 2184 380 2242 consilium
394 2185 471 2253 dare,
483 2186 527 2242 vel
541 2185 670 2257 quiddam
679 2184 795 2242 diffinire
809 2200 864 2241 non
913 2183 1293 2258 deboldotuncpresbyteris,
1306 2186 1391 2243 sedet
1402 2185 1594 2244 coramliirioo
1603 2185 1713 2253 comite,

64 2276 153 2331 valeo.
172 2294 185 2325 a
915 2279 942 2328 et
956 2287 1012 2329 non
1024 2273 1155 2329 recordor
1169 2272 1285 2330 aliorum
1299 2274 1409 2331 nomina
1428 2274 1475 2348 qui
1492 2273 1595 2330 ibidem
1617 2273 1713 2331 adlue-

98 2361 192 2419 Odoni
207 2370 298 2418 antem
312 2360 456 2432 epistolam
470 2377 520 2432 pro
534 2377 578 2429 eo,
594 2361 666 2429 misi,
684 2361 865 2436 interroganti
914 2367 985 2427 runt,
1002 2361 1149 2417 Hincmaro
1159 2361 1244 2432 dedit,
1261 2371 1288 2418 et
1296 2362 1387 2419 locum
1398 2378 1480 2434 super
1494 2370 1603 2420 noctem
1621 2361 1654 2435 [s.
1665 2376 1716 2418 no·

63 2450 126 2523 quid
148 2449 258 2517 sedem,
281 2458 311 2504 ut
333 2450 481 2507 llincmaro
505 2450 582 2506 daret
608 2450 753 2506 consilium
768 2468 776 2505 z
792 2451 864 2508 unde
914 2457 986 2506 atem
998 2465 1083 2520 super
1097 2448 1197 2523 locum]
1212 2450 1553 2524 adlegandumconcessit.
1565 2449 1715 2507 Etincres·

63 2538 100 2593 illi
114 2537 239 2611 prolixas
266 2537 371 2594 litteras
388 2537 459 2592 *misi
487 2537 556 2610 (aon
584 2543 724 2610 exstant),
747 2553 864 2611 quarum
914 2536 972 2593 tina
995 2537 1029 2592 ad
1045 2553 1142 2610 regem
1159 2555 1297 2606 reversus,
1321 2539 1384 2612 quia
1398 2539 1426 2594 in
1444 2537 1525 2595 solita
1546 2537 1716 2596 contumacia

63 2626 204 2699 exemplar
212 2625 478 2682 bichabeoalteram
491 2625 764 2682 autemoidemlratri
774 2626 864 2682 Odoni
912 2623 1090 2696 pertinaciter
1110 2626 1239 2697 perstitit,
1254 2634 1284 2681 ut
1297 2641 1350 2683 nec
1374 2642 1437 2699 ego,
1458 2641 1510 2683 neo
1533 2624 1620 2682 frater
1633 2624 1705 2692 Odo,

62 2729 110 2785 pro
124 2714 278 2771 llincmaro
291 2713 353 2769 misi
368 2713 521 2785 epistolam,
538 2714 616 2782 cnjus
631 2713 769 2785 exemplar
778 2721 805 2770 et
819 2714 864 2771 hic
913 2728 965 2769 nec
974 2712 1056 2768 etiarn
1070 2712 1117 2784 qui
1127 2712 1327 2770 adfueruntalii
1341 2713 1470 2786 quiddam
1478 2712 1602 2781 rationis,
1610 2712 1656 2771 vel
1662 2713 1712 2769 hn-

62 2802 159 2873 babeo,
176 2802 206 2856 in
217 2816 271 2874 qua
285 2801 437 2857 continetur
453 2819 485 2857 :a
503 2800 638 2871 Quantum
651 2810 729 2873 potes
743 2802 863 2857 animum
913 2799 1044 2867 militatis,
1061 2808 1106 2857 aut
1116 2800 1558 2873 episcopalisgravitatisobtinere
1568 2801 1714 2873 apudeum'

62 2889 154 2946 domni
170 2889 249 2962 regis
271 2889 436 2957 modilica,»
461 2896 514 2946 etc.
535 2891 651 2963 licliqoo
680 2891 762 2946 bobes
785 2892 864 2947 irater
912 2888 1052 2959 potuimus
1067 2907 1074 2944 :
1089 2888 1226 2944 licentiam
1236 2888 1449 2960 apuddomnum
1462 2905 1559 2961 regem
1582 2889 1715 2960 petiiset

61 2978 175 3035 eosdem
184 2979 330 3049 artemiae.
913 2976 979 3048 quia
994 2975 1061 3031 setis
1080 2975 1205 3032 infirmus
1219 2992 1306 3043 erarn,
1327 2977 1363 3033 ad
1376 2977 1547 3034 mansionem
1557 2976 1671 3036 secessi.
1688 2976 1718 3034 Sl

90 3066 219 3123 Tertiam
247 3080 355 3138 quoque
374 3065 463 3122 eidem
477 3064 552 3121 fratri
566 3079 617 3136 pro
632 3081 666 3121 eo
680 3065 742 3121 misi
756 3065 860 3137 episto-
878 3035 1005 3119 Cautem
1022 3063 1152 3135 quiddam
1166 3065 1201 3119 de
1216 3064 1361 3122 traditione
1375 3065 1457 3136 illius,
1478 3064 1522 3123 rel
1537 3066 1572 3123 de
1586 3065 1718 3124 custodite

56 3150 120 3222 lam,
148 3155 230 3224 cuius
255 3153 393 3226 exemplar
421 3154 466 3211 hic
487 3153 585 3223 habeo,
613 3153 707 3226 inqua
734 3153 861 3210 contine-
911 3150 1113 3222 mancipatione
1128 3167 1190 3208 curn
1205 3152 1307 3208 domno
1320 3168 1389 3226 rege
1415 3152 1518 3224 aliquid
1537 3153 1644 3209 loeutus
1665 3153 1714 3222 lui,

54 3248 121 3299 tur:
143 3240 288 3298 «llultum
313 3242 397 3298 timeo
415 3255 447 3298 ao
474 3240 595 3310 doleo,»
627 3248 680 3297 etc.
723 3242 785 3299 Vide
808 3243 862 3298 'udi
911 3254 966 3294 non
983 3239 1071 3294 solum
1087 3240 1203 3294 domnus
1219 3255 1265 3294 rex
1279 3241 1332 3296 boc
1350 3239 1448 3296 melius
1467 3239 1538 3311 sapit
1554 3257 1562 3295 :
1577 3257 1674 3296 verum
1688 3248 1717 3296 et

48 3343 155 3407 supra,
911 3326 955 3381 isti
967 3326 1088 3399 religiosi
1103 3326 1226 3398 episcopi
1241 3326 1311 3395 Odo,
1327 3334 1354 3382 et
1369 3325 1498 3394 0ttullus,
1520 3335 1547 3383 et
1570 3327 1712 3384 llildeltol-

81 3421 155 3494 Ego
175 3416 219 3475 sic
230 3417 337 3492 scripsi.
360 3417 394 3473 Et
408 3417 568 3473 ilincmarus
579 3416 644 3473 dicit
664 3431 710 3472 me
733 3415 768 3471 ad
782 3432 861 3473 com-
911 3412 973 3481 dus,
990 3412 1133 3471 veritatem
1148 3414 1227 3469 nobis
1242 3429 1292 3485 pro
1304 3429 1399 3469 amore
1409 3414 1496 3485 ipsius
1507 3414 1631 3471 veritatis
1644 3427 1713 3486 pos·

36 3509 156 3576 ptieem
184 3522 278 3563 meum
292 3504 418 3563 Odonem
446 3505 598 3577 scripsisse,
614 3513 643 3560 ut
671 3504 811 3575 «quaudo
826 3506 861 3561 ad
911 3508 974 3556 sunt
988 3501 1107 3571 edicere,
1131 3509 1157 3556 et
1180 3516 1224 3557 me
1247 3508 1292 3556 aut
1315 3501 1435 3568 noxium,
1454 3509 1500 3557 aut
1519 3501 1658 3558 innoxium
1679 3502 1715 3561 de

35 3596 198 3671 synodum
218 3594 384 3663 venerimus,
401 3594 474 3650 Deus
489 3593 589 3664 poterit
612 3592 691 3648 nobis
705 3593 773 3648 dare
796 3592 861 3664 quid
910 3588 1111 3646 haccalumnia
1133 3589 1321 3660 pronuntiare.
1346 3589 1484 3660 Scriptum
1503 3597 1546 3645 est
1558 3589 1657 3647 enim:
1678 3591 1712 3647 la

28 3678 215 3761 loquamur,
231 3682 395 3755 usquedum
411 3680 513 3739 deisto
530 3680 690 3737 indomabili
706 3680 858 3748 unicomio‚
910 3692 958 3734 ore
972 3677 1093 3733 duorum
1107 3677 1384 3734 oattriomlertiam
1398 3678 1485 3734 stabit
1498 3692 1581 3733 omae
1597 3678 1713 3736 verbam

25 3784 63 3831 et
81 3771 232 3844 iniquieto
246 3769 358 3826 animali
373 3783 423 3826 nos
441 3769 575 3826 liberabit.
595 3790 606 3820 ι
625 3768 693 3838 Quae
714 3769 862 3842 Scriptura
911 3765 1022 3837 (Metti.
1038 3780 1107 3832 xvr;
1123 3767 1139 3821 l
1154 3768 1223 3822 Tim.
1240 3766 1281 3838 b).
1301 3767 1337 3821 Et
1347 3765 1495 3837 Apostolus
1507 3765 1710 3824 accusationem

25 3868 191 3935 quantum
204 3858 277 3914 inter
286 3874 316 3914 se
326 3857 490 3924 discordent,
515 3857 583 3915 ratio
594 3857 736 3913 manifesta
749 3858 862 3914 demon·
912 3853 964 3909 sub
978 3853 1095 3922 duobus,
1106 3853 1246 3910 aeltribus
1256 3854 1371 3910 testibus
1385 3853 1518 3911 adversus
1525 3854 1711 3926 presbyteros,

20 3957 130 4008 urat.
149 3947 224 4002 Nam
239 3946 291 4001 etsi
318 3946 364 4013 ita,
388 3952 418 4001 ut
435 3945 500 4002 dicit
520 3945 693 4012 Hincmarus,
724 3946 759 4001 ad
783 3945 861 4002 Odo·
911 3941 1084 4014 recipiposse
1098 3942 1712 4016 ostendit.EtNieanumconoilium(coa.2),

21 4048 111 4096 nem
139 4034 319 4106 scripsissem
336 4050 344 4089 :
359 4047 413 4091 non
442 4042 531 4090 tamen
550 4033 587 4089 ibi
604 4033 734 4107 colligere
755 4040 861 4104 poterat
911 4031 1084 4102 Neophytum
1100 4031 1284 4103 episcopuma
1299 4030 1407 4088 duobus
1422 4031 1465 4089 rel
1488 4030 1574 4089 tribus
1598 4031 1713 4089 testibus

21 4121 127 4183 iltius
143 4122 310 4179 traditorem
320 4122 438 4178 mesore
456 4140 463 4177 :
478 4136 539 4179 oum
555 4122 636 4177 etiam
651 4122 679 4176 in
692 4121 789 4178 litteris
804 4120 861 4177 suis
911 4118 1100 4191 redargutum,
1124 4118 1262 4175 abstinere
1278 4133 1294 4174 a
1313 4118 1388 4176 clero
1408 4119 1542 4192 praeoipit,
1559 4119 1584 4176 si
1605 4119 1715 4193 aliquod

22 4225 88 4271 me
106 4211 192 4268 dicat
201 4210 304 4266 dixisse
315 4227 345 4266 :a
364 4209 479 4280 Quando
494 4212 529 4266 ad
545 4210 680 4282 synodum
694 4210 858 4279 venerimus,
911 4204 1040 4262 delictum
1064 4205 1162 4262 animae
1184 4206 1256 4262 circa
1271 4222 1418 4276 personam
1442 4207 1595 4278 reperiatur
1614 4208 1713 4277 bajus·

25 4301 129 4359 Deos
154 4298 258 4372 poterit
277 4299 356 4355 nobis
370 4300 436 4355 dare
451 4299 517 4372 quid
541 4298 694 4372 loquamur.
713 4319 725 4350 ι
741 4297 859 4369 Quasivi
911 4293 995 4349 modi.
1012 4294 1107 4350 Sedet
1122 4293 1195 4366 quia,
1213 4301 1242 4348 ut
1256 4293 1439 4365 supraposui,
1457 4309 1544 4351 sacrm
1565 4294 1644 4367 leges
1666 4294 1712 4350 di-

26 4391 129 4447 enim
144 4387 220 4444 inter
234 4387 402 4460 exemplaria
416 4388 566 4444 litterarum
577 4386 717 4459 exemplar
737 4386 858 4458 epistola
872 4381 982 4447 Donat,
1006 4381 1070 4453 quia
1094 4380 1218 4437 convinci
1239 4394 1321 4436 nemo
1334 4388 1435 4452 potest,
1454 4381 1507 4436 nisi
1517 4381 1653 4453 scriptura
1666 4381 1711 4438 rel

24 4475 74 4534 in
91 4492 153 4550 qua
168 4475 229 4532 ltaeo
243 4476 327 4533 rerba
336 4491 397 4547 que
411 4475 485 4543 dicit,
501 4476 698 4542 contineantur,
715 4475 765 4531 sed
778 4474 854 4531 inve·
910 4469 1029 4526 testibus
1044 4469 1175 4524 :audistis
1190 4469 1338 4541 scripturas
1360 4477 1386 4525 et
1410 4484 1484 4537 suas,
1509 4477 1537 4524 et
1563 4483 1651 4536 meas,
1676 4469 1711 4526 de

30 4571 112 4622 utre
138 4579 198 4619 non
219 4563 303 4636 potui.
325 4564 361 4619 Et
374 4563 438 4621 licet
466 4580 528 4621 eum
555 4565 724 4633 unicomem‚
754 4562 859 4620 scilicet
908 4572 1022 4630 quarum
1050 4557 1212 4614 oerliludisse
1230 4572 1292 4615 tum
1319 4558 1413 4615 domni
1433 4559 1520 4632 regii·
1549 4566 1576 4614 0¹
1595 4556 1710 4613 i⁸l⁰¹¹¹¹m

31 4651 254 4709 indomabilem
272 4651 388 4708 bestiam
410 4652 438 4708 in
462 4653 531 4708 meis
560 4651 656 4709 litteris
681 4652 857 4724 appellarem,
907 4646 1099 4718 episcoporum
1113 4647 1284 4703 attestatione
1297 4646 1426 4721 legaliter
1440 4663 1472 4704 ac
1487 4645 1649 4720 regulariter
1663 4660 1712 4717 po

35 4756 111 4798 non
142 4739 320 4797 criminaliter
339 4747 482 4813 peccatum
504 4741 711 4798 committerem.
735 4741 803 4796 Cum
826 4741 857 4796 B.
907 4735 984 4791 testis
998 4736 1165 4803 discernere,
1180 4736 1433 4809 atquedecemere,
1450 4733 1594 4806 sipraeiata
1606 4733 1711 4804 judicia

41 4828 210 4901 Gregorius
220 4844 360 4901 exponens
369 4829 530 4886 sententiam
545 4829 693 4885 Dominiad
703 4829 756 4886 lob
765 4829 859 4886 dicen·
906 4824 1008 4895 legum,
1025 4832 1052 4880 et
1066 4824 1176 4894 Zosimi,
1192 4824 1220 4880 in
1234 4839 1298 4880 eum
1312 4824 1356 4896 qui
1369 4839 1413 4879 me
1424 4821 1494 4879 falso
1504 4829 1546 4879 est
1561 4821 1710 4880 calumnia·

42 4919 96 4975 tis
112 4935 119 4972 :
134 4917 268 4991 Noaqaid
282 4918 412 4990 alligabis
434 4918 641 4976 rhinocerotem
664 4920 702 4975 od
718 4918 860 4976 orandum
908 4920 960 4980 lus,
978 4913 1102 4970 recidere
1116 4913 1252 4980 debeant;
1278 4927 1339 4984 ‹1¹¹ae
1364 4912 1392 4966 in
1405 4911 1661 4983 ¹¹¹0P1000d010¹¹b
1686 4909 1710 4964 δί

50 5006 765 5078 ὶοτοίιιοῒυοῠιιιιιιι.)ἀειιιοίιιιροιαιοιιὰἱοιιιι
779 5029 791 5060 ι
806 5008 860 5065 Sec
908 5017 953 5058 me
962 5018 1014 5074 per
1033 5001 1196 5059 calumniam
1223 4999 1376 5057 delatorem
1405 5016 1484 5057 suum
1511 5001 1632 5073 probare
1659 5013 1710 5054 va·

50 5107 110 5164 pe,
120 5093 252 5166 inquiens,
276 5093 429 5150 vidisseme
439 5094 550 5150 memini
566 5095 639 5167 quod
653 5111 716 5152 cum
727 5112 756 5151 se
770 5095 807 5152 ad
816 5094 859 5152 le·
912 5088 991 5147 letel·

51 5179 185 5236 tiendum
195 5181 365 5256 graviterhic
378 5183 538 5240 rhinoceros
548 5185 862 5257 accenderetquasiele·
946 5186 1024 5257 Quae,
1040 5195 1067 5243 et
1080 5186 1144 5255 alia,
1160 5187 1194 5243 de
1208 5186 1267 5243 aliis
1282 5186 1348 5243 mihi
1357 5187 1393 5243 ab
1409 5203 1442 5245 eo
1454 5186 1549 5254 illatis,
1558 5199 1615 5243 non
1627 5197 1709 5242 causa

53 5274 129 5322 vato
141 5284 226 5326 cornu
238 5270 360 5327 bestiolis
375 5271 494 5327 minimis
508 5272 604 5328 mortis
620 5272 725 5339 exsilia,
742 5273 860 5329 damna·
909 5291 1032 5332 mearum
1048 5275 1209 5344 injuriarum
1223 5275 1285 5332 dico
1305 5293 1313 5330 :
1329 5277 1379 5333 sed
1393 5276 1452 5333 zelo
1466 5274 1516 5330 Dei
1531 5281 1559 5331 et
1578 5273 1710 5331 ecclesia-

57 5351 217 5429 tionemque
231 5358 360 5427 subjectis
374 5359 516 5417 immensis
529 5360 682 5417 terroribus
703 5360 858 5432 intentaret,
911 5364 1038 5420 sticarum
1052 5363 1218 5438 regularum,
1230 5372 1311 5438 atque
1326 5363 1426 5421 divinae
1448 5361 1639 5434 ordinationis,
1658 5377 1708 5418 se·

56 5451 172 5512 repente
192 5444 277 5504 tronti
301 5447 381 5522 signo
402 5448 492 5507 crucis
515 5449 661 5522 impresso,
682 5465 764 5508 omne
784 5450 813 5507 in
829 5466 859 5507 se
909 5452 1027 5509 candum
1048 5459 1176 5531 paternas
1190 5452 1415 5511 constitutiones:
1434 5467 1470 5511 ne
1491 5467 1544 5534 pro
1570 5450 1624 5510 loci
1653 5449 1708 5515 mei
