3794 6104
171 251 223 306 387
671 240 840 307 amoenat
854 246 1055 307 naenffltsts
1083 252 1358 310 ancfltertseort.
1777 260 1830 313 388

171 388 229 431 rum
247 374 434 432 sacrificamus
449 378 517 441 Deo,
534 392 585 432 nec
601 377 705 433 Pascha
720 377 747 430 iu
762 392 813 431 ore
828 385 854 432 et
869 377 971 449 azymis
980 379 1007 438 A
1020 395 1113 433 verum
1130 389 1181 449 est,
1198 380 1261 451 quia
1284 379 1353 435 ratio
1377 386 1403 435 et
1428 381 1528 435 veritas
1548 380 1741 437 consuetudini
1752 397 1828 453 prae·

173 463 297 521 similiter
312 464 489 530 celebramus,
507 473 533 519 et
549 466 572 519 si
587 481 640 536 qua
664 465 718 520 alia
741 464 850 520 fuerunt
879 474 972 521 vetera
1023 469 1150 539 ponenda
1163 477 1205 523 est
1221 485 1227 522 t
1244 467 1293 523 sed
1301 484 1363 524 cum
1372 468 1562 524 consuetudini
1573 469 1675 525 veritas
1686 468 1829 545 suffraga-

174 562 354 622 sacramenta‚
370 571 430 625 qua>
445 553 551 618 omnia,-
562 562 590 608 ut
605 554 669 620 dixi,
685 555 799 610 ambros
808 558 973 626 tatarorum
1023 564 1075 625 tur,
1092 556 1158 610 nihil
1173 565 1278 627 oportet
1291 555 1396 612 firmius
1410 557 1533 613 retineri.
1549 556 1683 626 Quaedam
1694 558 1828 633 denique,

176 642 232 698 Col.
245 643 286 711 ιι),
312 642 430 714 appellat
460 643 616 712 Apostolus,
639 642 703 714 quia
730 659 763 698 ea
785 641 974 715 significabant
1025 644 1092 699 sicut
1107 645 1134 699 in
1154 644 1258 700 eisdem
1271 645 1393 716 epistolis
1411 645 1446 700 ab
1463 646 1594 718 apostolis
1607 647 1707 702 tradita
1730 647 1830 720 legun-

175 746 225 786 suo
249 739 371 801 tempore
395 731 550 796 revelanda,
568 748 628 802 quae
656 748 706 784 nos
721 731 837 786 revelata
853 731 973 802 percipi·
1025 741 1079 798 tur,
1097 733 1140 788 vel
1156 750 1188 788 ex
1212 733 1319 806 legibus
1337 734 1466 789 Romanis
1487 744 1627 806 assumpta
1642 734 1831 803 inveniuntur,

176 835 246 885 mus,
263 827 291 874 ut
307 828 410 874 remota
434 820 540 885 umbra,
556 820 629 874 nuda
653 835 747 873 eorum
763 820 823 875 luce
840 818 973 875 truamur.
1025 820 1061 876 ita
1097 821 1278 891 plenariorum
1316 821 1493 878 conciliorum
1534 824 1694 880 auctoritate
1724 823 1835 883 tirmata

175 909 243 963 Nam
267 915 293 963 et
308 908 432 962 exuendo
455 916 575 963 retorem
596 908 733 963 hominem
755 907 976 964 circumcidimur
1025 918 1170 966 serrantur
1190 929 1196 965 :
1218 919 1244 965 et
1259 911 1380 982 quaedam
1397 928 1429 967 ex
1445 911 1528 966 bisin
1544 911 1667 969 conciliis
1687 913 1834 973 immutata

175 996 203 1050 in
232 995 427 1066 exspoliatione
453 996 577 1066 corporis
606 997 707 1062 carnis,
722 1005 748 1050 et
763 1013 832 1068 quos
846 997 922 1051 cibos
937 996 975 1050 illi

177 1084 260 1139 vitam
286 1085 312 1138 in
340 1085 495 1155 pecoribus,
521 1102 572 1138 nos
593 1085 707 1139 vitamus
735 1084 761 1138 in
790 1085 910 1139 moribus
927 1128 933 1150 ,
949 1093 976 1140 et

176 1173 342 1229 exhibemus
358 1190 473 1245 corpora
489 1178 586 1228 nostra
603 1174 725 1229 trostiam
739 1174 830 1230 ιιιυιιιιι
845 1178 976 1230 sanctam

176 1262 229 1318 Deo
240 1262 403 1333 placentem
418 1263 506 1329 (Rom.
523 1263 592 1328 xiil,
608 1261 650 1315 cui
668 1268 693 1315 et
709 1261 814 1315 animas
828 1270 935 1316 nostras
949 1260 977 1313 in

176 1348 320 1404 desideriis
331 1348 432 1403 sanctis
446 1365 497 1419 pro
512 1350 644 1422 sanguine
669 1349 851 1422 intelligenter
863 1348 976 1404 effundi-

175 1453 248 1503 muS,
265 1444 291 1493 et
315 1437 413 1491 Christi
430 1437 503 1491 velut
530 1438 594 1510 agni
609 1436 774 1493 immaculati
797 1439 928 1511 sangnine
943 1438 977 1492 ab

1025 997 1143 1053 fuerunt.
1168 1000 1223 1054 Sed
1246 1008 1272 1054 et
1287 1000 1410 1072 quaedam
1426 1000 1460 1054 de
1478 1000 1529 1071 bis,
1548 1012 1609 1072 quae
1632 1000 1660 1055 ia
1675 1001 1833 1074 regionali-

1026 1087 1077 1142 bus
1093 1087 1169 1141 luere
1183 1096 1283 1143 statuta
1298 1088 1431 1153 conciliis,
1452 1088 1636 1160 plenariorum
1650 1090 1835 1148 conciliorum

1026 1175 1184 1232 auctoritate
1201 1176 1348 1242 immutata,
1364 1176 1407 1232 vel
1432 1177 1460 1231 in
1482 1178 1657 1248 postmodum
1677 1178 1835 1254 irrefraga-

1027 1263 1118 1318 biliter
1132 1265 1320 1319 conservanda
1333 1273 1469 1334 tenentur,
1487 1265 1556 1321 siout
1566 1266 1692 1324 catholici
1704 1267 1834 1326 doctores

1027 1360 1053 1407 et
1076 1351 1207 1408 Ecclesia
1239 1353 1364 1426 magistri
1391 1355 1578 1410 demonstrant
1601 1363 1652 1421 ‚et
1673 1355 1779 1427 partim
1802 1373 1834 1413 ex

1028 1456 1128 1496 erorun
1147 1442 1227 1496 dictis
1252 1459 1334 1512 supra
1358 1443 1487 1498 ostendi:
1504 1451 1529 1498 et
1550 1452 1651 1514 praeter
1674 1460 1786 1517 eaquae
1802 1445 1835 1505 de

178 1525 252 1581 omni
280 1525 419 1596 iniquitate
447 1526 611 1580 mundamur
628 1545 633 1579 :
651 1527 696 1598 qui
723 1535 835 1597 propter
850 1526 977 1581 similitu·
1028 1530 1119 1585 verbis
1129 1529 1202 1585 beati
1210 1531 1354 1602 Augustini
1364 1531 1391 1585 iu
1402 1531 1454 1587 hoc
1465 1532 1598 1602 opusculo
1608 1532 1698 1603 posui,
1711 1533 1741 1588 iu
1756 1533 1835 1591 libris

178 1612 270 1668 dinem
285 1613 373 1667 caruis
402 1614 518 1684 peccati,
533 1614 614 1668 etiam
644 1615 757 1685 caprino
776 1631 874 1685 pecore
889 1614 915 1668 in
931 1631 977 1669 re·
1028 1613 1062 1667 de
1075 1611 1214 1682 Baptismo
1228 1613 1292 1668 dicit
1310 1629 1316 1667 :
1333 1613 1450 1684 primurn
1466 1614 1835 1686 quidemostendensditie-

92 1754 95 1761 ,
177 1701 283 1757 teribus
297 1699 437 1756 sacrilioiis
453 1700 594 1773 figuratur,
607 1719 657 1759 neo
673 1720 734 1757 eum
748 1712 830 1776 negat
846 1702 873 1758 in
888 1702 1016 1791 crucisB
1030 1699 1145 1756 rentiam
1165 1717 1226 1756 esse
1248 1701 1319 1757 inter
1341 1702 1488 1773 epistolare
1512 1703 1689 1775 colloquium,
1707 1721 1764 1776 quo
1778 1705 1837 1763 istae

178 1790 308 1846 cornibus
336 1797 451 1855 taurum,
483 1790 570 1861 quiin
598 1791 644 1845 illo
672 1793 813 1865 cognoscit
828 1791 974 1846 niaximam
1033 1788 1155 1861 epistolae
1174 1790 1402 1862 apostolicorum,
1419 1792 1453 1845 de
1478 1791 1577 1862 quibus
1596 1793 1697 1865 agitur,
1720 1792 1836 1851 condita

180 1878 328 1934 victimam.
357 1880 386 1932 lu
414 1877 461 1933 illo
488 1879 610 1950 requiem
639 1897 700 1935 cum
729 1881 889 1947 invenimus,
918 1896 982 1951 vere
1033 1885 1103 1947 sunt,
1120 1885 1146 1930 et
1162 1876 1300 1949 regionale
1317 1894 1348 1933 ac
1370 1878 1520 1949 plenarium
1536 1879 1689 1936 concilium.
1709 1880 1835 1951 «video,

180 1967 389 2034 sabbatizamus,
403 1975 429 2020 et
439 1967 510 2021 lunae
518 1983 595 2022 norae
606 1968 773 2034 observatio,
784 1969 845 2025 ritae
855 1984 933 2024 novae
942 1977 983 2023 est

179 2053 368 2120 sanctificatio,
394 2063 420 2109 et
451 2057 555 2110 Pascha
582 2065 705 2111 nostrum
728 2064 769 2111 est
792 2056 927 2124 Christus,
958 2064 985 2111 et

181 2158 304 2213 azymum
318 2150 441 2197 nostrum
457 2143 599 2198 sinceritas
613 2144 734 2199 veritatis
750 2145 912 2200 termentum
928 2161 983 2199 non

181 2231 286 2285 babens
307 2231 460 2285 vetustatis.
483 2232 518 2284 Et
541 2241 652 2303 propter
667 2234 736 2288 lianc
751 2233 812 2286 vitae
826 2232 982 2300 ueritatem,

181 2320 285 2389 primus
304 2319 407 2373 mensis
435 2319 461 2371 in
485 2319 549 2373 anni
576 2321 716 2375 mansibus
731 2321 907 2376 celebrationi
923 2320 984 2375 huic

179 2406 321 2461 attributus
341 2415 381 2463 est
400 2422 461 2461 nam
487 2407 545 2477 ipse
571 2407 705 2463 dicituret
729 2410 982 2464 mensisnovorum.

181 2494 252 2564 Quia
266 2511 329 2550 vero
342 2495 432 2550 intoto
441 2502 564 2566 tempore
576 2497 668 2553 saectrli
680 2514 751 2554 nunc
761 2497 867 2552 tertium
879 2507 985 2568 tempus

180 2583 984 2655 apparuit‚ideoresurrectioDominitriduanaest.Primum

1033 1966 1119 2038 inquit
1141 1965 1199 2036 (tib.
1217 1982 1246 2019 nr
1262 1967 1295 2022 da
1308 1968 1400 2038 Rape,
1419 1982 1480 2037 cap.
1501 1967 1540 2039 ι),
1567 1968 1633 2040 quid
1655 1968 1779 2024 adhuc-a
1792 1985 1836 2027 me

1033 2055 1119 2126 possit
1133 2054 1232 2125 inquit,
1249 2053 1392 2122 videlicet,
1406 2064 1435 2109 ut
1446 2057 1628 2128 respondeam
1642 2056 1836 2114 verisimilibus

1033 2143 1087 2198 illis
1102 2142 1262 2208 rationibus,
1280 2142 1376 2214 quibus
1392 2144 1512 2199 velante
1528 2144 1707 2216 Agrippinas,
1720 2147 1766 2202 vel
1780 2146 1837 2219 ipse
1861 2206 1866 2212 ,

1035 2233 1196 2304 Cyprianus,
1221 2230 1264 2286 vel
1279 2230 1317 2285 illi
1333 2232 1378 2303 qui
1394 2231 1433 2287 eis
1456 2231 1484 2287 iu
1507 2232 1599 2289 Africa
1627 2243 1836 2301 consenserint,

1034 2321 1078 2375 vel
1093 2321 1115 2375 si
1131 2319 1200 2375 torte
1215 2319 1298 2390 aliqui
1322 2337 1355 2373 cn
1373 2321 1560 2376 transmarinis
1584 2321 1666 2377 terris
1680 2321 1766 2397 longe
1781 2323 1838 2378 dis·

1034 2410 1127 2475 cretis,
1144 2408 1218 2463 nullo
1233 2408 1341 2479 quidem
1364 2409 1421 2464 sire
1436 2408 1559 2480 plenario
1573 2409 1631 2465 sire
1648 2410 1750 2467 saltem
1764 2412 1838 2486 regio

1034 2498 1099 2552 mali
1115 2496 1240 2561 concilio,
1253 2497 1302 2550 sed
1313 2496 1449 2567 epistolari
1461 2497 1607 2570 colloquio,
1619 2500 1752 2557 commoti
1766 2509 1836 2567 sunt,

1035 2594 1064 2640 ut
1078 2586 1130 2641 boo
1140 2601 1202 2640 esse
1218 2583 1372 2639 faciendum
1387 2593 1521 2656 putarent,
1533 2587 1607 2657 quod
1622 2596 1649 2643 et
1669 2588 1838 2645 cousuetudo

180 2673 252 2727 enim
272 2680 378 2742 tempus
393 2682 434 2728 est
456 2682 518 2728 aute
538 2674 648 2747 legem,
665 2676 813 2730 seeundum
846 2675 895 2729 sub
911 2674 983 2747 lege,
1035 2674 1165 2730 Ecclesiae
1179 2673 1294 2745 pristina
1314 2691 1369 2730 uon
1394 2675 1520 2745 habebat,
1536 2684 1673 2748 etpostea
1688 2678 1839 2736 catholicus

180 2761 289 2816 tertium
304 2763 354 2815 sub
372 2763 480 2834 ¹gratia,
493 2763 539 2816 ubi
560 2763 618 2830 jam
634 2763 815 2819 manifestatio
830 2772 872 2818 est
891 2780 985 2819 sacra·
1035 2764 1109 2821 orbis
1125 2772 1260 2818 terrarum
1286 2763 1478 2818 robustissima
1501 2763 1625 2822 firmitate
1647 2767 1839 2824 consensionis

182 2858 265 2912 menti
295 2859 371 2928 prins
393 2858 492 2913 occulti
508 2858 534 2912 in
562 2861 722 2929 prophetico
746 2860 892 2932 aenigmate
911 2879 917 2914 :
934 2861 986 2914 boc
1036 2851 1159 2916 exclusit,
1175 2860 1203 2905 ut
1226 2852 1300 2923 quod
1314 2868 1365 2922 per
1389 2852 1586 2923 disputationes
1600 2854 1738 2923 ejusmodi
1746 2855 1777 2911 in
1791 2856 1841 2914 ali·

183 2961 249 3017 ergo
280 2953 305 2999 et
330 2945 357 2998 in
379 2945 467 2999 lunari
497 2962 609 3001 nuntero
630 2947 809 3019 significatur.
828 2947 898 3015 Quia
914 2948 985 3002 euim
1036 2956 1151 3012 quorum
1165 2947 1270 2994 mentes
1281 2940 1403 3011 irrepere
1427 2950 1555 3012 ooeperat,
1574 2942 1841 3002 desaluteveniens

183 3033 352 3104 septenarius
376 3049 507 3088 numerus
532 3033 600 3088 solet
624 3034 650 3087 in
669 3035 815 3105 Scripturis
838 3037 986 3107 adquam·
1036 3028 1145 3082 unitatis
1169 3028 1304 3099 potentior
1327 3029 1428 3083 veritas
1459 3037 1485 3084 θι
1504 3030 1666 3087 universalis
1701 3033 1841 3090 medicine

182 3121 246 3176 dam
261 3119 457 3192 perlectionem
473 3122 605 3193 mysticus
627 3139 768 3194 apparere,
785 3124 864 3179 tertia
879 3125 986 3179 hebdo-
1038 3125 1157 3172 sanaret·
1173 3138 1183 3166 a
1202 3118 1269 3171 lttm
1288 3115 1470 3173 differentiam
1485 3119 1555 3174 intel
1574 3120 1725 3193 tegimenti
1740 3130 1768 3178 et
1781 3123 1843 3194 ple·

181 3211 264 3265 mado
289 3210 359 3265 lunae
383 3210 488 3265 Pascha
513 3211 686 3277 celebratur,
702 3212 781 3266 idest
803 3212 849 3284 qui
864 3214 923 3267 dies
938 3229 987 3268 ορ.
1038 3205 1112 3259 naria
1123 3205 1235 3260 concilia
1250 3206 1431 3262 Ostendililoc
1441 3206 1523 3262 modo
1540 3224 1546 3263 :
1565 3229 1576 3258 t
1593 3207 1691 3276 Nobis,
1703 3209 1840 3283 inquietis,

183 3298 301 3354 currito
330 3299 555 3370 quartadecima
578 3300 604 3353 iu
637 3301 792 3356 vicesimam
812 3301 937 3372 primam.
954 3303 988 3356 Et
1038 3303 1124 3368 tutum
1154 3301 1194 3349 est
1210 3293 1238 3348 in
1265 3310 1298 3349 ea
1336 3310 1390 3349 110ss
1421 3296 1540 3366 protrahi
1566 3296 1658 3369 alique
1686 3299 1841 3355 temeritate

183 3403 352 3459 (quaecunque
367 3387 421 3442 alia
436 3387 489 3441 illis
499 3389 637 3443 veteribus
645 3390 806 3444 adumbrata
815 3397 877 3444 sunt
890 3390 985 3463 signis,

183 3475 211 3529 in
240 3475 291 3530 isto
319 3476 420 3530 habent
448 3475 540 3541 linem,
556 3480 637 3548 cujas
665 3479 745 3550 repet
773 3481 902 3534 narrarit
921 3480 989 3548 fineis

183 3559 294 3634 taurea
312 3563 351 3634 v).
370 3565 398 3617 ln
414 3563 461 3618 illo
483 3565 583 3636 quippe
606 3566 695 3620 omnia
710 3568 853 3637 oportebat
869 3567 987 3638 impleri,

183 3651 230 3724 qui
244 3651 317 3707 venit
341 3651 431 3724 legem
460 3660 486 3706 et
502 3655 649 3724 prophetas
672 3670 727 3709 non
744 3656 859 3721 solvere,
877 3656 925 3710 sed
939 3656 989 3709 im-

183 3740 267 3811 plere.
280 3739 397 3794 Proinde
414 3740 460 3795 illa
476 3749 569 3795 vetera
585 3742 663 3814 signa
674 3759 764 3796 rerum
782 3760 836 3798 non
849 3743 990 3799 evacuavit

183 3829 324 3899 arguendo
340 3868 347 3893 ,
365 3828 413 3881 sed
450 3828 564 3883 mutauit
586 3829 724 3899 implendo
742 3873 748 3895 ,
766 3840 793 3884 ut
818 3831 870 3885 alia
899 3840 990 3886 essent

184 3932 245 3988 quae
260 3915 416 3970 nuntiarent
431 3916 539 3971 venisse
552 3917 609 3985 jam
626 3918 772 3984 Christum,
786 3935 868 3990 quam
883 3919 990 3974 inerant

184 4002 232 4058 illa
247 4020 307 4076 quae
330 4003 547 4073 praenuntiabant
570 4014 801 4061 asserenturum.
818 4007 949 4063 Similiter
963 4017 990 4062 et

187 4092 214 4146 iu
242 4091 297 4146 illis
326 4092 541 4163 apostolicorum
571 4093 693 4149 uirorum
710 4096 842 4166 epistolis,
867 4097 991 4168 quaedam

184 4181 407 4236 demonstrantur
431 4182 512 4236 etiam
529 4184 601 4253 apud
627 4184 746 4256 gentiles
768 4184 852 4240 tuisse
868 4186 991 4240 antead-

183 4278 294 4326 reatum
318 4270 428 4325 Domini
452 4269 644 4344 significativa,
662 4272 740 4329 sicuti
756 4274 789 4328 de
805 4274 951 4344 provinciis
966 4282 992 4329 et

183 4357 338 4431 privilegiis
379 4358 537 4426 civitatum,
554 4368 580 4415 et
612 4361 774 4431 primatibus
803 4363 943 4418 flaminum
966 4371 992 4417 et

1039 3382 1198 3450 sententiaa,
1217 3400 1277 3455 qum
1298 3383 1372 3438 nullo
1386 3383 1413 3437 in
1430 3384 1563 3441 catholico
1580 3386 1716 3458 regionali
1726 3387 1843 3445 concilio

1039 3480 1136 3542 crepta,
1155 3471 1230 3526 nullo
1253 3472 1375 3542 plenario
1399 3473 1542 3529 terminata
1556 3482 1628 3530 sunt.
1644 3475 1675 3532 td
1688 3484 1783 3533 autem
1797 3493 1843 3535 se-

1039 3577 1133 3616 curum
1150 3568 1192 3615 est
1214 3560 1346 3615 sententia
1362 3561 1437 3615 iocis
1453 3577 1587 3631 asserere,
1605 3563 1679 3636 quod
1695 3565 1724 3621 in
1737 3565 1844 3639 gnber-

1040 3649 1149 3704 natione
1161 3648 1270 3705 Domini
1286 3648 1337 3704 Dei
1351 3650 1437 3704 nostri
1450 3657 1477 3705 et
1495 3650 1646 3706 salvatoris
1659 3652 1728 3709 lesu
1742 3652 1844 3711 Christi

1040 3737 1201 3792 universalis
1226 3737 1357 3792 Ecclesia
1380 3738 1561 3796 consensione
1582 3740 1744 3799 roboratum
1765 3750 1842 3799 est.»

1041 3825 1108 3880 Item
1123 3823 1305 3880 differentiam
1320 3826 1438 3881 ostendit
1448 3827 1519 3882 inter
1533 3827 1707 3886 authenticas
1723 3829 1847 3903 set'ipttt-

1040 3930 1095 3977 ras,
1112 3923 1139 3968 et
1154 3913 1304 3984 regionalia
1320 3923 1347 3968 et
1360 3915 1616 3986 plenariaconcilia.
1637 3915 1742 3988 «Quis,
1757 3918 1851 3995 inquit

1042 4001 1101 4070 Uib·
1114 4017 1134 4056 ιι
1150 4002 1182 4056 dc
1194 4003 1286 4074 Bopt,
1298 4018 1358 4072 cap.
1375 4004 1413 4073 3),
1425 4003 1528 4060 nesciat
1539 4013 1662 4062 sanctam
1672 4005 1845 4080 saraptana

1041 4090 1221 4156 catholicam,
1248 4099 1303 4145 tam
1319 4092 1426 4147 Veteris
1462 4109 1544 4165 quam
1572 4094 1644 4150 Nori
1666 4094 1849 4164 nasamone,

1042 4178 1123 4235 certis
1152 4179 1208 4233 suis
1233 4179 1356 4234 terminis
1379 4179 1530 4247 contineri,
1560 4198 1676 4254 eamque
1718 4184 1845 4243 omnibus

1041 4267 1238 4338 posterioribus
1250 4268 1442 4339 episcoporum
1456 4268 1553 4326 litteris
1568 4270 1605 4326 ita
1619 4272 1757 4344 praeponi,
1772 4280 1804 4330 ut
1815 4272 1845 4331 do

1042 4355 1089 4410 illa
1103 4355 1213 4410 omnino
1235 4356 1352 4411 dubitari
1377 4365 1404 4412 et
1417 4358 1563 4429 disceptari
1585 4374 1640 4416 uon
1655 4361 1745 4431 possit
1759 4370 1843 4420 utmm

184 4445 414 4516 archiflaminum,
435 4465 496 4520 quae
511 4449 545 4503 ad
571 4448 657 4504 instar
672 4449 742 4522 legis
757 4450 892 4517 blosaieae,
909 4444 1027 4524 longai)
1043 4461 1138 4502 verum
1153 4446 1195 4500 vel
1207 4455 1297 4500 utrum
1313 4454 1416 4501 rectum
1431 4446 1475 4513 sit,
1489 4446 1656 4520 quidquidin
1666 4465 1701 4507 ea
1715 4451 1842 4524 seriptum

184 4544 246 4591 ante
266 4536 408 4608 gentilium
432 4536 649 4607 dispositionem,
667 4546 693 4592 et
717 4539 745 4592 in
769 4539 949 4610 legislatione,
962 4548 989 4595 et

185 4624 268 4678 ineis
284 4625 437 4697 quibusque
461 4623 682 4680 distinctionibus
697 4627 847 4693 existentis,
864 4637 990 4700 utsupra

187 4713 308 4778 ostendi,
325 4723 351 4767 et
370 4713 548 4769 indivisione
568 4714 686 4769 tribuum
713 4731 746 4770 ae
771 4716 946 4783 incolatuum,
963 4725 990 4772 et

185 4800 407 4872 privilegiorum,
425 4819 455 4857 ac
471 4803 638 4873 primatuum
666 4803 793 4857 ordinum
818 4805 989 4877 singulorum

187 4886 303 4959 gentiles
318 4889 518 4960 disposuerunt,
536 4901 571 4955 et,
594 4902 622 4946 ut
638 4892 764 4947 Clemens
776 4899 857 4962 atque
872 4893 985 4948 Anacte-

187 4982 232 5029 tus
256 4976 425 5043 ostendunt,
456 4978 608 5050 apostoliea
643 4981 783 5035 traditione
811 4980 838 5034 iu
866 4981 991 5036 Ecclesia

186 5063 323 5134 hodieque
346 5074 487 5121 serrantur
515 5069 541 5120 in
557 5068 691 5125 divisione
722 5070 875 5143 regionum,
897 5078 922 5124 et
938 5086 989 5141 pa-

188 5152 354 5217 rochiarum,
373 5160 398 5206 et
420 5153 570 5224 privilegiis
598 5159 713 5225 sedium,
731 5167 757 5212 et
786 5158 989 5229 episcoporum,

187 5256 219 5295 ao
232 5241 514 5313 metropolitanorum,
532 5253 612 5315 atque
628 5248 784 5316 primatum.
802 5247 870 5317 Quae
882 5257 991 5319 aposto-

187 5327 241 5383 lica
256 5346 319 5384 vera
330 5330 439 5386 traditio
455 5331 537 5386 etiam
567 5333 668 5389 ratione
684 5344 711 5390 et
734 5336 827 5407 prisca
842 5345 991 5392 consuetu·

189 5413 252 5471 diue
275 5416 502 5476 sufficientissime
529 5428 570 5478 est
600 5419 772 5482 confirmata.
789 5425 886 5489 Plane,
904 5426 992 5499 inquit

182 5504 356 5576 ‘Augustinus
367 5505 425 5576 (lib.
439 5525 467 5563 rr
479 5511 513 5566 de
522 5512 598 5582 bapt.
611 5515 710 5569 contro
720 5516 860 5579 donatist,
872 5530 934 5586 cap.
950 5519 990 5586 5,)

1040 4550 1101 4589 esse
1126 4533 1296 4589 constiterit?
1320 4534 1521 4606 Episcoporum
1544 4545 1634 4592 autem
1652 4535 1772 4608 litteras,
1789 4554 1843 4613 que

1039 4631 1101 4694 post
1129 4621 1320 4677 confirmatum
1349 4639 1484 4679 canonem
1508 4624 1552 4680 rel
1579 4625 1689 4698 scripta
1706 4636 1782 4696 sunt,
1806 4634 1845 4690 tel

1041 4711 1206 4775 scribuntur,
1223 4718 1248 4766 et
1263 4727 1313 4781 per
1328 4727 1482 4768 sermonem
1498 4711 1566 4769 torte
1581 4713 1781 4785 sapientiorem
1797 4732 1843 4774 cu·

1037 4798 1150 4869 justitiet
1159 4798 1187 4852 in
1202 4815 1232 4854 ea
1248 4815 1278 4853 re
1292 4799 1438 4870 peritioris,
1455 4809 1481 4856 et
1495 4817 1544 4873 per
1567 4802 1683 4858 aliorum
1699 4805 1844 4878 episcopo·

1040 4904 1137 4959 porum
1155 4887 1310 4960 graviorem
1333 4890 1533 4957 auctoritatem,
1556 4891 1757 4964 doctorumque
1782 4909 1844 4966 pru·

1041 4976 1177 5042 dentiam,
1195 4984 1218 5031 et
1237 4992 1287 5047 per
1310 4977 1426 5033 concilia
1440 4977 1524 5034 licere
1548 4981 1725 5051 reprebendi,
1742 4982 1847 5055 siquid

1042 5064 1069 5118 ia
1085 5066 1125 5119 eis
1136 5063 1205 5120 torte
1220 5066 1356 5120 averitata
1372 5066 1508 5123 deviatum
1523 5077 1565 5123 est
1580 5086 1586 5122 :
1602 5077 1628 5124 et
1641 5068 1702 5140 ipsa
1716 5071 1846 5139 concilia,

1044 5169 1104 5224 quae
1128 5169 1178 5223 par
1202 5154 1324 5227 singulas
1349 5156 1477 5226 regiones
1506 5157 1550 5212 rel
1577 5158 1734 5228 provincias
1764 5158 1849 5232 istaut,

1043 5241 1227 5313 plenariomm
1251 5242 1429 5299 conciliorum
1451 5245 1614 5313 auctoritati,
1641 5263 1703 5318 quaa
1726 5246 1798 5304 liunt
1818 5263 1851 5305 ex

1044 5329 1172 5386 universo
1187 5331 1254 5387 orbe
1269 5332 1433 5400 Christiano,
1450 5334 1508 5390 sine
1530 5334 1592 5390 ultis
1610 5335 1779 5411 ambagibus
1803 5353 1853 5397 oe·

1044 5419 1128 5474 dere:
1147 5419 1263 5493 ipsaque
1290 5420 1411 5493 planaria
1436 5438 1509 5496 saepe
1527 5423 1620 5497 priora
1642 5425 1849 5499 poemata

1044 5516 1194 5583 emendari,
1211 5533 1273 5573 cum
1296 5517 1388 5591 aliquo
1403 5519 1588 5591 experimento
1612 5536 1706 5579 rerum
1721 5522 1849 5596 aperitur
