3826 6098
116 251 167 307 aaa
472 251 593 319 orusc.
622 254 667 310 nr
690 254 800 311 aersr.
829 256 866 311 ru
894 255 1007 311 causa
1030 216 1202 316 amoueri
1233 259 1389 321 ιιιιιιιιιι.
1714 234 1768 325 aaa

118 385 145 430 ut
160 373 333 430 mortiferum
348 375 547 432 adhibendum
567 378 634 433 mihi
646 380 816 451 propinares,
840 380 915 435 scili·
931 379 1043 452 Aquod
1061 384 1201 453 probatur,
1229 386 1277 440 sed
1297 386 1332 440 ab
1359 386 1435 457 ipsis,
1461 389 1533 460 quod
1553 405 1608 444 non
1626 390 1766 462 probatur,

116 473 157 519 cet
172 472 201 518 ut
216 463 418 536 eloquiasacra
432 465 570 537 gratiatui
584 467 768 534 incenderem,
785 469 837 524 nisi
852 467 918 525 mihi
967 470 1141 525 traditoribus
1165 473 1336 543 separastis?
1358 478 1409 543 nn,
1435 485 1464 530 ut
1494 476 1587 533 dicere
1618 494 1765 551 coeperam,

115 552 160 608 ille
175 553 286 607 adesset
300 553 346 624 qui
361 554 388 607 iu
400 569 429 609 se
445 554 618 610 credentibus
634 556 787 626 repromisit
802 557 915 612 dicens:
967 557 1092 626 graviora
1108 569 1169 614 sunt
1190 561 1303 615 crimina
1322 563 1493 632 traditorum,
1514 581 1593 636 quarn
1609 567 1766 626 schismati·

117 643 145 698 st
159 643 342 712 mortiferum
352 643 419 714 quid
433 643 563 712 biberint,
576 660 632 699 non
643 660 687 700 coa
698 646 807 701 nocebit
818 647 914 716 (llere.
967 647 1085 700 corum?
1099 648 1160 702 Non
1169 647 1315 704 afferamus
1327 658 1442 706 stateras
1452 653 1561 708 dolosas
1572 653 1617 708 ubi
1632 655 1767 726 appenda-

115 729 185 799 ιιι).
202 729 274 784 Dum
289 729 442 800 pestiferas,
463 731 550 802 inquit
563 733 657 787 beatus
673 733 833 806 Gregorius,
850 749 916 790 sua·
966 748 1027 787 mus
1043 735 1114 804 quod
1130 736 1265 803 volumus,
1282 745 1308 793 et
1322 740 1460 809 quomodo
1476 740 1610 809 volumus,
1628 758 1677 814 pro
1693 743 1768 800 arbi-

116 818 206 872 aiones
226 817 346 885 audiunt,
364 819 412 874 sed
435 827 526 875 tamen
541 819 576 875 ad
598 821 781 892 operationem
802 837 916 893 pravam
966 820 1015 875 trio
1031 831 1123 877 nostro
1147 823 1279 892 dicentes,
1295 827 1348 881 hoe
1371 842 1466 899 grave,
1489 829 1541 885 hoc
1554 829 1614 885 leve
1637 839 1677 885 est
1693 850 1699 886 :
1716 833 1765 889 sed

117 906 227 961 minime
249 907 455 977 pertrahuntur,
476 907 647 963 mortiterum
662 910 772 980 quidem
787 918 828 964 est
843 910 916 981 quod
965 907 1110 964 afferamus
1133 912 1252 967 divinam
1274 920 1398 970 stateram
1420 914 1454 970 de
1480 916 1628 988 Scripturis
1652 920 1764 993 sanctia,
1793 918 1798 924 ’

116 994 220 1059 bibunt,
236 994 286 1049 sed
300 1009 356 1049 non
365 995 406 1049 eis
420 996 539 1051 nocebit.
559 1017 570 1046 ι
583 998 617 1051 Et
628 995 693 1053 licet
706 1013 750 1052 rna
765 998 837 1053 Deus
852 997 915 1053 hinc
966 1003 1095 1068 tanquam
1110 999 1144 1053 de
1166 1000 1299 1055 thesauris
1318 1002 1477 1069 Dominicis,
1498 1012 1525 1059 et
1538 1005 1566 1060 in
1584 999 1631 1060 illa
1650 1007 1715 1078 quid
1731 1008 1766 1064 ait

116 1082 204 1154 gratia
227 1097 275 1136 sua
298 1082 456 1148 servaverit,
483 1092 512 1137 tu
541 1091 641 1151 tamen,
665 1085 717 1139 nisi
745 1085 913 1156 poeniturum,
966 1085 1078 1155 grauius
1093 1088 1289 1157 appendamus,
1312 1089 1366 1145 imo
1384 1106 1438 1145 non
1459 1092 1655 1163 appendamus,
1679 1096 1765 1153 seda
1846 1138 1857 1155 ,

115 1168 195 1224 studii
218 1169 257 1224 tui
280 1168 340 1224 lues
359 1170 506 1239 judicium.
525 1193 537 1222 ι
556 1172 680 1237 Tardius,
710 1173 797 1244 inquit
818 1173 914 1229 beatus
966 1173 1082 1228 Domino
1098 1191 1219 1245 appensa
1235 1191 1472 1248 recognoscamus.
1492 1181 1624 1252 Tempore
1637 1182 1693 1248 illo,
1710 1198 1765 1256 quo

113 1257 263 1330 Gregorius
298 1259 422 1329 (Pastor.
448 1275 488 1325 ru,
520 1261 631 1316 admon.
675 1261 742 1331 33),
771 1270 915 1332 peccatum
966 1261 1203 1332 DominusOEeod.
1232 1264 1422 1335 xxxrrlpriora
1432 1267 1532 1322 delicta
1542 1271 1695 1326 recentibus
1705 1286 1764 1343 poe-

115 1345 238 1411 solvitur,
254 1346 328 1417 quod
342 1354 369 1401 et
383 1363 432 1418 per
446 1348 589 1404 consilium
605 1348 757 1404 solidatur:
774 1349 826 1404 nisi
842 1349 915 1405 enim
965 1365 1063 1404 narum
1079 1351 1211 1422 exemplis
1226 1354 1348 1408 carenda
1373 1356 1543 1422 monstravit,
1561 1364 1587 1411 et
1601 1357 1704 1414 idolum
1719 1359 1764 1415 la·

115 1448 193 1488 mens
207 1433 366 1490 omnimodo
380 1443 482 1490 aeterua
501 1436 665 1507 despiceret,
685 1436 712 1490 iu
728 1437 808 1507 culpa
823 1453 856 1492 ex
867 1438 914 1507 ju·
965 1437 1096 1493 bricatum
1107 1447 1189 1511 atque
1205 1440 1343 1496 adoratum
1354 1449 1405 1512 est,
1417 1449 1444 1498 et
1455 1444 1629 1514 propheticus
1643 1445 1713 1501 liber
1722 1448 1765 1504 ira

116 1520 185 1575 dicio
202 1534 258 1575 non
272 1522 384 1592 periret.
400 1523 469 1578 llinc
479 1530 520 1579 est
535 1524 608 1596 quod
624 1541 675 1595 per
688 1527 848 1595 prophetam
864 1526 916 1581 Do
965 1525 1040 1598 regis
1062 1528 1257 1597 contemptoris
1281 1529 1408 1584 incensus
1433 1531 1500 1600 (ter.
1517 1534 1632 1602 xxxva),
1649 1541 1675 1589 et
1690 1534 1764 1590 schi-

117 1609 206 1664 minus
224 1623 279 1663 nou
299 1618 354 1664 tam
373 1611 616 1683 praecipitationum
634 1629 728 1683 prava,
745 1629 824 1684 quam
844 1613 914 1669 deli·
965 1628 1024 1668 sma
1038 1615 1366 1680 attentatum‚idololatria
1377 1618 1468 1690 gladio
1485 1619 1578 1690 punita
1593 1628 1644 1686 est,
1660 1621 1766 1678 exustio

115 1709 219 1757 etorum
240 1700 329 1755 studia
349 1700 526 1769 reprehendit
545 1701 638 1755 dicens
656 1718 663 1754 :
680 1702 717 1757 Ne
738 1702 813 1773 torte
834 1718 913 1774 epre—
929 1701 1026 1785 Blibri
1042 1701 1139 1757 bellica
1159 1702 1234 1758 crede
1249 1711 1275 1759 et
1290 1706 1436 1776 peregrina
1458 1706 1622 1778 captivitate,
1646 1709 1766 1766 schisma

116 1788 914 1860 dictarutiqnisindipnctiomeo,etsnceendatur,etnon
967 1788 1042 1843 hiatu
1059 1796 1140 1844 terrae
1157 1789 1270 1861 sepultis
1284 1792 1440 1848 auctoribus
1455 1794 1534 1861 vivis,
1552 1803 1579 1850 et
1593 1798 1699 1852 crateris
1714 1812 1768 1854 ete

116 1880 152 1933 rit
163 1881 213 1950 qai
224 1878 391 1948 exstinguat
405 1880 521 1949 propter
537 1873 681 1932 molitionis
700 1878 858 1935 stadiorum
874 1894 916 1934 oc·
967 1876 1026 1931 lesti
1041 1877 1104 1948 igne
1119 1878 1296 1949 consumptis.
1313 1879 1378 1948 Quis
1390 1881 1446 1948 J'am
1462 1882 1623 1938 dubitaverit
1637 1884 1689 1940 boo
1704 1901 1766 1942 esse

116 1972 242 2023 strenam
255 1967 323 2036 (ier.
340 1963 391 2035 ιν).
402 1963 469 2019 llinc
483 1963 581 2018 iterum
592 1964 676 2019 iratus
691 1965 755 2021 dicit
772 1984 778 2019 :
798 1967 915 2023 l'isitnbo
967 1965 1123 2020 sceleratius
1148 1966 1332 2032 commissum,
1358 1968 1431 2040 quod
1446 1976 1488 2023 est
1506 1971 1616 2041 grauiam
1640 1972 1766 2029 vindiea-

115 2071 200 2127 rapcr
213 2056 356 2125 vesjaeto
370 2055 497 2123 fractum
507 2053 667 2109 studiorum
678 2059 834 2111 vestrorum
845 2055 913 2125 (ier.
966 2053 1041 2107 turn?
1059 2074 1069 2102 ι
1087 2055 1127 2109 De
1143 2069 1175 2109 eo
1196 2054 1268 2125 quod
1283 2055 1310 2108 in
1327 2063 1370 2109 tua
1393 2057 1590 2128 subscriptione
1614 2059 1721 2125 misisti,
1737 2067 1767 2116 ut

115 2146 186 2212 xxa).
203 2141 338 2212 Quoniam
359 2140 444 2212 igitur
458 2155 474 2193 a
490 2140 610 2210 peccatis
626 2140 686 2195 aliis
705 2140 832 2197 differunt
846 2120 914 2213 pec'-
966 2148 1055 2195 tecum
1071 2142 1273 2198 subscribentes
1284 2160 1290 2198 :
1301 2144 1423 2200 Solliciti
1431 2161 1543 2201 servare
1553 2147 1697 2203 unitatem
1705 2149 1766 2221 api-

116 2239 176 2286 cata
190 2246 254 2301 quaa
268 2245 318 2300 per
326 2228 470 2284 consilium
486 2236 683 2299 perpetrantur,
694 2245 750 2284 nou
764 2237 818 2284 tarn
834 2246 915 2301 prava
965 2231 1040 2284 ritus
1055 2232 1087 2284 in
1101 2231 1214 2286 vineato
1233 2233 1321 2302 paria,
1338 2233 1390 2289 hoc
1412 2237 1503 2289 tecum
1524 2250 1593 2305 paea
1616 2237 1765 2307 potiantur

116 2317 185 2375 lacta
208 2316 350 2382 Dominus,
373 2331 455 2388 quarn
480 2316 567 2370 studia
591 2316 731 2387 prauitatis
754 2317 913 2389 insequitur.
965 2317 1060 2386 (Nam.
1089 2317 1160 2388 xvi),
1187 2319 1214 2372 in
1237 2319 1336 2374 eodem
1359 2319 1429 2375 libro
1458 2320 1522 2376 dicit
1544 2322 1579 2376 ad
1610 2322 1765 2380 Donatistae

117 2404 241 2461 Intactis
255 2405 327 2460 enirn
341 2420 414 2474 saepe
429 2401 593 2473 infirmitate,
610 2420 683 2475 saepe
698 2405 876 2477 negligentia,
888 2406 915 2460 in
966 2405 1024 2472 (tib.
1042 2421 1060 2459 ιι
1074 2405 1107 2460 de
1131 2408 1222 2479 bapt,
1240 2422 1301 2477 cap.
1318 2408 1345 2477 6)
1363 2425 1369 2461 :
1389 2430 1399 2456 a
1417 2408 1510 2477 Quare
1533 2424 1589 2464 uon
1610 2410 1764 2466 communi-

116 2494 213 2549 studiis
228 2508 294 2548 vero
308 2486 445 2547 malitiosa
460 2507 568 2561 semper
582 2492 730 2549 intentione
744 2502 882 2563 peccatur.
902 2515 912 2543 a
963 2493 1037 2547 catis
1050 2493 1183 2558 ecclesiis,
1207 2494 1304 2566 quibus
1329 2496 1457 2567 epistolas
1480 2496 1645 2566 apostolicas
1665 2498 1765 2554 missas

117 2583 185 2637 llinc
200 2597 267 2654 ergo
282 2580 412 2648 colligant
432 2580 477 2650 qui
493 2580 520 2634 in
534 2579 615 2651 culpa
631 2596 660 2635 se
675 2580 754 2634 ctiam
775 2597 826 2652 per
846 2597 914 2636 con·
965 2581 1062 2634 tenetis
1077 2589 1103 2634 et
1117 2581 1217 2653 legitis,
1234 2590 1261 2636 et
1276 2584 1425 2638 secundum
1440 2583 1514 2654 ipsas
1529 2599 1578 2639 ros
1593 2585 1685 2641 virere
1700 2586 1766 2642 dici·

117 2669 207 2724 silium
221 2668 316 2742 ligant,
340 2683 395 2739 qua
408 2669 573 2740 quandoque
588 2667 690 2722 ultione
712 2667 826 2723 feriendi
842 2678 913 2736 sunt,
965 2668 999 2721 tis
1010 2669 1024 2722 t
1037 2689 1047 2717 ι
1060 2669 1092 2722 Et
1107 2676 1169 2738 post
1184 2685 1279 2738 pauca,
1295 2687 1356 2740 quae
1366 2670 1454 2726 studio
1468 2672 1606 2727 brevitatis
1622 2681 1763 2742 praetereo,

117 2758 161 2828 qui
175 2771 250 2812 nuuc
273 2770 420 2827 pravorum
439 2771 494 2811 non
515 2756 591 2824 socii,
609 2756 658 2811 sed
679 2756 817 2826 principes
837 2756 913 2812 hunt.
965 2763 991 2809 et
1016 2755 1102 2810 lector
1126 2756 1226 2810 ibidem
1247 2773 1280 2811 ex
1300 2757 1397 2812 ordine
1415 2759 1514 2829 poterit
1534 2759 1657 2815 iuvenire
1675 2777 1681 2814 :
1698 2762 1764 2828 llos,

116 2845 240 2902 Schisma
259 2844 444 2912 nihilominus,
470 2860 524 2914 quo
544 2851 570 2899 te
586 2859 602 2898 a
617 2844 665 2898 tibi
689 2844 843 2899 commissis
868 2861 914 2900 se·
965 2842 1061 2913 inquit,
1086 2858 1181 2897 ornnes
1204 2844 1337 2899 catholica
1353 2845 1441 2899 unitas
1462 2855 1587 2902 materno
1611 2847 1671 2902 sinu
1686 2863 1765 2904 com·

116 2941 273 3004 paraturum
300 2931 469 2997 monstrasti,
492 2931 545 2986 nisi
571 2940 672 2987 tectum
700 2932 913 2999 subscriberent,
965 2930 1100 3001 plectitur,
1118 2931 1232 2986 inuicem
1248 2948 1331 2987 onera
1346 2949 1393 2986 sua
1410 2942 1559 3002 portantes,
1583 2943 1610 2990 et
1624 2935 1764 2992 studentes

117 3037 184 3094 quos
201 3029 292 3077 tecum
314 3019 520 3075 subscribentes
535 3020 654 3086 anobis,
670 3020 762 3092 quiea
783 3037 844 3091 quae
865 3020 913 3074 tibi
965 3034 1077 3073 servare
1100 3019 1229 3074 unitatem
1251 3020 1362 3090 spiritus
1387 3021 1413 3074 in
1434 3020 1541 3077 vinculo
1564 3023 1652 3093 pacis,
1678 3024 1765 3081 donec

112 3109 269 3166 eteoclesiae
291 3108 339 3163 tibi
354 3109 517 3172 commissae,
528 3108 563 3164 de
577 3107 734 3179 evangelica
753 3109 875 3179 veritate,
885 3117 912 3164 et
928 3070 1056 3160 Calteris
1071 3122 1175 3172 eorum,
1192 3107 1215 3161 si
1230 3108 1294 3179 quid
1310 3106 1389 3162 aliter
1402 3109 1555 3179 sapiebant,
1574 3111 1706 3166 Dominus
1717 3127 1764 3168 re-

114 3197 264 3268 apostolica
292 3196 461 3261 auctoritate,
480 3203 562 3267 atque
588 3196 720 3250 canonica
746 3196 912 3253 institutione
965 3194 1076 3248 velaret.
1093 3195 1134 3248 De
1149 3196 1201 3250 hoe
1217 3203 1316 3260 autern,
1334 3196 1406 3266 quod
1422 3196 1499 3266 quasi
1510 3212 1543 3251 ex
1558 3198 1649 3252 verbis
1664 3198 1763 3253 Leonis

115 3285 210 3352 direxi,
235 3299 386 3348 servamus,
407 3283 461 3339 imo
481 3283 516 3337 ab
538 3282 663 3338 Ecclesia
683 3283 826 3350 catholiea,
852 3301 912 3357 quae
963 3281 1127 3350 subjunxisti
1149 3283 1260 3354 (Ephea.
1278 3284 1318 3351 rr)
1335 3300 1341 3336 :
1361 3304 1372 3331 ι
1391 3283 1419 3338 Si
1434 3283 1516 3354 aliqui
1539 3300 1619 3339 secus
1639 3284 1763 3341 nolentes

114 3373 156 3428 illa
176 3379 271 3429 aarum
284 3379 310 3426 et
330 3370 557 3443 irrefragabiliter
573 3387 669 3426 omnes
687 3386 798 3427 serrare
820 3373 909 3427 docet.
963 3366 1022 3422 deri
1038 3369 1104 3423 socii
1120 3370 1200 3438 hujus
1211 3370 1371 3440 disciplinae,
1389 3385 1440 3425 nee
1455 3370 1606 3426 habeantur
1615 3372 1761 3442 participes

114 3463 146 3517 Ut
159 3461 291 3534 quoniam
310 3476 355 3515 me
378 3475 411 3515 ex
429 3460 525 3515 merito
548 3475 610 3515 meo
635 3458 763 3529 despicis,
787 3475 820 3514 ex
839 3460 910 3514 beati
962 3456 1160 3511 communionis
1180 3465 1288 3523 nostra,
1307 3477 1318 3506 ι
1336 3456 1511 3513 conterantur
1531 3459 1611 3514 verba
1633 3467 1679 3514 tua
1702 3475 1764 3515 cum

113 3549 256 3622 Augustini
270 3548 362 3604 verbis
375 3549 409 3603 de
424 3547 570 3618 Scripturas
586 3563 671 3602 sacrae
686 3548 842 3602 auctoritate
858 3549 910 3602 do·
961 3543 1051 3597 verbis
1075 3543 1173 3598 Leonis
1192 3543 1219 3597 in
1243 3543 1360 3614 capitulo
1374 3544 1419 3599 ubi
1438 3545 1497 3601 haec
1518 3545 1591 3613 dicit,
1608 3555 1634 3601 et
1649 3545 1763 3615 junctim

114 3638 199 3693 centis
213 3651 350 3710 agnoscas
358 3651 440 3708 quam
454 3652 538 3706 grave
548 3644 690 3706 paccatum
702 3635 736 3690 sit
745 3635 908 3701 idololatria,
961 3631 1095 3702 legantur,
1113 3631 1181 3687 sicut
1196 3631 1232 3685 ibi
1251 3632 1386 3686 habentur
1399 3633 1497 3705 (epist.
1519 3638 1544 3701 l,
1561 3649 1586 3700 c,
1603 3637 1655 3704 5)ss
1674 3655 1685 3684 ι
1702 3634 1761 3691 lloa

115 3725 186 3797 quod
200 3741 235 3781 ex
249 3724 351 3779 ambitu
365 3723 514 3779 altitudinis
525 3723 668 3779 admisisse
683 3724 793 3793 videris,
809 3731 835 3777 et
846 3723 911 3794 quia
961 3719 1054 3790 itaque
1069 3719 1216 3773 admonitio
1233 3727 1323 3774 nostra
1338 3719 1478 3775 denuntiat
1502 3721 1574 3792 quod
1588 3721 1612 3776 si
1626 3721 1686 3793 quis
1700 3720 1760 3777 lra-

114 3813 225 3886 grarius
239 3812 412 3870 estincensio
426 3810 580 3867 divinorum
593 3812 772 3883 eloquiorum,
787 3811 821 3866 ad
836 3811 910 3883 quod
961 3814 1029 3860 trum
1057 3814 1151 3861 contra
1177 3808 1236 3862 haec
1256 3807 1402 3862 constituta
1430 3808 1523 3863 venire
1553 3809 1709 3875 tentaverit,
1732 3816 1760 3865 et

113 3917 154 3957 rue
169 3907 300 3974 quantum
319 3909 393 3956 exte
412 3899 459 3955 luit
480 3899 632 3964 traduxisti,
649 3907 676 3955 et
695 3900 824 3970 quoniam
843 3916 910 3972 gra·
960 3893 1093 3964 prohibita
1115 3893 1197 3949 luerit
1215 3909 1298 3948 ausus
1321 3894 1472 3965 admittere,
1493 3912 1509 3951 a
1533 3910 1583 3952 suo
1606 3913 1636 3952 se
1654 3896 1762 3954 noverit

115 3989 255 4046 donnum
274 3989 309 4045 sit
330 3996 472 4060 peccatum
491 3988 618 4054 schisma,
640 4003 693 4059 quo
716 3996 743 4043 te
758 4004 774 4043 a
789 3987 910 4044 fraterna
960 3980 1050 4037 officio
1065 3982 1290 4049 submovendum,
1303 3999 1353 4039 nec
1368 3984 1566 4039 communionis
1575 3992 1675 4040 nostrae
1689 3984 1759 4041 lutu-

114 4085 205 4132 nostra
229 4077 404 4133 unanimitate
428 4093 478 4148 par
493 4085 564 4130 tuam
579 4076 761 4147 perniciosam
786 4076 909 4131 subseri.
960 4085 1019 4123 rum
1042 4085 1103 4124 esse
1126 4078 1290 4136 consortem,
1316 4071 1362 4143 qui
1386 4071 1476 4127 socius
1498 4088 1559 4128 esse
1581 4072 1763 4129 noluitdisci·

115 4164 236 4235 michem
254 4166 398 4236 separasti,
414 4165 438 4220 si
452 4166 480 4221 in
493 4179 537 4231 eo,
553 4163 627 4236 quod
649 4164 729 4230 absit,
749 4179 909 4234 permanere
960 4157 1050 4227 plinta.
1066 4158 1107 4212 Ne
1124 4157 1189 4228 quid
1205 4174 1271 4213 vero
1286 4158 1320 4212 sit
1340 4158 1412 4229 quod
1427 4160 1639 4229 praetermissum
1651 4176 1667 4214 a
1681 4159 1761 4216 nobis

113 4251 251 4326 delegeris
266 4269 273 4308 :
289 4260 315 4308 et
331 4252 355 4308 si
368 4252 438 4307 torte
452 4253 495 4307 his
518 4251 715 4322 subscripsisti,
740 4267 800 4322 quae
823 4267 909 4306 evan.
959 4243 1027 4299 forte
1052 4245 1177 4300 credatur
1195 4263 1202 4299 ε
1220 4245 1319 4300 Omnia
1340 4246 1488 4301 decretalia
1514 4248 1671 4315 constituta,
1704 4256 1760 4303 tam

112 4341 209 4415 gelioae
231 4341 338 4397 veritati
366 4349 392 4396 et
413 4341 570 4411 apostolicae
591 4340 740 4396 alletoritati
761 4341 906 4406 contraria,
959 4332 1048 4388 beatae
1062 4333 1263 4387 recordationis
1288 4334 1446 4399 Innocenti,
1467 4350 1548 4405 quam
1571 4335 1690 4389 omnium
1710 4336 1762 4391 de-

107 4438 139 4485 et
151 4429 274 4486 decretis
288 4436 444 4485 sanctorum
459 4428 646 4496 conciliorum,
669 4444 730 4499 quae
748 4428 912 4483 universatis
926 4415 952 4475 D
964 4435 1104 4477 cessomm
1123 4421 1367 4491 nostrorumque
1389 4421 1423 4475 de
1445 4422 1637 4477 ecclesiasticis
1659 4422 1764 4478 ordini-

95 4516 243 4574 ]icalesiae
256 4517 384 4588 probarit
397 4532 537 4581 assensus,
554 4523 581 4570 et
591 4516 748 4586 apostolieae
762 4515 836 4570 sedis
851 4530 915 4571 con.
964 4509 1025 4574 bus,
1041 4516 1067 4563 et
1082 4524 1217 4564 canonum
1243 4509 1413 4580 promulgata
1436 4516 1498 4564 suut
1520 4509 1681 4582 disciplinis,
1698 4510 1735 4565 ita
1749 4525 1765 4565 a

92 4604 228 4661 firmavit
250 4604 406 4670 auctoritas,
430 4603 605 4659 inveniuntur
624 4604 748 4658 adversa,
771 4603 815 4658 ait
839 4603 913 4658 enim
964 4603 1053 4650 restra
1068 4596 1214 4652 dilectione
1235 4597 1367 4652 custodiri
1386 4598 1487 4654 debere
1502 4598 1674 4661 mandamus,
1699 4605 1728 4652 ut
1741 4595 1766 4653 si

74 4688 183 4749 fldem
197 4694 295 4748 Beatus
311 4692 480 4765 Augustinus
493 4692 609 4763 loquens
624 4691 658 4746 ad
674 4691 839 4755 Donatistas,
857 4691 912 4747 irno
964 4684 1024 4756 quis
1040 4683 1067 4737 111
1083 4684 1128 4737 1113
1143 4684 1318 4753 101111111811111
1343 4686 1448 4741 leniam
1464 4685 1516 4739 51111
1531 4684 1663 4754 deinceps
1677 4700 1765 4741 ⁰0V0·

91 4787 206 4836 ‹tontra
227 4779 384 4836 Donatistae
403 4779 590 4836 schismaticos
610 4794 661 4850 per
675 4779 764 4835 carnis
787 4796 912 4851 praesan·
962 4772 996 4826 111
1021 4772 1160 4843 denegati·
1189 4793 1200 4823 1
1227 4774 1291 4829 11191
1315 4773 1521 4844 1511111111113
1552 4771 1661 4843 1111111111
1692 4771 1764 4828 hessi

90 4868 188 4933 tiam,
209 4867 280 4923 sicut
297 4867 345 4922 tibi
359 4882 432 4923 nunc
454 4866 528 4939 loqui
548 4867 668 4923 creditur
688 4883 738 4938 per
760 4867 912 4923 litterarum
962 4861 1070 4915 Leonis.
1100 4862 1258 4916 lsslssettsstlr
1292 4876 1369 4932 (1180,
1400 4860 1424 4914 Si
1451 4859 1593 4931 (1151111111
1632 4861 1764 4918 discen&

89 4970 223 5011 suanam
246 4955 409 5021 doctrinam,
435 4962 461 5011 et
482 4971 544 5027 quae
568 4955 636 5011 mori
662 4971 799 5027 nunquam
827 4956 913 5027 potuit
963 4949 1016 5004 tuis
1040 4964 1056 5003 a
1078 4956 1104 5003 te
1126 4949 1274 5019 proposita,
1299 4945 1459 5017 disciplina,
1490 4964 1569 5019 quam
1596 4948 1763 5020 sequendam

94 5043 297 5099 charitatem:
314 5042 387 5098 velut
400 5043 460 5114 ipse
484 5043 518 5098 de
539 5043 673 5114 Cypriane
697 5044 762 5099 dicit
779 5045 839 5113 (tib.
852 5044 912 5099 vde
963 5037 1017 5091 Leo
1033 5036 1133 5100 docuit,
1146 5052 1223 5106 equa
1234 5044 1308 5090 sorte
1319 5033 1472 5100 conveniat,
1484 5043 1530 5090 aut
1545 5036 1569 5090 si
1579 5045 1624 5091 tua
1640 5035 1763 5092 doctrina

90 5130 333 5205 Bapt,‚c,17):
352 5153 364 5178 α
382 5131 725 5202 Praesensest‚inquiens‚
749 5147 804 5186 non
824 5132 912 5187 solum
962 5124 997 5178 ab
1019 5124 1092 5178 illius
1115 5123 1234 5179 doctrina
1266 5122 1414 5188 discordet,
1440 5131 1466 5178 el
1485 5123 1589 5192 judicet
1608 5123 1707 5179 coelum
1731 5137 1765 5179 ae

102 5231 161 5287 per
175 5218 281 5274 litteras
300 5233 375 5284 suas,
399 5219 545 5274 sedetiam
564 5235 614 5289 per
627 5218 725 5290 ipsam,
747 5236 807 5290 quae
822 5219 850 5272 in
865 5218 912 5273 illo
962 5219 1033 5266 terra
1056 5228 1116 5282 quae
1139 5211 1229 5281 potius
1253 5210 1288 5264 sit
1307 5211 1458 5282 sequenda,
1485 5220 1529 5266 tua
1548 5210 1701 5282 disciplina,
1726 5226 1764 5267 an

104 5306 231 5361 maxime
245 5306 367 5378 riguitat
381 5307 452 5362 mori
462 5321 600 5378 nunquam
609 5307 705 5377 potuit,
722 5307 909 5362 charitatem,
962 5298 1061 5353 leonis
1076 5299 1208 5354 doctrina.
1225 5300 1259 5353 Et
1269 5299 1411 5354 cumidem
1423 5300 1478 5354 Leo
1491 5299 1561 5354 dicat
1573 5316 1580 5353 ι
1594 5319 1605 5348 ι
1617 5299 1675 5355 Neo
1689 5314 1764 5356 com·

109 5393 612 5467 Quiquepecumpraefgqnlloquens
629 5395 718 5466 (rapu
735 5395 768 5449 de
783 5395 910 5466 papt‚‚0‚
963 5386 1101 5441 munionis
1124 5394 1224 5442 nostrae
1249 5402 1310 5442 esse
1334 5394 1499 5455 consortem,
1522 5387 1569 5458 qui
1589 5387 1681 5443 socius
1703 5404 1766 5447 asae

115 5484 141 5552 1)
156 5500 164 5541 :
181 5481 309 5553 «Quare,
326 5483 423 5558 inquit,
440 5497 500 5550 vos,
517 5498 572 5540 non
586 5483 648 5540 dico
662 5481 697 5537 ab
711 5482 912 5550 innocentibus,
967 5483 1053 5541 noluit
1067 5483 1228 5555 discipline,
1244 5484 1475 5542 »discernendum
1485 5491 1536 5555 est,
1552 5484 1630 5554 cujus
1644 5502 1767 5544 commu·
