3794 6104
119 185 170 239 699
751 181 900 240 toxNle
925 181 1025 279 l‘APAE
1048 185 1118 242 vill.
1713 191 1761 246 tot

117 305 378 362 christianissimum
392 307 536 378 conjugem
550 315 670 363 vestrum
684 322 794 376 semper
817 306 949 379 lugu-A
963 308 1071 379 quando
1080 315 1177 365 contra
1194 310 1338 380 imperium
1351 318 1474 367 vestrum
1494 311 1693 383 perhibebatur
1703 329 1761 368 sen·

119 401 190 448 stum
213 394 330 451 diversis
351 412 401 466 pro
424 395 633 450 necessitatibus
664 396 721 451 sive
741 395 839 450 missos
857 395 914 450 sive
966 395 1026 450 tire.
1051 396 1134 467 Ergo,
1161 397 1370 455 clementissime
1392 398 1548 470 imperator,
1570 400 1637 471 quia
1664 401 1699 455 ab
1721 402 1761 456 in·

119 481 211 552 apices
226 481 365 550 mittimus,
382 498 415 539 ex
428 483 732 551 bociamobsecremus
748 490 772 537 et
787 482 913 553 petimus,
966 482 1050 538 fantis
1065 486 1150 541 crevit
1160 486 1299 542 vobiscum
1314 487 1463 554 miseratio,
1480 487 1596 559 recipite
1612 488 1689 543 illum
1707 498 1760 544 tan·

118 585 168 624 vos
183 577 269 625 estote
284 586 335 641 pro
350 570 430 625 nobis
449 570 557 635 ostium,
582 570 676 641 lingua
691 579 718 625 et
731 585 827 624 manus
840 586 846 624 ε
860 569 915 624 imo
966 587 1046 643 quam
1067 574 1100 626 ab
1122 573 1182 644 ipsa
1204 574 1277 629 beati
1300 574 1373 630 Petri
1398 576 1515 645 apostoli
1540 576 1654 647 patroni
1686 578 1760 632 vestri

118 663 205 711 totum
219 673 269 728 pro
283 656 362 712 nobis
377 658 445 726 sitis,
461 658 632 713 advocatoris
648 657 793 731 fungentes
808 656 913 722 officiis,
966 657 1148 725 confessione,
1166 669 1192 716 et
1211 677 1292 732 super
1307 677 1339 717 eo
1354 662 1510 718 mercedem
1528 663 1634 719 habere
1653 672 1759 720 conteu-

116 746 248 800 etomuia
263 745 406 814 pronubis
422 746 584 799 inomnibus
606 745 697 801 facite.
727 746 767 800 lta
782 753 810 799 ut
835 744 916 800 amici
966 747 1031 815 dite,
1049 763 1103 802 non
1124 748 1289 818 imputantes
1312 750 1337 804 ei
1356 750 1430 820 quod
1453 750 1622 806 novissimus
1638 751 1760 807 venerit:

119 832 227 903 quidem
243 839 271 887 et
284 831 379 887 fideles
403 833 532 888 Ecclesiae
547 833 626 902 hujus
640 848 691 903 per
707 849 755 888 vos
771 831 843 902 apud
855 832 914 902 api·
967 834 1031 904 quia
1045 843 1072 889 et
1081 833 1168 890 bonus
1183 836 1229 892 ille
1243 836 1435 906 paterfamilias
1449 838 1595 908 operarios
1615 838 1761 896 undecima

118 934 178 974 cem
193 920 424 984 vestrumlocum,
441 920 512 990 apud
527 935 575 975 vos
599 920 742 976 inveniant
756 920 857 974 aditum
891 927 917 974 et
966 922 1041 977 borae
1059 938 1140 993 pares
1160 923 1258 979 fecisse
1279 923 1439 980 describitur
1455 925 1497 980 his
1523 925 1571 998 qui
1596 927 1681 981 tertia
1704 927 1762 983 bora

119 1004 226 1062 salubre
249 1007 278 1061 in
301 1008 490 1064 necessatibus
508 1009 565 1063 suis
581 1009 691 1063 omnino
715 1007 865 1062 remedium
882 1023 916 1062 :e
966 1010 1261 1084 venere(liattlr.1x).
1283 1012 1378 1067 Sedet
1398 1027 1447 1068 vos
1469 1028 1526 1068 non
1544 1013 1640 1068 minus
1659 1013 1762 1085 diligitis

123 1101 218 1150 contra
232 1111 307 1166 vero,
323 1096 425 1151 inimici
439 1104 466 1151 et
476 1093 599 1151 infideles
616 1112 666 1167 per
682 1111 730 1151 vos
744 1094 917 1151 confundan-
966 1096 1079 1151 militem
1101 1097 1147 1168 qui
1169 1114 1266 1169 promo
1289 1099 1399 1171 quidem
1423 1100 1451 1155 in
1478 1100 1551 1157 bello
1587 1109 1666 1172 terga
1687 1101 1762 1170 dedit,

120 1189 164 1236 tur
174 1190 199 1238 et
215 1183 393 1238 excludantur
408 1201 414 1239 :
430 1183 492 1254 quia
508 1191 534 1238 et
550 1199 600 1238 nos
613 1199 663 1254 pro
682 1183 759 1239 vobis
772 1182 844 1254 apud
859 1198 917 1237 om·
967 1191 1062 1255 postea
1083 1185 1193 1240 rediens
1217 1187 1313 1256 premit
1340 1186 1446 1242 fortiter
1463 1189 1583 1258 hostem,
1610 1203 1697 1260 quam
1710 1205 1763 1245 eum

119 1286 170 1325 nes
184 1278 211 1326 et
221 1271 248 1326 in
263 1271 390 1327 omnibus
404 1271 515 1336 erimus,
528 1278 554 1326 et
563 1271 701 1342 praecipue
723 1271 794 1340 apud
814 1269 916 1325 beatis·
967 1273 1013 1344 qui
1027 1289 1165 1344 nunquam
1180 1281 1259 1346 terga
1274 1274 1357 1342 dedit,
1380 1283 1406 1330 et
1429 1291 1570 1347 nunquam
1592 1276 1700 1348 aliquid
1718 1276 1765 1333 for·

119 1358 204 1414 simos
224 1359 411 1430 apostolorum
442 1358 581 1430 principes
614 1360 723 1413 Petrum
754 1366 780 1414 et
803 1357 916 1412 Paulum
967 1359 1030 1415 titer
1044 1361 1139 1433 gessit.
1157 1361 1212 1418 Sed
1227 1362 1291 1433 quid
1306 1362 1412 1418 multa?
1430 1379 1493 1419 cnm
1507 1379 1573 1420 ecce
1587 1379 1642 1420 nos
1658 1365 1684 1420 ei
1702 1365 1764 1436 apud

118 1453 256 1501 amatores
271 1453 298 1501 et
312 1452 480 1516 protectores
496 1454 611 1512 vestros,
627 1446 663 1499 ita
683 1453 712 1500 ut
725 1453 840 1516 patemo
868 1460 917 1501 vos
967 1448 1040 1518 pium
1054 1448 1199 1519 imperium
1214 1458 1344 1520 vestrum,
1361 1449 1400 1505 iili
1423 1451 1597 1519 chamssime,
1622 1450 1708 1508 fidem
1726 1453 1764 1508 di·

119 1531 217 1589 affectu
232 1547 342 1602 semper
355 1532 449 1588 fovere
464 1533 612 1602 studentes,
628 1541 654 1588 et
669 1540 796 1604 tanquam
810 1531 918 1603 spirita·
968 1535 1055 1590 cimus
1068 1536 1141 1592 Ecce
1156 1552 1207 1593 nos
1230 1554 1280 1608 pro
1294 1538 1341 1593 illo
1359 1538 1458 1594 vadem
1482 1537 1627 1595 offerimus
1643 1560 1653 1596 :
1671 1547 1764 1596 tantum

121 1619 176 1674 lem
189 1619 271 1674 liliam
287 1619 439 1675 dilectionis
461 1629 561 1676 nostrae
585 1621 689 1675 sinibus
706 1620 868 1676 collocatam
890 1618 918 1674 in
933 1621 1010 1707 Bsic
1018 1630 1082 1695 agat
1089 1639 1154 1696 erga
1162 1641 1224 1680 eum
1234 1625 1446 1681 clementissima
1457 1634 1484 1681 et
1506 1627 1698 1683 seremissima
1710 1628 1763 1699 pie·

121 1707 229 1764 Christo
244 1716 362 1764 tractare
371 1723 404 1764 ac
415 1716 509 1780 tegere
519 1715 651 1779 perpetuo
669 1715 835 1781 satagentes,
846 1708 919 1779 apud
971 1720 1013 1766 tas
1028 1719 1129 1778 vestra,
1146 1718 1176 1766 ut
1190 1712 1236 1766 alii
1252 1713 1302 1767 sub
1327 1720 1438 1785 tegmen
1452 1713 1641 1771 miserationis
1664 1724 1762 1783 restra,

122 1810 170 1850 eos
193 1795 386 1851 commendare
410 1795 529 1851 assiduis
551 1796 679 1866 precibus
699 1794 867 1863 studeamus,
895 1802 922 1851 et
971 1799 1023 1854 hoc
1047 1806 1198 1870 comperto,
1219 1800 1336 1856 alacrius
1351 1801 1498 1867 confluant,
1514 1809 1542 1856 ει
1556 1818 1610 1874 per
1633 1802 1763 1859 interven·

120 1882 204 1938 vestri
226 1883 389 1939 memoriam
408 1883 442 1937 ad
468 1891 641 1939 sacrosancta
659 1898 772 1955 corpora
797 1883 922 1955 ipsorum
970 1885 1069 1941 tionem
1098 1895 1220 1943 nostram
1245 1888 1322 1959 quasi
1344 1905 1395 1960 per
1419 1889 1589 1945 immobilem
1610 1890 1763 1960 pontemad

122 1985 232 2041 semper
246 1969 383 2042 deponere
396 1979 565 2043 satagamus.
580 1971 715 2028 Laetamus
729 1979 818 2026 autem
833 1979 860 2027 et
874 1972 921 2041 jo·
970 1989 1018 2030 vos
1048 1975 1171 2030 certatim
1197 1975 1339 2030 transitum
1368 1975 1476 2033 faciant.
1502 1976 1647 2048 Siquidem
1676 1977 1762 2034 bicin

122 2058 275 2114 condemur
291 2058 318 2112 in
333 2059 459 2125 Domino,
475 2060 539 2131 quia
556 2059 663 2115 beatam
687 2075 736 2115 vos
759 2068 785 2115 et
812 2059 921 2114 felicem
970 2062 1080 2134 signum
1103 2071 1145 2117 εει
1167 2062 1202 2119 ad
1225 2064 1375 2134 apostolice
1389 2072 1458 2120 tecta
1479 2064 1622 2136 quoddam
1644 2065 1759 2136 positas;

122 2145 213 2202 dicent
232 2161 328 2202 omnes
350 2147 541 2220 generationes
558 2147 640 2219 ;quia
671 2146 717 2218 pio
736 2147 921 2203 committente
969 2157 1082 2205 cunctos
1104 2150 1138 2204 ad
1153 2166 1202 2206 vos
1218 2151 1371 2222 terrigenas
1386 2159 1432 2206 aut
1445 2152 1516 2207 bene
1532 2152 1684 2223 dispositus
1699 2153 1760 2209 inti·

124 2235 308 2306 conjugatam
332 2233 502 2289 salutiferum
523 2234 704 2290 ministerium
725 2235 919 2304 assumpsistis,
970 2236 1047 2303 tabit,
1063 2245 1109 2292 aut
1122 2254 1138 2292 a
1153 2238 1230 2294 vobis
1241 2239 1313 2294 male
1329 2246 1461 2296 tractatus
1476 2239 1598 2296 terrebit.
1617 2240 1690 2296 Nam
1714 2240 1759 2296 dif-

124 2336 175 2393 per
190 2320 263 2394 quod
289 2321 393 2378 scilicet
416 2330 443 2377 ei
475 2322 504 2377 in
525 2322 654 2394 pfaesenei
689 2322 789 2378 saeculo
819 2336 921 2377 nomen
970 2313 1040 2370 sicile
1055 2333 1116 2373 esse
1136 2318 1271 2373 credimus
1295 2319 1367 2390 apud
1394 2318 1522 2390 pietatem
1546 2327 1669 2374 vestram
1679 2335 1759 2392 qnem-

125 2409 238 2476 bcnnm,
258 2408 332 2480 quod
366 2417 512 2481 estsuper
537 2410 645 2465 divitias
671 2411 779 2480 multas,
814 2418 841 2465 et
870 2425 923 2467 coe·
971 2429 1052 2486 quam
1062 2429 1112 2485 per
1126 2414 1194 2469 alios
1209 2415 1341 2480 obtinere,
1359 2415 1434 2487 quod
1453 2431 1504 2486 per
1531 2415 1645 2471 Petrum
1666 2416 1757 2472 etlan-

122 2497 192 2552 leste
221 2496 369 2568 acquiretis
397 2496 467 2553 inter
494 2498 607 2571 angelos
642 2506 669 2554 et
691 2512 746 2553 non
774 2496 921 2553 smiendum
969 2501 1027 2557 lum
1051 2503 1236 2572 apostolorum
1260 2502 1365 2559 eximos
1391 2518 1445 2559 non
1473 2503 1576 2574 poterit
1616 2504 1756 2577 impetrare.

121 2583 277 2656 imperium.
304 2583 373 2640 Data
405 2599 455 2639 avr
486 2585 621 2641 Kalendas
659 2584 817 2640 Decembris
852 2584 922 2639 indi·
972 2590 1088 2646 natant
1102 2607 1199 2661 supra.

123 2672 220 2730 ctione.
238 2687 268 2728 x.
1313 2696 1422 2753 xmp,

468 2762 563 2817 XLVI·
1024 2798 1061 2837 in
1074 2798 1253 2840 insanimus
1267 2799 1423 2840 ariseonuu
1437 2798 1723 2841 auausronurcansaa.

262 2865 299 2905 xo
311 2864 439 2907 exaoauu
452 2864 562 2904 eauvuu
577 2863 782 2905 ruenaaronsx.
1281 2875 1373 2944 (Anno
1387 2875 1462 2942 875.)

434 2940 524 3008 (Anno
535 2936 610 3007 876.)

931 2992 956 3057 G
975 2965 1076 3023 Villam
1087 2962 1262 3018 Tilicnocum
1272 2962 1318 3017 illi
1326 2961 1536 3017 restituendam
1545 2960 1754 3026 dccemit,cete·

162 3025 512 3098 CommendotWiqbodum
521 3025 883 3096 Parmensemepiscopcm·
1006 3031 1753 3106 rosqaepcssessicnesAugustodanemissediscoaptr·

157 3123 284 3177 Joaunas
298 3121 443 3193 episcopus
456 3122 568 3178 Canobo
586 3120 752 3191 imperatori.
1006 3108 1077 3159 mat·

159 3209 231 3279 Quia
243 3209 452 3266 desiderandam
467 3209 557 3275 nobis,
574 3217 600 3264 et
622 3209 684 3263 totis
699 3208 836 3265 viseerum
856 3207 921 3273 bra·
1005 3210 1132 3263 loannes
1145 3207 1300 3278 episcopus,
1313 3220 1411 3262 servus
1421 3221 1567 3262 servorum
1577 3205 1640 3274 Dei,
1649 3220 1752 3262 reveren·

123 3297 191 3354 chiis
204 3297 422 3370 amplectendam
437 3297 611 3354 dilectionem
632 3304 750 3351 vestram
769 3295 836 3351 nihil
851 3296 921 3366 pati-
970 3296 1076 3352 tissime
1100 3304 1127 3352 et
1149 3295 1323 3351 sanctissimo
1347 3295 1751 3366 Anmoaarosanctaedugnsto

123 3403 185 3442 mur
206 3387 333 3460 ignorare
368 3402 460 3442 eornm
482 3399 564 3457 quam
591 3384 707 3439 maxime
729 3400 789 3456 quae
812 3383 847 3438 ad
870 3398 921 3440 cu·
971 3385 1101 3441 dunensis
1116 3382 1247 3440 Ecclesia
1262 3383 1391 3455 episcopo
1407 3397 1440 3440 ac
1453 3397 1505 3454 per
1519 3390 1546 3440 te
1561 3382 1591 3439 in
1607 3382 1700 3439 eadem
1717 3382 1752 3438 Ec·

123 3472 228 3530 mulum
244 3474 338 3546 gloriae
346 3474 444 3530 *uestri
469 3479 619 3529 noscuntur
636 3471 762 3529 culminis
772 3471 920 3542 pertinere,
971 3472 1056 3530 alesia
1066 3473 1093 3526 in
1108 3479 1280 3543 perpetuum.

125 3578 218 3632 operae
241 3563 359 3633 pretium
391 3561 518 3617 duximus
547 3561 720 3616 innotescere
751 3559 922 3633 Wigbodum
1006 3559 1111 3617 Divinae
1125 3558 1318 3631 preceptionis
1342 3565 1455 3614 monent
1473 3565 1589 3616 cunctos
1614 3558 1716 3631 eloquia
1732 3561 1752 3611 ιι

121 3650 308 3706 venerabilem
319 3650 450 3706 Ecclesia
466 3649 621 3704 Parmensis
637 3648 783 3704 antistitem
810 3649 922 3718 aposto-
971 3647 1323 3723 quotiesresalienacontra
1337 3645 1452 3702 rationis
1462 3645 1589 3702 ordinem
1602 3661 1621 3703 a
1635 3658 1751 3719 ,quoquam

123 3737 209 3794 lorum
231 3738 332 3794 adiisse
355 3738 438 3793 limen
458 3744 485 3791 et
505 3737 610 3803 sedem,
629 3744 684 3790 tam
706 3735 834 3792 orationis
859 3743 922 3792 voto
971 3736 1113 3801 detinetur,
1130 3735 1258 3806 aequitate
1272 3734 1370 3790 debeat
1384 3733 1543 3790 imminente
1558 3735 1674 3791 restitui.
1695 3734 1751 3790 Con·

124 3842 204 3898 quam
218 3826 388 3881 invenienda
403 3840 451 3894 per
465 3840 516 3878 nos
530 3831 628 3879 vestra
642 3823 736 3896 gloriae
759 3822 896 3878 desiderio
912 3841 919 3888 ;
971 3830 1022 3878 stat
1036 3822 1170 3894 siquidem
1185 3822 1277 3878 villam
1292 3822 1416 3894 quaedam
1429 3821 1601 3878 Tilionacum
1624 3820 1749 3895 proprieta-

124 3914 199 3982 cujus
220 3913 319 3967 mentis
342 3927 445 3968 arcana
476 3910 600 3965 subtilius
630 3910 834 3983 investigantes,
871 3925 921 3964 nos
970 3910 1005 3965 tis
1016 3911 1079 3979 jure
1093 3910 1181 3966 sancti
1195 3909 1279 3965 fuisse
1299 3911 1437 3981 quondam
1458 3909 1624 3982 Leodegarii
1639 3912 1750 3981 Auguste

124 4001 204 4071 plane
218 3999 329 4055 minime
342 3998 455 4054 latuisse
468 3998 585 4054 fatemur
595 3998 667 4068 quod
682 4006 707 4053 et
721 4013 793 4053 nunc
806 3998 921 4053 sincera
971 3997 1100 4054 dunensis
1114 3997 1245 4069 episcopi,
1263 4004 1290 4053 et
1303 3997 1338 4052 ab
1352 4012 1385 4053 ec
1401 4005 1495 4053 sancto
1503 3996 1635 4053 collatam
1643 3994 1746 4055 Nauna

125 4086 189 4141 fidei
204 4102 271 4159 erga
280 4087 355 4158 pium
370 4086 515 4156 imperium
530 4094 650 4142 vestrum
674 4085 805 4141 habenda
824 4093 920 4141 tenea·
970 4086 1046 4154 cujus
1062 4085 1195 4142 vocabulo
1206 4085 1266 4156 ipse
1278 4085 1429 4141 bonoratur
1437 4084 1624 4157 episcopatus.
1636 4085 1696 4140 Post
1702 4093 1746 4140 tero

126 4173 277 4231 turaffectu
294 4194 301 4241 ;
317 4182 344 4231 et
366 4174 419 4231 hoe
439 4175 497 4244 jam
511 4173 576 4229 olim
601 4174 696 4243 procul
718 4173 801 4229 dubio
830 4189 919 4229 rerum
970 4188 1033 4230 cum
1048 4190 1064 4229 a
1077 4174 1170 4245 pravis
1188 4172 1345 4228 hominibus
1368 4172 1451 4244 longo
1474 4180 1600 4244 tempore
1620 4172 1746 4229 fuissetre·

126 4261 268 4320 effectibus
281 4263 504 4328 demonstrasset,
515 4262 568 4316 nisi
593 4261 645 4316 sibi
660 4269 760 4318 esseta
783 4261 835 4333 pise
857 4277 917 4317 me·
972 4270 1047 4320 tenta
1060 4269 1087 4318 et
1102 4261 1181 4332 quasi
1194 4261 1222 4316 in
1234 4261 1427 4332 proprietatem
1446 4275 1542 4316 eorum
1562 4261 1680 4329 redacta,
1694 4255 1745 4314 dilc-

124 4351 219 4408 moriae
240 4352 332 4423 priore
351 4351 475 4423 principe
495 4365 578 4408 causa
600 4350 661 4406 talis
685 4352 813 4419 injuncta,
839 4338 1112 4421 quachtusiilius
1127 4356 1220 4405 noster
1234 4347 1347 4404 Carolus
1368 4347 1598 4404 clementissimus
1614 4348 1742 4420 imperator.

126 4440 185 4496 sine
199 4440 241 4496 sui
255 4440 411 4497 discremini
425 4440 626 4511 floccipendere
648 4439 826 4511 nequivisset.
844 4438 921 4493 Unde
973 4454 1055 4510 super
1064 4439 1116 4493 hoc
1131 4436 1232 4492 subtilli
1247 4435 1447 4492 examinatione
1459 4435 1560 4500 habita,
1578 4449 1641 4491 cum
1654 4448 1706 4490 ειιι
1720 4425 1744 4484 td

126 4543 266 4601 rogamus,
298 4529 361 4585 data
385 4529 475 4594 venia,
494 4528 623 4598 suscipite
646 4543 718 4583 nnnc
732 4526 848 4581 illumut
861 4541 922 4581 mea
974 4527 1032 4595 ejus
1053 4525 1184 4582 Ecclesia
1202 4523 1457 4595 Augustodunensis
1469 4522 1635 4593 pertinuisse
1651 4519 1744 4593 legitime

126 4616 242 4685 viscera,
259 4617 323 4688 quia
338 4623 364 4671 et
379 4615 402 4670 si
418 4615 488 4671 forte
498 4615 721 4687 quondamvobis
736 4623 794 4670 erat
809 4613 921 4681 inutilis,
974 4614 1158 4687 cognovisset,
1178 4620 1205 4667 et
1218 4627 1375 4683 possessam
1407 4611 1495 4682 primo
1517 4610 1552 4667 ab
1566 4626 1611 4679 ea,
1634 4618 1660 4666 et
1674 4612 1745 4680 postet

126 4720 198 4761 nunc
227 4712 315 4760 antem
335 4704 412 4759 vobis
435 4712 462 4759 et
486 4703 566 4759 nobis
587 4703 661 4757 utilis
678 4721 684 4756 :
701 4702 824 4774 quamvis
850 4700 922 4756 forte
974 4717 1118 4773 pervasam
1135 4717 1150 4754 a
1171 4700 1298 4756 violentis
1314 4699 1470 4755 bominibus
1498 4699 1604 4771 liquido
1622 4696 1743 4754 didicisti

126 4809 181 4849 non
200 4793 234 4847 sit
247 4792 380 4848 dicendus
397 4791 508 4857 inutilis,
525 4790 572 4863 qni
586 4789 668 4845 fidem
683 4798 746 4845 ante
761 4789 925 4860 promissam
976 4791 1046 4845 hanc
1060 4795 1199 4859 praecepto
1214 4803 1271 4843 suae
1282 4785 1452 4843 auctoritatis
1466 4786 1519 4857 ipsi
1535 4777 1745 4859 episeopinreddi

128 4879 294 4946 custodiens,
316 4880 404 4936 simile
432 4880 505 4937 circa
531 4895 580 4935 vos
600 4878 742 4934 servandae
767 4875 831 4931 fidei
852 4876 927 4931 dedit
975 4877 1049 4931 ditet
1068 4876 1101 4931 ab
1117 4875 1202 4946 ipsius
1217 4874 1348 4930 Ecclesia
1364 4874 1409 4943 Jus
1433 4874 1583 4943 revocavit,
1614 4874 1656 4930 cui
1679 4868 1749 4929 scilice

125 4967 265 5035 indicium,
284 4968 437 5039 praesertim
460 4982 521 5024 cum
545 4983 660 5038 sperans
687 4966 716 5020 in
733 4965 849 5020 Domino
871 4979 926 5020 non
975 4961 1046 5016 hanc
1060 4958 1185 5029 superius
1199 4957 1355 5013 nominatus
1370 4964 1481 5013 sendus
1505 4957 1689 5029 leodegarius
1707 4951 1752 5011 elib

125 5055 283 5128 perdiderit,
299 5055 489 5122 simulaverit,
513 5054 709 5118 fortitudinem,
735 5053 800 5107 dum
822 5050 927 5109 scilicet
976 5046 1134 5103 contulerat.
1151 5047 1185 5101 Et
1194 5045 1267 5112 ideo,
1283 5044 1347 5116 quia
1357 5042 1532 5115 postularita
1552 5044 1634 5100 nobis
1648 5041 1755 5100 sanctita

126 5143 206 5201 nobis
224 5144 297 5200 hunc
319 5142 537 5209 informantibus,
563 5143 586 5197 si
609 5141 736 5213 quopiam
758 5147 853 5195 contra
877 5155 926 5194 vos
976 5142 1060 5191 tuaut
1072 5134 1128 5201 jam
1149 5140 1323 5188 memoratam
1343 5131 1437 5186 villam
1458 5132 1614 5187 secundum
1636 5127 1759 5204 imperiale

33 5226 41 5237 “
126 5249 192 5289 usus
205 5240 255 5298 est,
271 5247 320 5304 pro
336 5231 413 5288 vobis
427 5231 632 5302 proponatjam
647 5229 710 5284 totis
727 5227 830 5283 viribus
847 5242 927 5282 exer·
976 5229 1142 5294 praeceptum
1166 5220 1322 5291 apostolicae
1345 5218 1511 5275 auctoritatis
1543 5218 1707 5276 liberalitate
1728 5221 1763 5274 ιιι

125 5335 197 5376 εειε.
213 5320 291 5377 Unde
306 5336 360 5375 non
376 5319 531 5375 dubitamus
555 5317 633 5373 illum
657 5333 688 5373 se
707 5315 849 5372 fortiorem
861 5330 927 5385 erga
976 5309 1121 5381 privilegio
1136 5306 1376 5380 augustodunensi
1390 5305 1523 5362 Ecclesiae
1538 5306 1767 5372 confirmaremus,

126 5405 190 5462 fidei
204 5416 301 5464 vestrae
317 5407 497 5464 constantiam
520 5405 712 5473 exhibendum,
729 5419 812 5480 quam
833 5402 926 5473 luerit,
977 5398 1096 5455 inclinati
1109 5397 1236 5469 precibus
1251 5395 1314 5463 tuis,
1330 5409 1454 5466 superna
1469 5393 1580 5466 pietatis
1607 5396 1698 5471 gratia
1721 5394 1770 5453 suf·
