3794 6104
68 301 125 354 osa
554 293 745 353 nanuorus
775 292 1041 352 sauoaunnsts
1070 294 1189 352 mats.
1670 278 1723 358 sse

72 421 198 490 ilectnnt,
219 422 268 479 sed
288 421 420 492 jejunium
449 437 536 494 usqne
560 420 594 476 ad
613 435 758 492 vesperum
782 419 876 476 obser·
890 418 991 481 Alicet
1005 417 1137 476 dividere.
1153 422 1176 475 Α
1203 420 1294 476 Natali
1311 421 1421 479 Domini
1445 439 1531 496 nsque
1545 424 1726 496 Epiphaniam

74 518 141 566 vant
157 529 165 577 ;
182 519 272 566 tamen
286 518 349 583 post
370 525 503 582 vesperas
521 509 701 566 reiectionem
714 507 819 566 iaciunt
841 508 877 565 de
927 524 1019 582 genua
1033 524 1088 563 non
1102 509 1267 565 flectuntur:
1283 510 1413 568 Miserere
1433 513 1499 579 naci,
1515 515 1598 581 Deus,
1622 513 1651 568 in
1664 528 1726 570 ora·

75 606 152 655 cotto
166 606 194 655 et
207 598 282 655 vino.
307 600 337 654 ln
358 599 444 655 sancti
459 598 589 671 Stephani
609 604 635 653 et
656 597 743 654 sancti
765 596 877 652 loannis
928 597 1000 652 tione
1013 597 1121 668 publica
1144 597 1178 653 ad
1193 598 1298 654 nullum
1313 598 1431 655 officium
1457 608 1566 657 cantant
1595 601 1726 674 usquein

75 686 265 759 evangelistae,
280 694 308 743 et
333 687 361 742 in
379 687 448 742 feria
472 686 601 752 secunde,
621 695 648 742 et
661 687 689 741 in
718 685 786 741 ieris
799 684 878 740 tertia
927 692 1049 740 octavam
1066 686 1170 741 Natalis
1195 687 1313 743 Domini.
1339 687 1499 743 Similitera
1515 690 1619 746 Pascha
1635 705 1724 763 usque

75 783 139 847 post
152 776 267 841 Pascha,
284 790 384 831 novem
398 775 509 847 quidem
526 775 660 831 lectiones
679 773 779 830 iaciunt
794 788 878 839 ;nam
927 781 1050 830 octavam
1065 775 1243 831 Pentecosten
1260 795 1266 842 ;
1284 784 1381 846 postea
1399 792 1463 833 vero
1478 784 1596 833 cantent.
1616 779 1657 834 De
1671 793 1720 834 re·

76 863 162 919 missa
177 863 213 919 ita
223 863 322 937 agitur,
338 863 407 919 sicut
422 863 508 919 indie
524 863 677 919 Dominico.
695 863 725 917 ln
745 862 804 916 istis
818 877 877 917 om·
927 860 1041 918 lectorio
1055 870 1144 917 autern
1157 864 1250 919 omnia
1271 864 1414 936 adimpleri
1442 865 1552 931 debent,
1571 865 1641 922 sicut
1656 882 1723 921 san·

77 952 160 1008 nibus
177 952 383 1023 suprascriptis
412 951 603 1008 festivitatibus
619 967 728 1022 semper
742 951 777 1006 ad
790 959 877 1005 matu·
927 958 987 1006 etus
1001 950 1162 1007 Benedictus
1190 952 1264 1022 dicit,
1294 953 1353 1008 sive
1376 954 1490 1021 aestatis,
1529 953 1586 1010 sive
1616 953 1725 1021 hiemis,
1810 956 1813 963 '

76 1040 162 1095 tinum
178 1042 314 1096 Dominus
329 1041 460 1112 repnnott
472 1039 586 1107 canitur,
604 1048 630 1094 et
650 1054 742 1111 genua
764 1054 818 1095 non
832 1037 877 1095 lle·
928 1038 985 1094 sive
1004 1038 1232 1113 quadragesima,
1248 1041 1339 1099 omnia
1349 1042 1499 1098 secundum
1514 1049 1621 1113 tempus
1636 1058 1724 1098 snum.

76 1136 194 1197 ctnntur,
210 1136 237 1184 et
255 1127 403 1199 capitulum
414 1136 440 1182 et
453 1127 534 1184 lectio
552 1127 688 1183 adseram
707 1142 762 1183 non
777 1126 877 1200 legun·
928 1127 1029 1183 Praeter
1057 1128 1130 1200 quod
1153 1130 1321 1184 consuetudo
1353 1138 1404 1196 est,
1433 1129 1491 1186 sive
1520 1146 1640 1199 sursunt,
1669 1129 1727 1191 sive

77 1225 134 1271 tur.
144 1216 215 1271 Nam
229 1216 257 1271 in
271 1215 332 1270 aliis
346 1216 638 1272 omnibussanctorum
652 1230 752 1271 novem
767 1215 878 1286 quidem
928 1214 1067 1285 deorsum,
1083 1224 1183 1271 utnon
1204 1215 1327 1273 reficiant
1355 1218 1389 1273 ad
1422 1233 1537 1288 nonem,
1561 1218 1727 1292 usquedum

77 1303 213 1360 lectiones
241 1303 353 1371 faciunt,
383 1303 541 1359 matutinum
557 1313 583 1359 et
606 1304 691 1359 missa
714 1302 752 1359 ita
775 1303 876 1375 agitur,
928 1303 1162 1360 vindemiaverint.
1180 1306 1248 1360 Cum
1275 1313 1366 1362 nutem
1379 1306 1459 1362 liberi
1480 1321 1497 1362 a
1515 1305 1651 1363 vindemia
1673 1306 1729 1364 iae

75 1392 148 1448 sicut
162 1392 191 1447 in
205 1392 370 1464 quotidianis
385 1392 491 1458 diebus,
510 1407 600 1465 genua
614 1392 732 1458 flectent,
745 1391 878 1461 jejunium
928 1391 990 1457 rint,
1000 1392 1089 1447 statim
1099 1393 1133 1447 ad
1148 1408 1249 1449 nonam
1268 1395 1361 1450 horam
1383 1393 1519 1461 reficiunt,
1536 1402 1562 1451 et
1580 1404 1643 1467 post
1665 1411 1728 1453 vet·

75 1481 321 1552 observentusqne
335 1481 369 1535 ad
387 1482 483 1537 horam
503 1487 648 1547 statutam
666 1482 795 1537 dicerene
809 1480 876 1547 met,
927 1486 1133 1553 perangustum
1152 1482 1326 1550 manducant,
1349 1491 1377 1538 et
1400 1481 1497 1539 bibunt
1527 1484 1635 1551 itenrm,
1655 1483 1729 1558 quod

79 1570 164 1632 Deus,
177 1568 212 1622 ad
226 1582 357 1638 vesperas
371 1577 397 1624 et
410 1567 572 1623 matutinum
586 1575 613 1624 et
632 1568 667 1624 ad
681 1568 797 1640 primam
822 1583 878 1624 non
927 1567 955 1622 in
966 1569 1060 1640 regula
1075 1584 1129 1624 non
1144 1575 1186 1627 est
1201 1569 1342 1642 scriptum.
1359 1570 1490 1627 Similiter
1516 1578 1544 1628 et
1560 1570 1729 1645 quinquage-

76 1663 212 1712 cantent:
233 1670 293 1710 nam
311 1656 417 1712 nataris
434 1657 508 1712 horis
522 1663 655 1722 cantatur,
675 1665 776 1728 practer
797 1657 821 1711 si
849 1656 877 1711 in
928 1656 996 1711 sima
1019 1665 1081 1728 post
1103 1656 1459 1715 relectionem·secnndum
1494 1660 1728 1730 consuetudinem,

77 1742 223 1799 Dominico
242 1741 287 1799 die
302 1744 416 1809 venerit,
428 1745 451 1798 si
463 1744 617 1815 contigerit,
638 1744 793 1800 celebratur
808 1744 877 1800 sieut
892 1753 1072 1836 Bantequem
1096 1745 1176 1801 lectio
1204 1745 1321 1818 legatur,
1356 1755 1411 1803 tota
1434 1748 1607 1804 hebdomada
1623 1748 1728 1818 bibunt,

76 1831 235 1886 Dominica.
264 1831 303 1885 De
328 1830 460 1887 divisione
489 1832 614 1887 matutini
637 1841 664 1887 et
692 1832 817 1888 nocturni
839 1832 877 1887 ita
929 1832 1001 1906 qnod
1016 1848 1068 1889 nec
1081 1833 1154 1889 istud
1182 1834 1209 1889 in
1236 1834 1332 1906 regula
1359 1835 1468 1892 dieitur.
1498 1835 1613 1907 Quando
1635 1845 1727 1894 autem

76 1919 177 1992 agitur.
202 1919 225 1972 Α
252 1918 381 1974 Kalendis
410 1920 566 1975 novembris
595 1920 728 1991 usquein
758 1919 878 1992 vigiliam
928 1921 1084 1977 mandatum
1110 1921 1222 1985 faciunt,
1248 1924 1271 1979 si
1291 1924 1422 1980 Dominus
1450 1924 1643 1980 abundantiam
1672 1925 1728 1982 vini

76 2008 172 2063 Coenae
187 2005 305 2071 Domini,
322 2006 391 2062 sicut
421 2015 533 2063 sanctus
557 2009 718 2064 Benedictus
737 2007 879 2079 praedesti·
928 2009 1045 2077 dederit,
1057 2025 1172 2082 semper
1186 2011 1303 2079 bibunt;
1331 2011 1356 2067 si
1374 2019 1465 2068 autem
1484 2013 1612 2086 exiguum
1633 2011 1722 2082 fuerit,

76 2095 163 2150 navit.
181 2094 317 2150 Praeterea
333 2093 359 2148 in
376 2095 465 2166 vigilia
481 2096 583 2151 Natalis
603 2096 719 2165 Domini,
736 2104 763 2151 et
777 2095 804 2150 in
819 2111 877 2152 om·
929 2097 1112 2155 abstinebunt.

75 2183 160 2238 nibus
176 2190 337 2239 sanctornm
351 2192 377 2239 et
392 2184 542 2240 Dominicis
557 2184 662 2252 diebus,
679 2185 752 2258 qnod
767 2184 879 2240 minime

77 2379 179 2388 ι-..ι-

699 2486 778 2529 ΔΝΝΟ
798 2486 900 2529 nouttu
921 2486 1114 2531 Dccctxxxlv.

506 2608 1270 2775 HARMOTUS

690 2829 955 2887 stNGttLuttsts
982 2831 1091 2887 ABBAS

177 2956 639 3032 tuscnrpmorvns
695 2956 754 3028 nv
812 2956 1044 3028 annena
1106 2958 1315 3032 sanent
1374 2938 1644 3038 uruntur

666 3104 757 3178 (Apud
778 3102 916 3159 Caninium
933 3104 996 3162 leet.
1019 3104 1116 3180 antiq.)

74 3341 228 3412 Templum
254 3339 349 3395 sancti
370 3337 498 3394 Otltmori
521 3336 603 3410 pinei
619 3336 689 3406 fecit
713 3335 864 3391 Hermoton
893 3336 984 3402 abbas,
1011 3341 1094 3408 atquc
1117 3338 1149 3393 im
1170 3339 1280 3410 pariete
1302 3355 1359 3396 uno
1377 3341 1548 3413 pinpetatar
1566 3342 1725 3416 Sapientia,

715 3422 781 3461 cum
796 3405 846 3462 ltoc
866 3408 986 3462 Petrum
1001 3408 1098 3480 stopie.

348 3557 371 3614 0
385 3571 519 3631 generosa
532 3572 640 3628 parens,
656 3555 761 3613 eunetis
775 3556 929 3630 gratissima
942 3556 1040 3614 doctis.

347 3643 467 3702 Odecus
480 3645 596 3716 imperii,
612 3645 712 3701 rectrix
727 3644 886 3718 dignissima
901 3646 1004 3712 mundi,
1023 3700 1026 3705 .

347 3733 465 3805 soleque
480 3733 658 3805 splendidior,
668 3733 742 3789 fulvo
752 3733 900 3803 pretiosior
907 3748 975 3789 auro

347 3822 435 3892 Quam
446 3823 578 3894 preclare
594 3822 663 3877 nites
678 3830 744 3887 toto,
762 3821 911 3892 Sapientia,
926 3821 1037 3877 mundo.

348 3911 447 3982 Aspice
462 3910 672 3983 quampulchre
687 3911 814 3967 decorata
830 3917 871 3965 est
886 3909 982 3967 ordine
1002 3918 1089 3965 mater

346 4000 487 4065 Natarum,
504 3999 576 4056 clare
592 3999 668 4055 dives
682 3999 822 4070 Sapientia
837 3998 956 4073 fulgens.

470 4126 503 4180 ln
516 4126 625 4197 pariete
635 4125 726 4181 altero
737 4129 844 4198 septem
854 4125 1012 4198 Sapientes.

347 4230 473 4287 Continet
487 4230 531 4287 hic
546 4231 636 4301 paries
651 4239 772 4286 veterum
787 4238 962 4286 monumenta
980 4232 1141 4302 sophorum,

349 4319 430 4376 Claro
440 4319 487 4393 qui
501 4327 588 4376 totum
601 4319 753 4376 docuerunt
767 4318 874 4374 tramite
889 4318 1028 4373 mundam.

348 4443 380 4500 ln
395 4445 455 4500 alin
479 4447 561 4516 porte
584 4444 665 4500 tarta
692 4443 835 4498 lentorum
855 4444 911 4499 Deo
933 4442 1140 4499 assistentium.

348 4559 464 4632 Agmina
479 4566 635 4614 sanctorum
646 4557 784 4613 laudantia
799 4572 866 4613 voce
884 4573 981 4613 serena

347 4649 417 4703 Ante
433 4647 558 4703 thronum
573 4646 680 4701 Domini
696 4646 792 4701 sistunt
801 4662 851 4717 per
865 4645 966 4703 saecula
981 4653 1090 4703 cuncte.

545 4772 578 4827 ln
591 4773 700 4846 pariete
715 4771 928 4844 superantium.

348 4889 400 4947 liic
414 4891 488 4946 Deus
502 4897 545 4946 est
557 4906 680 4962 praesens
694 4906 764 4963 puro
778 4891 954 4963 poscentibus
968 4906 1026 4958 ore,

356 4979 430 5035 Dans
443 4979 553 5036 miseris
567 4980 683 5049 veniam,
699 4979 822 5037 contritis
837 4980 919 5036 corde
932 4980 1078 5037 medelam.
