3794 6104
119 221 166 289 llt
570 217 746 273 exacuant·
768 210 1279 277 nttltttssnsts‚2tnctttaetsd01>t..

117 344 221 413 cupuli
235 359 338 415 genere
353 342 447 401 latent.
461 341 701 412 inspectaeanobis
716 339 830 394 formam
845 333 1052 395 acci-Alorco]
1087 336 1216 406 principis
1249 336 1408 389 auctoritate
1440 335 1625 394 decernimus,
1656 335 1770 406 triginta

117 432 191 502 pient
208 449 213 484 :
231 439 357 487 caeterum
374 432 408 485 de
424 430 521 502 quibus
536 429 707 499 apertissime
731 428 822 482 divina
839 426 915 481 Scri·
967 424 1071 478 dierum
1097 425 1182 495 spatio
1206 440 1285 479 sacra
1307 433 1332 478 tc
1350 423 1539 478 communione
1562 422 1710 492 priuatum,
1736 423 1770 475 ab

117 528 194 590 ptura
208 520 305 584 sanxit,
318 535 373 574 nou
389 527 431 574 est
445 518 593 573 differenda
608 517 750 577 sententia,
763 516 811 570 sed
827 515 916 585 potius
967 513 1144 583 omnipotenti
1160 514 1217 566 lleo
1233 522 1324 567 nostro
1340 512 1406 565 tonti
1422 527 1569 566 excesssus
1583 511 1692 565 veniam
1708 527 1769 565 cum

118 608 301 679 exsequenda.
327 607 443 661 Proinde
465 608 538 677 quod
553 607 581 659 in
596 606 671 660 laicis
696 603 914 674 reprelienditur,
967 618 1073 655 summa
1088 601 1244 672 paenitentia
1255 616 1288 656 ao
1298 600 1426 670 lacrymis
1436 615 1559 654 exorare.
1571 598 1652 667 Quod
1664 598 1689 653 si
1700 599 1768 653 hanc

119 695 146 749 id
173 696 257 750 multo
285 695 372 767 magis
399 696 426 748 in
455 695 560 749 clericis
587 701 692 764 oportet
723 690 914 763 praedamnari.
968 690 1129 743 sententiam
1145 686 1769 759 nostramtecognoverimusimplesseremis·

119 783 244 838 Universi
266 784 400 849 dixerunt,
427 783 513 837 Nemo
535 791 631 837 contra
654 782 812 850 prophetas,
838 793 918 833 uerno
967 778 1033 839 sius,
1051 779 1288 846 nonjamtautum
1304 776 1469 845 injustitiam,
1497 777 1545 830 sed
1569 784 1595 829 et
1623 784 1768 830 contuma-

118 879 213 925 contrn
236 871 416 943 Evangelium
441 870 507 937 lacit
525 871 583 924 sino
607 868 736 939 periculo.
765 894 774 913 »ι
799 869 832 923 Ει
856 875 917 936 post
967 867 1037 920 eiam
1052 866 1228 921 fraternitatis
1253 874 1305 919 tuae
1334 880 1485 937 cognoscas
1506 865 1617 932 jurante
1651 862 1770 918 Domino

119 975 258 1028 pauce:«
284 959 399 1030 llclitpua
423 975 499 1026 xero,
526 974 584 1029 quae
611 959 652 1012 rel
673 956 743 1011 lucto
771 957 813 1010 rel
846 955 916 1009 dicta
967 955 1278 1025 seueriuspunicndam.
1301 956 1362 1007 »Et
1377 954 1440 1007 item
1456 952 1517 1007 alibi
1532 954 1592 1021 tlib.
1606 968 1635 1016 ιι,
1649 952 1767 1017 ludll,

118 1047 242 1117 superius
257 1048 456 1117 comprehensa
471 1056 543 1106 sunt.
562 1044 606 1100 vel
620 1046 679 1098 aliis
704 1043 827 1100 conciliis
855 1060 918 1097 con-
967 1045 1047 1114 epist.
1065 1046 1092 1112 'lp
1111 1061 1116 1097 :
1135 1066 1146 1091 «
1165 1042 1243 1111 Quod
1260 1044 1282 1096 si
1296 1043 1459 1096 contrahere
1470 1057 1529 1112 quae
1541 1040 1687 1094 statuimus
1700 1055 1768 1111 quo-

120 1136 231 1206 scripta,
248 1152 308 1206 quae
331 1136 481 1192 secundum
505 1134 595 1207 legem
620 1133 800 1197 inveniuntur,
824 1141 916 1186 custo-
967 1131 1030 1186 libet
1046 1140 1175 1202 tempore,
1199 1131 1317 1202 qualibet
1342 1129 1496 1189 occasione,
1521 1129 1564 1182 rel
1589 1129 1769 1198 subreptione

118 1224 177 1279 dire
191 1240 243 1278 nos
260 1231 376 1294 oportet.
394 1223 430 1277 ,Si
454 1223 514 1292 quis
539 1238 603 1275 vero
629 1229 727 1274 statuta
752 1237 916 1292 supergres-
967 1220 1060 1273 tenire
1075 1220 1231 1281 tentareris,
1262 1234 1339 1273 sacra
1356 1218 1428 1272 scias
1443 1226 1468 1271 te
1492 1217 1688 1271 communione
1709 1217 1768 1285 pri-

119 1328 165 1367 sus
179 1311 341 1382 corruperit,
359 1312 403 1364 xel
419 1327 469 1380 pro
485 1310 569 1364 nihilo
584 1310 709 1364 habenda
723 1308 869 1379 putaverit,
895 1309 918 1360 si
968 1316 1070 1374 vatum,
1086 1325 1136 1362 nec
1152 1324 1213 1361 eam
1224 1316 1258 1367 te,
1277 1315 1390 1376 excepto
1414 1305 1508 1359 ultimo
1535 1305 1596 1359 rite¹
1619 1313 1675 1358 tute
1697 1313 1768 1358 tem-

119 1400 279 1465 laicusest,
306 1397 505 1459 communione,
532 1397 697 1452 siclericus
727 1405 776 1460 est,
816 1397 917 1450 ltonorc
967 1413 1042 1466 pore,
1060 1397 1111 1449 nisi
1136 1412 1198 1450 curn
1221 1411 1352 1450 concessa
1376 1393 1488 1448 Romani
1511 1390 1648 1462 pontilicis
1668 1392 1769 1446 decer-

119 1488 249 1558 privetur.
275 1487 399 1541 [niversi
425 1487 557 1550 dixerunt,
588 1486 687 1547 Placet,
722 1485 819 1555 placet.
839 1511 848 1529 ι
886 1486 918 1538 lit
966 1484 1187 1551 niumsjussione
1204 1483 1354 1553 percipere.
1373 1483 1437 1536 llaec
1450 1482 1652 1535 eninrconsona
1669 1481 1770 1535 sanctis

118 1583 179 1645 post
207 1575 288 1628 istam
320 1575 463 1646 synodum,
495 1575 716 1629 tiltalcedonense
751 1573 917 1628 celebratum
968 1573 1093 1626 Patribus
1107 1572 1272 1626 deffinitione
1287 1571 1434 1634 sancimus,
1452 1577 1478 1623 ut
1503 1568 1549 1640 qui
1570 1569 1659 1623 sacris
1681 1569 1769 1621 nescit

119 1661 1080 1745 concilinmdicitlcon.ltzulicgulassanctorumPatruruBaltedire
1102 1661 1260 1725 canonibus,
1292 1675 1341 1713 nec
1371 1658 1457 1713 sacris
1485 1657 1688 1720 administrare,
1720 1671 1769 1709 nec

119 1766 169 1820 per
182 1751 289 1821 singula
305 1767 471 1822 nuncusque
482 1751 764 1807 conciliaconstitutus
776 1749 915 1820 proprium
976 1749 1193 1804 communionem
1209 1765 1307 1819 capere
1324 1749 1356 1801 sit
1371 1748 1471 1818 dignus
1486 1746 1627 1801 altaribus.
1649 1771 1658 1789 ·=

120 1838 204 1895 robur
218 1840 340 1895 obtinere
352 1840 532 1896 decrevimus,
548 1865 559 1887 ι·
576 1841 609 1893 Et
626 1840 689 1892 item
705 1847 766 1908 post
781 1838 917 1909 aliquanta

121 1928 195 1983 tran.
214 1931 259 1997 tot
275 1946 281 1981 :
301 1951 311 1977 ι
329 1929 385 1983 Eos
400 1945 465 1983 xero
480 1929 525 1999 qui
541 1928 602 1982 ausi
617 1927 715 1981 luerint
738 1935 796 1995 post
815 1925 916 1979 tlitlini-
1252 1917 1364 1971 CAPUT
1375 1916 1477 1969 XXXl.

119 2017 218 2071 tionem
234 2031 341 2089 magnae
356 2016 640 2085 etunixersalishujus
653 2015 759 2086 synodi,
769 2014 917 2085 quidquam
969 2044 1005 2096 De
1016 2043 1271 2112 eoquodpwupos,
1281 2043 1328 2112 qm
1336 2056 1407 2111 W
1417 2040 1771 2111 discriminemomsperi·

119 2120 152 2157 ex
165 2105 208 2158 his
216 2121 276 2175 quae
287 2114 349 2159 sunt
359 2106 495 2176 prohibita
506 2113 674 2176 perpetrare,
686 2103 807 2158 decrerit
823 2112 917 2157 sancta
1127 2113 1279 2176 μιῑιαῃιηγ,
1295 2111 1434 2183 imprimi
1449 2109 1602 2182 prohibuit,

118 2193 239 2262 synodus
254 2194 396 2264 eproprio
409 2193 565 2262 hujusmodi
580 2192 666 2262 gradu
682 2192 821 2246 recedere.
839 2212 870 2239 x«
885 2192 917 2244 Et

1722 213 1770 295 ‘e

118 2280 163 2337 hic
177 2281 200 2335 si
215 2281 334 2350 objicere
349 2282 414 2335 milti
430 2281 549 2336 volueris
565 2282 638 2350 quiid
652 2297 733 2349 supra
747 2280 803 2332 dixi
819 2279 852 2332 de
868 2294 916 2332 ca-

118 2367 204 2438 pitulo
218 2369 297 2437 huJus
313 2369 410 2439 synodi
425 2385 440 2422 a
457 2370 523 2423 sede
544 2368 692 2438 apostolica
716 2384 769 2421 uon
797 2376 915 2437 recepto,

119 2454 209 2511 relcro
229 2456 277 2511 tibi
299 2465 328 2511 ut
352 2458 429 2529 legas
449 2458 584 2527 superius,
608 2465 634 2509 et
659 2456 750 2510 rideas
788 2465 917 2526 ‹puantum

119 2544 187 2609 dixi,
213 2546 286 2617 quod
314 2546 348 2600 de
383 2547 479 2601 eodem
506 2545 624 2615 capitulo
657 2545 737 2599 sedes
767 2544 917 2614 apostoliea

119 2649 173 2688 non
189 2634 310 2704 recipiat,
323 2634 436 2699 scilicet,
455 2634 481 2688 Si
497 2635 630 2688 adversus
656 2633 778 2702 ejusdem
801 2633 910 2704 prouin-

118 2722 167 2777 eiae
190 2723 429 2794 metropolitanum
453 2724 597 2793 episcopus
625 2724 668 2777 tel
696 2723 811 2776 clericus
836 2722 916 2775 habet

118 2811 269 2881 querelam,
285 2821 359 2881 petat
374 2813 466 2866 sedem
483 2812 565 2883 regiae
580 2812 653 2865 urbis
670 2811 918 2880 Constantinopoli-

1002 2227 1125 2297 llenique
1142 2227 1209 2281 sicut
1226 2226 1393 2294 inpetitione
1404 2224 1645 2279 rnilriultecclesia
1665 2224 1770 2280 Lauda-

968 2316 1045 2369 nensi
1061 2317 1122 2368 dato
1136 2315 1297 2375 continetur,
1315 2331 1394 2368 causa
1409 2313 1566 2381 injuriarum
1581 2322 1690 2367 tuarum
1705 2330 1770 2384 par·

968 2405 1045 2459 vulos
1059 2403 1199 2473 baptizari,
1225 2403 1269 2472 qni
1295 2419 1366 2472 saepe
1387 2401 1545 2457 discrimine
1572 2402 1672 2456 mortis
1697 2402 1769 2472 peri-

968 2493 1102 2549 clitantur.
1119 2492 1292 2561 prohibuisti.
1317 2492 1346 2544 Ιιι
1369 2507 1423 2560 quo
1447 2490 1567 2559 capitulo
1591 2490 1723 2561 Pelagius
1746 2500 1772 2545 et

968 2580 1073 2635 tulacti
1095 2581 1169 2642 estis,
1192 2590 1220 2633 ut
1244 2597 1276 2633 ex
1300 2580 1396 2647 majori
1416 2588 1494 2648 parte
1522 2578 1656 2650 egregius
1692 2588 1772 2649 poeta

967 2669 1056 2723 dicit:

1033 2781 1112 2825 ambo
1123 2791 1209 2826 errore
1220 2791 1302 2836 pares,
1313 2780 1429 2837 quamvis
1437 2780 1540 2825 diversa
1555 2782 1705 2836 sequentes.

118 2908 199 2963 mnae’
216 2908 242 2952 er
257 2900 424 2968 apudjpsam
431 2900 577 2968 judicetur,
592 2921 602 2948 x
616 2901 648 2953 131
659 2901 747 2953 adhuc
759 2899 806 2952 ribi
819 2899 916 2962 potero,
969 2888 1092 2959 Pelagius
1109 2889 1199 2943 <locuit
1213 2888 1342 2959 parrulos
1358 2895 1480 2942 recentes
1495 2887 1631 2941 abuteris
1653 2897 1771 2943 matrum

120 2985 184 3056 quia
198 2986 269 3040 taem
285 2986 430 3041 concilium
445 2988 496 3041 hoc
522 2988 593 3057 quoa
613 2988 647 3040 ae
667 2986 916 3055 (tonstantinopun-
967 2992 1020 3030 non
1036 2976 1210 3046 baptizandos
1237 2978 1264 3030 iu
1286 2976 1476 3031 remissionem
1500 2974 1686 3046 pcccatorum.
1711 2978 1774 3048 quia

116 3081 180 3127 pana
195 3074 260 3128 sepe
275 3075 392 3143 petenda
405 3074 482 3144 pipp,
499 3091 553 3128 „0ss
569 3075 715 3145 ppoppmjp
733 3076 781 3127 sed
805 3090 916 3128 conces.
932 3039 1032 3117 0ιιίἰιίΙ
1049 3066 1192 3125 trahebant
1207 3082 1239 3119 ex
1250 3066 1343 3128 adam,
1354 3066 1424 3135 quod
1435 3065 1541 3119 larucro
1550 3066 1773 3133 regenerationis

120 3162 221 3216 sit:in
248 3162 301 3216 hoc
324 3170 416 3216 autem
440 3162 581 3233 supposito
610 3163 727 3232 capitulo
756 3162 832 3219 dixit.
864 3161 915 3229 Qui
965 3153 1129 3223 expiaretur,
1146 3163 1254 3208 certans
1270 3154 1415 3208 ostendere
1430 3168 1480 3206 nos
1511 3169 1595 3207 xacnc
1619 3171 1634 3206 a
1663 3154 1775 3210 Christo

119 3251 178 3305 ausi
192 3249 293 3305 luerint
307 3266 339 3304 ex
356 3251 398 3303 his
423 3267 483 3322 quae
507 3260 565 3303 sunt
590 3250 725 3320 prohibita
750 3258 913 3319 perpetrare,
965 3242 1128 3311 redemptos,
1147 3243 1348 3296 contradicente
1365 3241 1415 3294 siai
1430 3241 1560 3311 xpostoto
1578 3259 1583 3295 ε
1601 3243 1658 3296 Per
1680 3260 1773 3298 tantun

966 3331 1108 3386 liutrriaem
1122 3336 1270 3401 peccalum
1286 3333 1315 3384 ιἰι
1340 3331 1478 3384 anundum
1495 3331 1626 3391 iulruell,
1663 3336 1693 3385 rt
1723 3348 1776 3403 per

119 3338 190 3408 Quia
204 3339 287 3411 igitur
301 3347 409 3393 constat
421 3340 498 3394 iuliis
512 3349 536 3393 te
548 3339 655 3394 inimico
666 3339 913 3407 arrintojudicusse.

118 3436 144 3481 et
157 3427 303 3498 cupiditate
319 3428 446 3484 vincendi
461 3429 637 3498 depravatum
654 3427 745 3487 luisse,
767 3427 915 3482 secantium

117 3516 348 3588 Carthaginenses
360 3533 490 3581 canones,
508 3518 586 3571 obest
596 3516 645 3570 uui
656 3525 701 3570 tua
711 3517 797 3570 seluta
810 3525 916 3570 senteu-

118 3604 165 3659 titt.
181 3605 216 3658 Et
230 3604 357 3676 quonlam
373 3606 399 3658 in
415 3606 509 3659 rotulis
525 3606 587 3669 tuis,
604 3606 704 3659 domno
726 3605 784 3675 regi
805 3613 828 3658 ct
850 3604 915 3657 milri

117 3709 167 3762 per
182 3693 384 3748 comministros
394 3693 524 3748 Ecclesia}
540 3702 591 3747 tute¹
605 3694 727 3759 directis,
739 3693 873 3747 multoties
884 3708 915 3747 ao

117 3781 348 3850 multipliciterad
372 3781 577 3834 carrlimnaudas
600 3789 660 3833 tuas
684 3781 840 3842 sententias,
854 3796 914 3833 cum

118 3869 203 3923 saeris
217 3867 380 3932 canonibus,
394 3877 421 3920 et
435 3868 553 3921 decretis
568 3868 725 3936 apostolicae
746 3869 820 3921 seclis
845 3884 915 3937 pon-

118 3955 229 4020 tilicum,
247 3954 327 4008 eliam
343 3954 447 4025 legales
462 3955 610 4008 sententias
626 3956 821 4009 catholicarum
834 3956 916 4024 impe·

119 4050 239 4111 natorum
250 4042 374 4111 posuisti.
392 4057 543 4112 proponam
558 4043 605 4095 riui
619 4042 736 4114 legalem
751 4045 916 4097 senteutiam

965 3423 1110 3490 peccalum
1124 3436 1207 3487 rnrrrs,
1218 3424 1245 3472 cl
1263 3422 1302 3474 ilu
1320 3420 1348 3472 in
1365 3434 1460 3473 oratrici
1472 3420 1600 3474 homiues
1618 3436 1695 3474 mors
1705 3438 1775 3492 pcr-

966 3517 1110 3580 trauriuil,
1124 3517 1152 3569 iu
1162 3533 1213 3587 (pun
1222 3533 1317 3571 orii-urs
1329 3520 1516 3587 papauerum
1527 3519 1623 3586 (dom.
1633 3518 1673 3584 v).
1687 3517 1722 3570 Et
1747 3525 1775 3571 tu

967 3603 1664 3676 seiensremnressequodneritinusatcit:Nisique
1685 3622 1774 3661 tuno-

968 3696 1109 3762 institerit
1120 3710 1155 3747 ce
1166 3710 1236 3763 upzm
1245 3694 1388 3763 etSpirilu
1399 3696 1506 3756 seram,
1519 3709 1574 3746 uon
1594 3693 1724 3749 introlvit
1742 3696 1772 3749 in

967 3798 1082 3851 repertun
1095 3783 1225 3835 ciclorum
1235 3783 1325 3835 «terrra.
1344 3780 1394 3845 tul,
1408 3780 1557 3850 pneeepisti
1573 3796 1627 3834 nou
1639 3780 1777 3852 baptizari

967 3867 993 3920 iu
1014 3877 1059 3920 tua
1079 3869 1208 3937 parochia
1225 3869 1361 3938 paruulos.
1379 3869 1458 3922 etiam
1484 3869 1511 3922 iu
1531 3869 1625 3922 mortis
1647 3870 1777 3940 periculo

966 3957 1135 4021 constitutos
1145 3974 1177 4009 ne
1189 3957 1288 4010 saltari
1298 3957 1495 4014 ruleremeunr
1509 3957 1637 4027 scriplum
1648 3959 1682 4010 sil
1698 3959 1774 4014 :Nau

968 4047 1044 4100 uertet
1062 4046 1139 4113 lilius
1154 4046 1275 4099 lentulum
1297 4047 1409 4099 ιιιιὲιιιιιι·
1431 4045 1557 4116 perdere,
1595 4045 1644 4099 sat
1657 4047 1776 4102 reterre

118 4129 262 4187 lastiniani
275 4130 399 4185 catholici
416 4130 597 4200 imperatoris,
614 4148 694 4202 quam
710 4133 837 4201 probaret
856 4148 915 4186 scr-
967 4135 1108 4200 (Lucis),
1135 4134 1245 4186 oltriaus
1268 4134 1348 4187 etiam
1374 4133 1493 4188 ‹lect-etis
1520 4133 1621 4196 Sirmii,
1653 4134 1770 4195 Leonis,

119 4226 164 4273 vet
178 4211 301 4273 Ecclesia
316 4218 459 4283 catholiea,
477 4236 529 4291 qua
546 4220 739 4274 constitutione
754 4236 849 4283 exunt,
877 4238 917 4272 ca·
967 4221 1079 4283 Gelasii,
1098 4221 1256 4276 ettlricaui
1274 4221 1389 4282 con-ilii,
1409 4222 1476 4275 sicut
1494 4223 1551 4290 jain
1585 4221 1632 4275 tini
1658 4223 1773 4294 scriptis

117 4306 204 4376 pitulo
217 4322 339 4374 ccccxci,
355 4307 474 4362 decrevit
490 4326 495 4360 :
514 4309 545 4363 Ut
560 4323 640 4361 nemu
654 4309 807 4378 episcopus,
837 4324 916 4379 neruo
967 4326 1020 4363 nou
1037 4310 1122 4363 solum
1139 4311 1223 4363 semel
1240 4311 1286 4362 sed
1303 4320 1327 4362 ct
1341 4309 1602 4364 secundomandari.
1615 4310 1697 4365 Unde
1710 4315 1775 4383 quia

118 4396 263 4466 presbyter
282 4397 498 4450 excommunicet
521 4396 641 4467 nlipretu
665 4406 810 4468 antequam
833 4413 917 4452 eausa
931 4388 1002 4451 Der
1019 4399 1126 4467 integro
1138 4399 1196 4466 jam
1213 4399 1258 4450 tilii
1271 4399 1313 4452 ela
1330 4399 1438 4452 decretu
1455 4398 1556 4469 scripto
1577 4398 1675 4459 direxi,
1706 4401 1774 4454 ltre-

118 4484 255 4553 proltetur,
280 4492 392 4554 propter
415 4501 497 4555 qutun
522 4485 699 4539 ecclesiastici
720 4501 840 4541 ‹ranones
864 4488 915 4541 ltoc

116 4571 173 4628 lieri
185 4573 291 4641 jubent.
309 4573 337 4627 Si
352 4573 412 4643 quis
427 4582 518 4626 autern
534 4575 666 4627 adversus
684 4589 717 4628 ea
733 4575 916 4630 excommuni-

117 4661 221 4715 caverit
234 4661 362 4732 aliquem,
388 4661 434 4714 ille
458 4661 568 4731 quidem
591 4662 635 4731 qui
665 4663 916 4717 excommunicatus

119 4756 170 4813 est,
186 4749 297 4815 majoris
312 4750 462 4804 sacerdotis
476 4749 634 4804 auctoritate
648 4751 804 4821 adgrctiam
815 4761 916 4805 sanctae

120 4836 319 4890 communionis
341 4838 440 4907 redeat,
453 4838 476 4891 is
501 4845 603 4901 autom,
637 4838 683 4908 qui
710 4850 763 4907 non
798 4839 917 4907 legitime

121 4923 376 4987 excommunicarit,
393 4926 524 4980 intantum
549 4925 712 4980 abstineata
738 4943 814 4980 sacra
839 4943 917 4980 com-

120 5010 248 5064 munione
262 5018 378 5080 tempus
404 5024 533 5083 quamtum
557 5014 652 5083 maiori
672 5015 808 5069 sacerdoti
830 5015 916 5069 risum

120 5097 208 5164 luerit,
224 5107 252 5153 ut
268 5099 294 5152 id
311 5100 384 5169 quod
398 5100 493 5167 injuste
509 5102 580 5161 lecit,
599 5103 656 5172 ipse
665 5103 737 5171 juste
749 5103 873 5173 patiatur.
884 5104 918 5156 lc't

119 5187 182 5241 ltine
196 5197 304 5243 sanctus
319 5187 470 5260 Gregorius
485 5191 518 5243 ad
536 5191 666 5245 loannem
692 5192 849 5262 episcopum
875 5192 917 5244 in-

116 5272 189 5340 juste
210 5275 488 5330 excommunicantem
518 5277 587 5330 inter
610 5288 708 5334 caetera
740 5280 844 5350 scripsit
874 5280 917 5334 di-

26 5397 33 5418 .
120 5374 202 5417 tons:
217 5381 227 5412 ι
239 5362 359 5418 Cessatis
373 5364 448 5434 prius
462 5371 544 5435 atque
554 5365 708 5440 odnihilum
720 5368 837 5424 redactis
852 5385 917 5438 prae-

120 5447 199 5503 dictae
214 5451 354 5508 sententiae
367 5460 420 5507 urae
434 5453 560 5515 decretis,
578 5468 612 5505 ex
629 5454 699 5508 beati
726 5457 793 5510 Petri
809 5466 918 5526 aposto-

968 4488 1037 4542 riter
1053 4487 1098 4539 atri
1116 4488 1240 4557 [puellam
1256 4487 1355 4541 exinde
1371 4502 1566 4541 contaminem.
1584 4486 1658 4540 ¹Yam
1681 4489 1717 4544 de
1732 4490 1775 4542 in·

967 4574 1084 4629 lantibus
1099 4575 1278 4644 baptizandis,
1295 4575 1338 4645 qui
1355 4574 1469 4629 necdum
1493 4574 1619 4644 baptizati
1645 4591 1769 4632 noscun-

966 4673 1020 4728 tur,
1037 4663 1142 4734 quotios
1158 4663 1305 4718 necessitas
1316 4664 1449 4735 exegerit,
1466 4663 1560 4734 regula
1582 4664 1774 4720 ecclesiastiea

965 4770 1014 4822 pet·
1029 4754 1136 4805 beatum
1152 4752 1277 4807 Siriciunt
1293 4762 1318 4806 et
1334 4752 1450 4821 prolata,
1466 4751 1543 4819 cujus
1566 4752 1673 4824 regulae
1704 4770 1773 4809 con-

968 4840 1054 4896 clusio
1069 4848 1176 4894 constat
1192 4841 1242 4893 hoc
1256 4840 1337 4893 modo
1344 4840 1441 4910 (epist.
1459 4843 1484 4903 l,
1495 4840 1631 4909 Himerio)
1647 4857 1653 4892 :
1667 4841 1773 4898 «Nunc

967 4928 1107 4999 praelatum
1132 4928 1256 4999 regulam
1277 4944 1371 4982 omnes
1395 4936 1504 4982 teneant
1526 4928 1696 4993 sacerdotes,
1725 4930 1773 5000 qui

967 5017 1060 5071 nolunt
1076 5017 1110 5070 ab
1125 5017 1283 5085 apostolicae
1308 5024 1399 5085 petrae,
1424 5032 1507 5085 super
1533 5032 1613 5087 qttarn
1640 5016 1771 5072 Clnistus

966 5104 1148 5159 uniuersalcm
1158 5104 1306 5160 construxit
1314 5103 1477 5172 Ecclesiam,
1491 5104 1625 5158 soliditate
1636 5104 1743 5160 divelli.
1757 5128 1769 5155 ι

968 5195 1000 5248 tn
1015 5202 1122 5247 sauctus
1138 5194 1191 5247 Leo
1208 5211 1213 5245 :
1233 5215 1243 5242 ι
1263 5193 1290 5246 ln
1307 5193 1402 5247 mortis
1419 5192 1550 5262 periculo,
1568 5193 1593 5245 in
1615 5193 1771 5249 obsidionis

967 5281 1133 5341 discrimine.
1150 5281 1177 5334 in
1192 5280 1389 5350 persecutionis
1401 5279 1582 5351 arrgustiis,in
1593 5280 1694 5336 timore
1705 5299 1771 5337 nau·

967 5369 1055 5441 fragii,
1073 5369 1146 5424 nullo
1162 5379 1283 5439 tempore
1299 5371 1350 5424 lroc
1366 5385 1436 5423 verae
1445 5368 1538 5423 salutis
1549 5364 1692 5441 singulare
1701 5387 1770 5442 pm)-

967 5459 1064 5512 sidium
1080 5458 1205 5528 cuiquam
1225 5457 1355 5528 denegari
1373 5457 1502 5536 decrevit.
1524 5478 1534 5504 ι
1553 5456 1585 5511 Et
1607 5455 1766 5513 Africanum
