3794 6104
77 235 121 290 337
426 229 545 289 OPUSC.
569 230 615 288 ET
641 230 751 289 EPIST.
781 231 817 288 IN
842 231 955 289 CAUSA
978 231 1150 289 HINCMARI
1178 232 1330 291 launna.

1672 235 1724 294 338

79 365 134 413 sunt
149 356 177 411 in
192 371 227 412 eo
241 355 359 411 libenter
379 356 483 427 accepi,
509 356 582 428 qnod
606 356 650 411 ille
674 357 739 411 mihi
755 356 788 412 de
803 357 873 412 Petri
884 357 911 418 A
926 372 1067 413 excessum
1095 354 1265 413 notissimum
1296 358 1445 414 secundnm
1468 357 1578 431 regulas
1603 360 1723 430 reclusit,

78 446 201 502 cathedra
217 445 324 501 locutus
341 453 390 512 est,
416 445 460 517 qui
481 445 553 499 Petri
575 446 731 500 cathedram
746 453 829 511 tenet,
848 454 874 501 et

77 552 132 592 curn
147 550 193 590 me
209 534 338 604 specialis
352 535 439 590 honor
463 534 537 589 nullo
558 535 641 589 modo
655 533 778 598 delectet,
794 535 873 591 valde

77 634 161 680 tamen
176 624 282 677 laetatus
298 639 368 689 sum,
385 622 446 694 quia
469 638 518 677 vos
540 622 703 678 sanctissimi
719 623 792 694 quod
807 623 872 678 mihi

75 711 458 782 impendistis,vobismetipsis
468 710 591 765 dedistis.
604 709 671 779 Quis
682 711 753 766 enim
769 713 873 768 nesciat

75 808 194 858 sanctam
210 800 366 857 Ecclesiam
384 800 411 854 in
432 799 616 870 apostolorum
631 800 762 871 principis
778 801 871 857 solidi·

73 899 122 946 tate
137 888 341 955 confirmatam,
371 888 417 961 qni
446 886 602 943 tirmitatem
624 889 722 944 mentis
746 890 824 944 traxit
844 890 871 945 in

73 978 190 1044 nomine,
208 986 238 1032 ut
252 977 348 1032 Petrus
370 993 386 1031 a
407 984 486 1048 petra
509 983 662 1042 vocaretur,
686 978 729 1033 cui
744 979 870 1034 Veritatis

73 1083 135 1122 voce
164 1066 293 1122 dicitur:
321 1065 379 1121 titt
406 1066 473 1120 daho
504 1066 595 1120 claves
629 1068 708 1137 regni
736 1068 871 1122 cetorum

71 1156 178 1223 (lluttb.
196 1157 259 1223 xva)
280 1173 287 1219 ;
302 1158 330 1209 et
345 1158 377 1209 tu
400 1154 552 1226 aliquando
567 1170 717 1210 conuersus
733 1157 869 1224 confirma

72 1247 176 1316 trahea
193 1248 257 1300 tuos
271 1243 348 1314 (Luc.
360 1243 451 1311 xxti),
468 1250 494 1296 et
504 1242 618 1297 itemm:
634 1245 728 1299 Simon
739 1246 866 1311 loannis,

71 1349 147 1387 amas
164 1348 210 1387 mc
223 1336 235 1386 ‚⁹
250 1334 336 1386 Pasce
350 1314 411 1387 oues
427 1347 503 1386 arceas
519 1331 610 1402 (toan.
623 1335 695 1402 xxx).
713 1334 752 1386 lta
766 1340 791 1387 et
807 1349 868 1388 cum

70 1420 144 1476 multi
160 1420 215 1474 sint
229 1419 357 1490 apostoli,
374 1435 424 1489 pro
439 1420 499 1489 ipso
523 1429 613 1474 tamen
629 1421 791 1491 principatu,
809 1419 868 1476 sola

68 1508 253 1580 apostolorum
268 1507 400 1578 principis
416 1508 496 1563 sedes
510 1508 537 1562 in
549 1509 707 1564 auctoritate
718 1509 864 1578 convaluit,

68 1598 168 1670 quaein
183 1597 270 1651 tribus
287 1595 355 1652 locis
369 1597 448 1650 unius
471 1606 522 1651 est.
547 1599 608 1668 lpse
623 1598 695 1652 enim
711 1599 867 1653 sublimavit

67 1686 168 1750 sedem,
185 1685 214 1739 in
229 1701 281 1756 qua
296 1685 379 1739 etiam
394 1685 537 1756 quiescere
552 1693 578 1740 et
594 1687 767 1756 praesidendo
783 1688 901 1773 vitamB

67 1773 142 1830 finire
157 1774 291 1848 dignatus
320 1782 370 1829 est.
400 1774 461 1844 lpse
485 1775 625 1831 decoravit
647 1776 751 1842 sedem,
768 1776 794 1829 in
810 1792 864 1847 qua

10 1872 13 1884 '
65 1862 264 1934 evangelistam
280 1862 444 1932 discipulum
458 1862 541 1918 misit.
555 1865 615 1934 lpse
630 1862 744 1919 tirmavit
760 1864 863 1930 sedem,

65 1953 88 2007 in
103 1968 158 2024 qua
175 1959 282 2021 septem
297 1950 375 2004 annis
390 1951 694 2022 quamvisdisccssurus
705 1952 784 2007 sedit.
797 1953 864 2008 Cum

65 2057 128 2114 ergo
142 2040 228 2094 unius
245 2047 326 2111 atque
340 2056 393 2093 una
417 2040 451 2093 sit
472 2039 562 2105 sedes,
586 2041 629 2094 cui
653 2058 687 2096 ex
702 2042 863 2097 auctoritate

64 2128 153 2185 divina
168 2137 228 2184 tres
242 2144 316 2183 nnnc
339 2128 460 2198 episcopi
482 2129 639 2199 praesident,
664 2130 794 2202 quidquid
810 2147 863 2203 ego

63 2217 94 2272 de
108 2217 190 2272 vobis
206 2216 272 2271 boni
296 2217 388 2283 audio,
413 2218 465 2272 boc
489 2217 556 2271 mihi
570 2218 692 2289 imputo,
711 2219 733 2274 si
749 2220 862 2291 quidde

63 2322 102 2362 me
117 2306 184 2360 boni
200 2304 323 2375 creditis,
339 2307 390 2361 hoc
405 2306 504 2361 vestris
524 2307 626 2361 meritis
642 2307 782 2378 imputate,
799 2308 862 2380 qnia

62 2394 147 2449 inillo
163 2410 251 2449 unum
266 2410 361 2448 sumus
385 2394 431 2466 qui
446 2394 483 2449 nit
500 2413 507 2448 τ
527 2397 558 2452 Ut
573 2412 669 2452 oannes
684 2413 775 2452 unam
790 2394 864 2464 sint,

62 2485 173 2539 mutet
185 2487 228 2549 tu,
242 2486 336 2548 Pater,
353 2485 386 2537 ia
403 2500 448 2538 mc
466 2488 494 2538 et
508 2499 556 2555 ego
579 2485 611 2538 in
626 2489 661 2549 te,
677 2488 709 2540 ut
728 2486 860 2558 etipsiia

62 2573 135 2628 uobis
146 2588 242 2627 unum
256 2572 317 2626 sint
332 2572 422 2642 (toan.
434 2573 515 2639 amr).

95 2660 121 2716 Si
136 2676 219 2734 ergo,
235 2659 328 2723 trater,
344 2659 488 2714 immemor
508 2660 703 2716 beneficiorum
722 2679 737 2715 a
752 2676 795 2718 me
811 2663 859 2716 tibi

61 2748 246 2820 impensorum
273 2747 383 2819 oblitus,
412 2750 559 2804 adversum
583 2766 625 2804 me
648 2749 780 2805 rebellare
805 2765 859 2805 non

60 2836 143 2903 times,
160 2837 228 2893 time
249 2844 341 2893 tamen
365 2837 498 2893 rebellare
523 2839 655 2893 adversus
678 2839 787 2894 beatum
802 2841 858 2895 Re-

60 2925 180 3000 migium,
197 2925 245 2998 qui
258 2926 328 2982 sicut
341 2926 423 2980 modo
438 2926 548 2995 audisti,
564 2942 636 2982 nunc
653 2944 739 2999 usque
759 2928 785 2982 in
801 2929 858 2983 suis

60 3014 264 3071 successoribus
279 3014 512 3087 qualibuscunque
527 3016 622 3081 sedet;
648 3024 673 3070 et
697 3016 761 3088 quia
776 3018 857 3072 sedes

60 3104 127 3159 illius
152 3111 206 3170 est,
230 3103 257 3157 in
282 3119 335 3174 qna
359 3103 465 3159 resides
485 3120 517 3158 ex
541 3104 698 3160 auctoritate
713 3106 813 3174 divina,
830 3114 857 3162 et

58 3192 140 3264 ipsius
155 3191 230 3248 beati
245 3191 362 3263 Remigii
383 3192 559 3264 benignitate,
582 3193 651 3247 inter
675 3194 766 3262 sedes,
783 3197 855 3268 quod

57 3290 130 3337 antea
152 3297 209 3336 non
231 3280 327 3346 luerat,
349 3289 502 3351 computata
517 3300 523 3335 :
541 3281 671 3354 quidquid
691 3283 725 3338 de
739 3300 793 3350 me,
809 3284 855 3356 qui

57 3371 136 3425 sedeo
152 3369 262 3425 insede
276 3369 357 3435 illius,
376 3369 439 3425 boni
455 3370 541 3436 audis,
554 3370 601 3424 tibi
612 3371 743 3442 imputare
758 3373 852 3439 debes,

56 3459 117 3530 quia
141 3458 275 3531 quidquid
303 3458 337 3513 de
361 3466 387 3513 te
414 3458 479 3513 boni
501 3459 592 3528 audio,
616 3459 682 3513 mihi
698 3461 810 3531 imputo,
828 3470 854 3516 et

54 3547 184 3619 quidquid
213 3545 248 3601 de
272 3554 299 3601 te
322 3546 461 3601 sinistrum
485 3548 586 3613 audio,
602 3565 656 3603 non
672 3557 772 3603 tantum
790 3550 851 3620 tuis,

55 3635 101 3691 sed
110 3644 137 3690 et
151 3635 225 3691 meis
236 3635 358 3706 peccatis
372 3635 475 3707 imputo
497 3652 547 3708 per
560 3638 636 3707 eujus
651 3653 748 3692 manus
763 3638 852 3709 impo-

52 3723 179 3779 sitionem
199 3723 251 3778 Dei
267 3722 369 3792 judicio
384 3732 410 3778 tc
425 3724 452 3779 in
466 3725 513 3779 illa
528 3727 593 3780 sede
609 3725 729 3782 residere
746 3742 851 3798 cogno-

51 3828 107 3869 sco.
123 3812 230 3869 Desine
244 3827 310 3885 ergo
324 3812 358 3866 ab
373 3828 501 3886 ecquam
517 3815 612 3886 cepisti
637 3815 735 3871 mentis
750 3816 851 3887 impro-

51 3900 141 3970 bitate,
164 3908 192 3957 et
216 3917 326 3956 assume
348 3902 447 3957 mentis
470 3903 647 3959 bumilitatem
671 3921 732 3960 cum
752 3904 850 3960 virtute

50 3998 151 4048 nactae
165 3989 339 4057 obedientiae,
356 3999 384 4046 ut
398 3992 426 4046 in
449 3991 496 4047 illo
520 4009 601 4048 unum
617 3993 711 4060 simus,
728 3993 774 4064 qui
788 3993 825 4048 ait
841 4014 850 4048 :

53 4082 188 4138 Etmanes
202 4081 370 4145 unumstet,
380 4081 455 4136 sicet
464 4085 492 4136 et
502 4085 542 4146 tu,
558 4085 654 4148 Pater,
667 4085 697 4138 in
712 4099 756 4137 nac
766 4087 849 4153 clepo

48 4170 79 4224 tu
94 4171 121 4223 te
137 4186 145 4222 :
157 4173 192 4224 ut
204 4172 235 4224 et
243 4169 300 4241 ipsi
312 4170 344 4224 in
356 4170 434 4226 nodis
446 4187 536 4225 unum
547 4171 616 4226 sint.
629 4168 765 4238 Quoniam
780 4171 850 4226 sicut

48 4262 73 4311 et
86 4272 119 4314 ex
133 4256 230 4312 serbis
244 4257 484 4328 apostolicaesedis
495 4258 602 4324 audisti,
615 4259 678 4315 licet
689 4261 787 4315 harum
797 4260 849 4314 Ec·

47 4343 202 4413 clesiamm,
221 4345 411 4403 Alexandrinae
426 4346 530 4402 scilicet
544 4355 571 4402 et
581 4347 765 4414 Antiochense,
779 4365 849 4419 prae·

924 452 986 516 post
1009 446 1121 518 dignam
1143 446 1364 502 satisfactionem
1381 447 1495 502 restituit
1511 465 1516 502 :
1534 448 1601 504 sicut
1617 448 1725 505 etmihi

924 533 1083 589 decessores
1099 535 1135 589 tui
1151 535 1260 590 Simeon
1283 543 1309 590 et
1332 536 1478 601 Pardnlus,
1495 536 1539 591 cui
1554 537 1722 608 successisti,

924 622 1101 677 exhibuerunt
1130 640 1215 694 usque
1244 623 1279 677 ad
1308 631 1380 678 tuam
1408 624 1612 695 praelationem,
1641 642 1723 697 quem

924 710 1085 765 Rhcmensis
1099 710 1224 766 Ecclesia
1238 711 1272 765 ab
1287 711 1364 782 ipsis,
1385 719 1412 765 ut
1427 712 1464 765 ita
1478 712 1576 778 dicam,
1593 715 1720 770 cunabu-

922 798 956 853 lis
977 798 1048 855 dulci
1078 799 1244 872 benignitate
1270 800 1390 864 nutrivit,
1421 807 1447 855 et
1477 801 1576 871 pannis
1600 801 1721 861 infantiae

922 886 987 941 cluit
1001 896 1081 957 atque
1110 888 1191 952 exuit,
1218 888 1298 942 etad
1322 889 1411 943 virum
1434 889 1570 958 perduxit,
1588 891 1717 962 atquead

922 974 1108 1045 episcopatum
1125 976 1257 1046 provexit.
1275 978 1315 1031 De
1330 993 1383 1048 quo
1398 993 1527 1048 nuncper
1541 993 1588 1032 ora
1603 978 1654 1033 sibi
1666 994 1721 1035 ser·

922 1064 1050 1118 viantium
1064 1079 1125 1118 cum
1146 1064 1271 1135 suspiriis
1293 1079 1325 1119 ac
1346 1065 1491 1134 gemitibus
1511 1066 1575 1120 dicit
1591 1084 1598 1120 t
1615 1067 1655 1121 Ex
1671 1082 1720 1122 no-

922 1152 963 1206 bis
979 1152 1051 1218 exiit,
1069 1152 1186 1207 sednon
1203 1161 1259 1206 erat
1275 1169 1307 1207 ex
1321 1153 1416 1218 nobis,
1442 1153 1465 1207 si
1488 1155 1560 1208 enim
1575 1153 1671 1210 luisset
1686 1173 1719 1212 ex

920 1241 1008 1307 nohis,
1023 1241 1221 1311 permansisset
1244 1241 1336 1312 utique
1361 1241 1513 1297 nobiscum.
1530 1243 1563 1297 Et
1579 1245 1720 1300 attendens

920 1328 1036 1399 qualiter
1051 1329 1172 1399 episcopi
1188 1329 1326 1384 civitatum
1342 1345 1397 1383 suae
1411 1329 1566 1400 provinciae,
1580 1347 1648 1402 quos
1663 1348 1718 1388 non
1802 1343 1807 1350 '

918 1415 1036 1481 nutrivit,
1053 1417 1102 1470 sed
1118 1416 1279 1486 regulariter
1300 1417 1441 1481 ordinavit,
1467 1418 1492 1471 ci
1509 1417 1682 1490 benignitatis
1693 1427 1720 1475 et

919 1504 1074 1559 humilitatis
1096 1512 1176 1576 atque
1201 1504 1363 1560 obedientiae
1390 1505 1547 1575 impendant
1576 1507 1716 1579 obsequia,

918 1593 981 1648 dicit
998 1611 1004 1647 :
1021 1593 1141 1664 Populus
1165 1610 1245 1665 quem
1267 1610 1320 1648 non
1343 1594 1460 1665 cognovi
1482 1595 1565 1650 servit
1590 1596 1665 1666 mihi,
1690 1596 1717 1652 in

916 1681 1008 1736 auditu
1024 1682 1096 1735 auris
1113 1682 1205 1737 obedit
1220 1682 1286 1736 mihi
1303 1701 1309 1736 :
1327 1681 1397 1737 tilius
1417 1691 1507 1738 autem
1523 1684 1627 1740 alienus
1642 1701 1719 1740 men·

917 1769 980 1824 titus
995 1779 1036 1825 cst
1051 1771 1125 1833 mihi,
1142 1771 1214 1824 tilius
1228 1771 1332 1825 alienus
1347 1771 1505 1826 inveteravit
1520 1773 1608 1842 (Paul.
1630 1774 1713 1845 nvn),

915 1867 1042 1922 videlicet
1057 1868 1120 1939 quia
1136 1869 1207 1939 quod
1222 1868 1278 1940 agit
1293 1869 1328 1922 ad
1348 1868 1486 1924 hominem
1504 1878 1639 1925 vetustum
1654 1887 1718 1941 per·

915 1956 989 2021 tinet,
1006 1965 1033 2010 et
1047 1957 1180 2011 claudicat
1204 1973 1219 2010 a
1241 1956 1344 2011 semitis
1370 1957 1435 2019 suis,
1458 1974 1525 2029 quas
1539 1959 1567 2012 in
1583 1959 1716 2014 mandatis

914 2044 1022 2099 Domini
1050 2061 1100 2115 per
1126 2045 1301 2100 humilitatem
1329 2052 1355 2100 et
1377 2045 1558 2101 obedientiam
1587 2047 1716 2103 debuerat

914 2148 1034 2198 currere,
1067 2143 1092 2187 ct
1117 2150 1227 2187 sumens
1257 2134 1404 2188 lamentum
1434 2133 1541 2188 Domini
1563 2135 1598 2189 de
1620 2134 1710 2189 lsaia:

913 2223 1028 2286 Filium,
1043 2221 1138 2292 inquit,
1148 2222 1294 2277 nutrierint
1304 2223 1441 2285 ccultant,
1455 2225 1514 2294 ipsc
1525 2227 1622 2278 autem
1636 2240 1714 2295 sper-

912 2311 1096 2381 sirmeum.
1114 2310 1273 2381 1).Etlicet
1293 2319 1319 2364 tu
1342 2310 1393 2365 hoc
1418 2310 1484 2365 forte
1508 2327 1561 2367 non
1577 2311 1712 2384 recogites

912 2416 1000 2470 neqnc
1017 2399 1124 2467 timeas,
1141 2406 1229 2454 certus
1244 2406 1334 2453 tamen
1354 2415 1415 2453 esse
1433 2408 1512 2470 potes
1528 2400 1589 2470 quia
1604 2409 1712 2455 sanctus

910 2487 1051 2558 Remigius
1066 2505 1080 2541 a
1096 2496 1122 2541 te
1137 2496 1264 2558 reposcet
1273 2488 1300 2541 in
1309 2495 1458 2559 conspeetu
1467 2487 1575 2543 Domini
1583 2489 1711 2544 obedien-

911 2576 977 2629 tiam
991 2576 1200 2646 dependendam
1225 2577 1282 2630 suis
1299 2576 1512 2641 successoribus,
1529 2585 1555 2631 et
1570 2576 1623 2631 tuis
1637 2593 1711 2647 prae-

909 2665 1016 2734 positis,
1033 2681 1114 2735 quam
1128 2664 1241 2718 instituit
1257 2664 1366 2735 quando
1384 2664 1411 2718 in
1427 2664 1523 2719 eodem
1540 2664 1663 2730 castello,
1680 2665 1708 2719 in

909 2769 963 2823 quo
979 2752 1119 2807 ordinatus
1142 2769 1181 2818 es,
1209 2752 1378 2808 consecravit
1403 2752 1571 2823 episcopum,
1589 2753 1660 2808 sicut
1675 2753 1711 2810 de

909 2841 998 2897 verbis
1013 2841 1083 2895 beati
1096 2840 1194 2895 Leonis
1219 2841 1253 2894 ad
1276 2840 1420 2895 Maximum
1436 2841 1633 2896 antiochenum
1647 2842 1708 2913 epi-

908 2945 1021 3001 scopum
1037 2948 1043 2983 :
1060 2929 1201 3000 Praeposui
1214 2930 1323 2985 beatum
1332 2931 1449 2995 Petrum,
1461 2929 1488 2984 in
1502 2946 1559 2987 suae
1573 2929 1709 3001 glorifica·

907 3018 988 3074 tionis
996 3019 1131 3074 domicilio
1139 3019 1373 3090 praeeminentem,
1382 3034 1414 3074 ea
1423 3034 1566 3090 reposcere
1574 3018 1706 3090 instituta,

907 3124 968 3179 quae
988 3107 1016 3161 in
1044 3108 1184 3164 Antiochia
1214 3107 1332 3164 tradidit.
1362 3111 1498 3174 Attamen,
1523 3108 1601 3175 velis,
1627 3108 1707 3177 nolis,

907 3204 1017 3252 sanctus
1032 3196 1176 3251 llormisda
1190 3213 1261 3267 papa
1276 3196 1324 3250 tibi
1348 3197 1471 3252 ostendet
1485 3201 1629 3267 primatem
1643 3213 1705 3253 esse

906 3285 985 3352 hujus
999 3285 1144 3356 provinciae
1161 3284 1236 3338 illurn
1252 3285 1297 3356 qui
1308 3284 1409 3340 insede
1417 3284 1491 3339 beati
1505 3284 1621 3358 Remigii
1631 3285 1704 3355 apud

905 3372 1070 3428 Rbemorum
1106 3372 1276 3442 metropolim
1309 3381 1351 3427 ost
1377 3371 1517 3427 ordinatus
1546 3372 1701 3442 episcopus.

904 3462 948 3516 Ait
962 3461 1034 3516 enim
1048 3462 1076 3515 in
1091 3461 1204 3532 epistola
1219 3461 1253 3515 ad
1268 3477 1330 3515 eum
1349 3461 1449 3516 directa
1467 3478 1474 3514 :
1493 3481 1504 3511 a
1520 3459 1703 3516 Dilectissimo

904 3549 976 3604 tratri
992 3549 1116 3622 Remigio
1132 3549 1283 3604 Hormisda.
1309 3548 1464 3621 suscipiens
1483 3549 1563 3619 plena
1578 3547 1702 3603 fraterni·

903 3638 964 3692 tatis
980 3646 1032 3694 tuae
1045 3638 1277 3710 congratulatione
1292 3637 1437 3709 colloquia,
1461 3637 1558 3708 quibus
1573 3652 1623 3692 nos
1638 3652 1701 3709 ger·

903 3743 992 3782 manae
1010 3726 1103 3781 salutis
1128 3734 1179 3782 tuae
1201 3726 1345 3782 laetificarit
1363 3724 1473 3795 indicio,
1490 3726 1624 3796 corporali
1639 3742 1700 3781 cum

904 3816 1067 3887 spiritalibus
1088 3815 1184 3871 officiis
1208 3815 1391 3872 incolumitate
1407 3813 1533 3884 subnixo,
1549 3831 1697 3886 congruum

901 3920 963 3959 csse
979 3905 1174 3976 perspeximus,
1186 3905 1256 3960 hanc
1268 3903 1366 3975 ipsam,
1379 3919 1461 3976 quam
1470 3910 1559 3959 mente
1568 3904 1699 3975 gerimus,

901 3993 993 4049 verbis
1007 3993 1110 4064 aperire
1126 3992 1255 4048 laetitiam.
1267 3992 1334 4065 Agis
1345 3992 1416 4048 enim
1427 3992 1524 4048 summi
1539 3992 1702 4047 documenta

900 4080 1047 4152 pontilicis,
1064 4083 1128 4136 dum
1144 4088 1169 4136 et
1184 4082 1357 4152 praedicanda
1379 4081 1455 4147 lacis,
1471 4088 1499 4136 et
1513 4097 1544 4135 ea
1560 4080 1700 4136 insinuare

901 4185 954 4226 non
969 4169 1071 4224 differs.
1089 4172 1298 4243 Praerogativam
1320 4171 1403 4241 igitur
1426 4170 1460 4224 de
1474 4169 1558 4224 nostri
1574 4169 1695 4241 sumpsi·

901 4276 962 4314 mus
976 4259 1108 4314 electione
1132 4259 1236 4328 judicii,
1254 4258 1403 4330 quandoid
1426 4267 1565 4328 operatum
1590 4266 1616 4312 te
1640 4275 1701 4314 esse

900 4347 1054 4414 didicimus,
1071 4347 1144 4418 quod
1158 4347 1262 4402 caeteris
1283 4346 1421 4419 agendum
1444 4345 1568 4400 obnixius
1581 4345 1702 4415 impera-

49 4433 120 4489 sules
135 4434 209 4488 beati
223 4435 295 4489 Petri
312 4435 393 4490 sedes
408 4444 502 4491 tenere
525 4452 555 4491 se
580 4447 757 4509 cognoscant,
773 4436 883 4510 quodD
899 4451 969 4506 mus,
987 4445 1013 4490 ut
1030 4435 1056 4490 in
1072 4434 1218 4506 provinciis
1238 4443 1308 4490 tanta
1333 4433 1529 4505 longinquitate
1544 4432 1696 4501 disjunctis,
1783 4498 1786 4502 ⁴

50 4530 74 4578 et
87 4522 204 4579 Romani
217 4522 358 4595 pontifices
375 4532 545 4592 attestantur,
558 4535 711 4582 nontamen
727 4527 847 4583 subditas

51 4612 157 4668 easdem
182 4612 264 4668 sedes
292 4613 421 4669 Romanae
448 4614 507 4668 sedi
534 4614 688 4687 denegant,
718 4632 768 4672 nec
794 4616 846 4686 ipsi

51 4697 171 4757 Romano
181 4700 303 4772 pontifici
318 4702 397 4758 subdi
413 4703 494 4759 modo
509 4703 629 4775 quolibet
643 4704 845 4774 dedignantem

53 4803 98 4845 nec
110 4789 151 4844 tni
165 4791 328 4846 decessores
343 4808 374 4847 ac
388 4792 606 4863 praedecessores
615 4792 693 4848 subdi
705 4793 845 4865 dedignati

55 4886 107 4932 smt
121 4878 287 4935 Rhemorum
303 4880 448 4952 episcopis,
459 4889 485 4936 et
497 4881 621 4936 derebus
632 4882 763 4939 Ecclesiae
777 4883 845 4937 Rbe-

55 4980 149 5022 morum
178 4967 337 5040 metropolis
363 4969 398 5024 de
421 4969 519 5041 quibus
540 4970 649 5025 ditatum
672 4979 713 5026 est
736 4971 844 5043 episco-

57 5053 118 5122 pium
133 5056 324 5123 Laudunense,
344 5058 452 5129 quando
466 5059 492 5114 in
507 5059 595 5130 ipsam
614 5069 745 5115 venerunt
760 5075 844 5131 paro-

57 5142 141 5213 chiam,
166 5145 305 5200 humiliter
332 5162 365 5202 ac
392 5145 511 5218 benigne
538 5149 685 5204 Rhemensi
713 5149 844 5205 Ecclesiae

56 5227 177 5301 temulari,
195 5250 228 5288 ex
243 5250 299 5306 qno
321 5234 417 5290 beatus
442 5236 582 5307 Remigius
607 5245 731 5293 sanctum
752 5237 844 5294 Gene-

58 5315 160 5377 baudnm
174 5323 202 5377 in
218 5323 392 5379 laudunensi
415 5325 526 5381 castello
550 5326 708 5398 episcopum
727 5345 782 5383 non
797 5343 844 5384 so-

57 5405 98 5464 lun
113 5411 262 5478 constituit,
278 5413 327 5468 sed
343 5414 432 5480 etiam,
458 5422 488 5469 ut
503 5416 621 5471 ostendit
636 5416 744 5487 antiqua
759 5417 844 5472 tradi-

56 5503 92 5576 tio,
116 5517 141 5565 et
163 5508 363 5569 monimentum
390 5512 561 5585 reclusionis,
583 5528 637 5588 qna
657 5530 718 5570 eum
732 5523 845 5587 propter

897 4534 924 4581 et
938 4524 1095 4595 apostolicae
1110 4523 1183 4578 sedis
1198 4523 1329 4595 vigorem,
1357 4531 1383 4577 et
1404 4529 1508 4593 patrum
1523 4521 1624 4592 regulis
1639 4528 1697 4575 stu-

897 4614 962 4669 deas
977 4612 1107 4668 adhibere
1123 4613 1285 4669 custodiam.
1303 4613 1383 4668 Vices
1408 4611 1497 4682 itaque
1520 4618 1625 4664 nostras
1648 4626 1697 4680 per

897 4718 977 4758 omne
1003 4718 1116 4775 regnum
1141 4701 1232 4758 dilecti
1252 4709 1278 4756 et
1292 4700 1418 4772 spiritalis
1432 4698 1479 4753 filii
1494 4697 1578 4752 nostri
1593 4698 1694 4753 Clodo·

896 4792 949 4858 vei,
979 4807 1060 4863 quem
1088 4807 1191 4862 nuper,
1219 4789 1428 4845 adminiculante
1456 4802 1572 4858 superna
1596 4786 1693 4860 gratia,

895 4879 1020 4951 plurimis
1047 4889 1073 4934 et
1096 4879 1279 4951 apostolorum
1308 4876 1475 4947 temporibus
1496 4875 1695 4947 aequiparandis

896 4969 1036 5041 signomm
1051 4968 1187 5023 miraculis
1204 4965 1424 5037 praedicationem
1444 4963 1612 5020 salutiferam
1625 4981 1693 5022 con·
1753 5011 1757 5019 .

896 5057 1096 5124 comitantibus,
1112 5057 1146 5111 ad
1160 5055 1242 5111 tidem
1264 5070 1324 5109 cnm
1352 5060 1434 5125 gente
1456 5054 1562 5129 integra
1576 5069 1693 5110 conver-

895 5146 961 5212 tisti,
979 5154 1005 5201 ct
1018 5145 1084 5201 sacri
1114 5145 1186 5199 dono
1210 5143 1379 5214 baptismatis
1409 5142 1585 5206 consecrasti,
1611 5141 1693 5196 salvis

894 5233 1047 5306 privilegiis
1075 5250 1135 5304 quae
1162 5231 1374 5303 metropolitanis
1397 5231 1516 5287 decrevit
1537 5230 1692 5301 antiquitas,

895 5322 1024 5394 presenti
1053 5321 1211 5376 auctoritate
1236 5320 1437 5388 committimus,
1464 5325 1597 5390 augentes
1612 5319 1694 5375 studii

896 5412 976 5481 hujus
989 5410 1193 5481 participatione
1213 5409 1363 5475 ministerii,
1382 5407 1550 5480 dignitatem,
1567 5408 1695 5465 relevan-

895 5519 937 5567 tes
965 5517 1071 5566 nostras
1099 5508 1221 5579 ejusdem
1246 5507 1366 5566 remedio
1385 5505 1596 5579 dispensationis
1610 5523 1695 5564 excu-
