3794 6104
635 226 812 282 uelstuta'
831 225 875 278 ht*
895 225 1067 282 ueduata.

880 349 1055 408 Astolorum
1071 349 1223 420 principem
1239 346 1720 417 nostrmuquepontilieiumueniens,

353 352 570 407 cccxxxviii.

336 474 372 515 10
387 473 589 512 succurreres.

300 568 389 633 tAnno
410 567 461 617 810
478 563 521 618 vel
538 567 613 629 880.)

62 675 295 743 llouetutruplo
307 688 371 725 cum
391 672 541 725 Saracenis
560 669 663 739 sedere
681 668 717 721 orl
737 665 870 720 Ecclesia

99 745 240 815 premium
249 746 441 808 revertantur,
452 746 480 795 et
490 758 552 795 eoru
563 742 660 796 obrem
677 738 798 807 simpatia
814 752 869 789 ort-

98 815 252 869 aiedecem
262 814 356 868 1011110
380 827 577 867 mancosorum
602 814 666 865 cleo
692 825 769 865 orerto
789 807 870 860 mille

98 886 236 945 00100001
257 899 286 938 sc
304 883 466 954 promittit,·
485 884 543 936 oiri
556 880 718 952 paruerint,
739 880 869 933 minatur

70 1015 76 1025 ,
100 953 439 1011 0010101000100110110111.

100 1058 341 1118 Reuerendissimo
356 1059 449 1112 Pareo
459 1057 597 1127 episcope,
611 1073 659 1111 seu
669 1057 788 1110 Poleam
798 1071 868 1125 prae-

62 1148 190 1216 fectorio,
207 1156 234 1203 et
249 1146 375 1204 omnihus
390 1145 587 1209 sacerdotibus,
605 1160 636 1199 ae
653 1142 769 1208 clericis,
786 1152 867 1213 atque

61 1237 192 1292 universo
207 1235 308 1306 populo
323 1232 493 1289 Amalfitana
508 1233 634 1289 civitatis.

99 1325 184 1379 Multa
200 1322 278 1378 robis
293 1323 363 1378 bona
379 1321 470 1377 lacere
484 1321 623 1392 alacrique
639 1327 729 1374 ruente
747 1319 867 1373 tribuere

61 1428 139 1482 saepe
153 1410 338 1482 promisimus,
355 1410 527 1467 decertantes
543 1417 572 1462 ut
587 1416 694 1479 paetum
707 1408 780 1479 qued
806 1422 867 1462 cum

62 1499 149 1571 impia
163 1500 359 1555 Saracenorum
374 1507 454 1571 gente
468 1496 584 1560 habetis,
600 1495 760 1551 omnimodis
787 1511 864 1549 rum·

62 1587 175 1657 peretis,
192 1603 225 1644 ne
235 1604 268 1641 ex
279 1586 415 1641 consortio
430 1585 520 1658 gentis
530 1583 658 1656 maligma
674 1582 798 1638 Ecclesia
816 1582 868 1636 Dei

1662 227 1715 284 003

925 436 1088 491 humilitatis
1109 435 1254 491 devotione
1273 434 1339 505 petit
1364 442 1496 506 quatenus
1520 432 1721 490 Lausanensem

922 525 1085 591 Ecclesiam,
1103 542 1182 596 ‹quam
1195 525 1250 593 jam
1266 523 1330 577 olim
1345 524 1497 595 regendam
1515 532 1684 594 susceperat,
1694 523 1719 579 ei

921 612 1051 685 deinceps
1067 613 1145 670 robis
1160 612 1313 667 lucentibus
1328 611 1431 669 habere
1446 612 1550 668 liceret.
1564 613 1620 667 Nos
1630 619 1721 668 autem

921 702 977 772 ejus
992 703 1119 773 precihus
1134 702 1210 765 moti,
1223 701 1299 771 juata
1315 701 1388 773 quod
1403 701 1523 757 omnimn
1538 701 1723 759 Ecclesiarurn

920 791 970 846 Dei
984 807 1076 847 curum
1091 791 1224 846 babemus
1240 788 1426 856 commissam,
1444 798 1469 843 et
1486 789 1548 861 quia
1564 797 1658 845 nosha
1671 807 1721 855 011-

920 880 1072 935 hortatione
1088 878 1164 934 illum
1178 879 1255 933 robis
1266 877 1373 934 fidelem
1386 878 1411 931 in
1422 877 1557 948 omnihus,
1570 878 1723 950 proprium·

920 984 982 1039 que,
1000 968 1069 1023 sicut
1084 967 1175 1023 coeteri
1191 968 1270 1041 regni
1287 967 1368 1022 vestri
1386 966 1505 1037 episcopi
1523 967 1723 1035 texislunt,esse

919 1055 1060 1125 cupientes
1076 1056 1248 1126 agnovimus,
1267 1055 1308 1110 his
1321 1055 1488 1126 apostolatus
1517 1054 1602 1109 nostri
1621 1055 1717 1112 litteris

919 1143 1089 1199 excellentiae
1105 1153 1201 1198 restrae
1215 1144 1390 1216 suggerimus
1407 1152 1434 1196 ut
1457 1159 1519 1198 eum
1548 1159 1599 1214 pro
1626 1159 1721 1201 amore

917 1232 969 1287 Dei
984 1241 1009 1286 et
1027 1232 1114 1286 salicti
1130 1231 1201 1286 Petri
1212 1240 1237 1286 et
1252 1241 1355 1297 nostro,
1372 1240 1399 1285 et
1426 1231 1543 1302 benigne
1572 1219 1718 1302 recipiatis,

917 1320 1012 1388 etjam
1027 1320 1128 1376 dictum
1145 1320 1331 1392 episcopatum
1348 1320 1559 1388 Lausanensem,
1577 1319 1628 1391 sibi
1649 1319 1721 1375 diri·

917 1409 988 1462 01100
1003 1424 1176 1474 concessum,
1193 1416 1341 1479 nostraque
1357 1407 1504 1477 apostolica
1521 1407 1602 1462 etiam
1623 1406 1725 1464 aucto?

918 1496 994 1551 ritate
1016 1497 1202 1562 commissum,
1235 1496 1284 1549 sub
1314 1495 1388 1550 011101
1415 1496 1570 1568 integritate
1598 1497 1719 1567 recipere

917 1585 1072 1656 habereque
1089 1584 1220 1639 securiter
1234 1584 1403 1655 permittatis,
1428 1601 1461 1638 ne
1485 1583 1601 1656 amplius
1625 1584 1721 1641 eadent

62 1693 112 1746 per
141 1691 189 1730 vos
218 1674 257 1729 sic
285 1673 432 1729 crudeliter
460 1672 636 1744 affligeretur,
664 1680 690 1726 et
724 1670 865 1724 animabus
881 1672 1042 1758 BEcclesia
1057 1681 1150 1727 eontra
1165 1680 1262 1727 statuta
1284 1673 1392 1727 Petrum
1407 1672 1465 1726 sine
1480 1673 1593 1744 proprio
1615 1681 1721 1728 restore

62 1764 161 1819 vestris
176 1779 231 1818 non
246 1763 333 1817 solum
348 1761 496 1832 temporale
513 1760 611 1816 exinde
628 1759 791 1823 discrimen,
817 1758 866 1813 sed
920 1762 1061 1818 consistat.
1079 1762 1147 1815 Nam
1161 1760 1325 1834 regulariter
1340 1761 1414 1815 illum
1431 1761 1557 1829 electum,
1575 1762 1715 1833 eproprio

63 1853 148 1906 etiarn
169 1859 304 1906 aeternum
330 1849 477 1921 acquiretis
507 1847 679 1919 supplicium.
712 1848 791 1902 Nono
819 1863 870 1900 au·
920 1849 1126 1920 archiepiscopo
1149 1865 1232 1903 eausa
1256 1847 1419 1902 infirmitatis
1441 1849 1581 1919 praebente
1607 1865 1723 1904 consen-

63 1949 120 1994 tcm
136 1954 195 2003 vos,
212 1936 376 2009 questubus
390 1937 504 1992 dilectos
519 1942 674 2007 corporeet
690 1934 786 2005 spiritu
811 1934 868 1989 sal·
921 1955 989 2003 sum,
1008 1946 1031 1993 et
1048 1937 1191 2008 episcopos
1207 1945 1413 1992 consecratores
1435 1936 1505 1990 illius
1533 1937 1636 2006 litteris,
1654 1954 1722 2010 quas

63 2044 130 2083 rare
155 2025 288 2089 volentes,
311 2025 352 2079 his
377 2024 546 2094 apostolatus
570 2024 654 2078 nostri
678 2022 775 2077 litteris
807 2039 868 2077 mo·
922 2027 1001 2081 nobis
1027 2026 1156 2094 ostendit,
1187 2034 1311 2097 rogante,
1342 2033 1528 2080 consecratum
1557 2025 1641 2080 luisse
1666 2027 1721 2094 iam

62 2131 164 2170 nemus
179 2121 208 2170 et
222 2114 363 2168 hortamur
389 2112 592 2167 unanimitatem
614 2118 733 2166 vestram
757 2119 794 2177 ut,
822 2127 867 2165 re·
920 2115 999 2170 dictm
1015 2114 1146 2169 Ecclesia
1157 2114 1326 2184 episcopum,
1339 2114 1524 2169 incunctanter
1534 2113 1718 2186 agnoscimus.

63 2204 131 2258 licta
146 2218 219 2258 nunc
233 2201 341 2273 penitus
356 2201 555 2257 Saracenorum
570 2200 707 2267 societate,
725 2208 867 2270 corrupto·
921 2205 952 2257 m
967 2203 1069 2258 idcireo
1086 2202 1212 2258 volumus
1227 2209 1253 2256 et
1269 2218 1398 2274 rogamus
1413 2209 1441 2255 ut
1462 2201 1566 2272 absque
1587 2201 1719 2273 temporis
1807 2277 1808 2280 Ἴ

62 2307 122 2363 que
133 2290 237 2346 soedere
252 2291 402 2362 quodcum
417 2289 456 2344 eis
471 2289 505 2344 ad
521 2288 701 2358 perditionem
716 2290 867 2342 animarum

62 2389 216 2435 vestrarum
232 2388 258 2434 et
272 2387 350 2433 terrm
366 2378 451 2433 sancti
467 2379 538 2433 Petri
555 2376 668 2442 hahetis,
686 2376 767 2432 alacri
777 2383 867 2431 mente

62 2468 164 2538 piaque
180 2467 333 2530 devotione,
348 2467 403 2535 jam
429 2466 510 2521 modo
538 2467 573 2520 ad
601 2464 737 2536 gremium
768 2472 868 2519 sanctae

61 2556 207 2617 mmoheae
235 2565 262 2610 et
289 2555 445 2626 apostolicae
473 2554 606 2610 Ecclesiae
633 2553 727 2608 matris
769 2560 866 2608 restrae

60 2643 246 2707 revertamini,
257 2650 285 2697 et
305 2643 339 2697 ad
362 2643 555 2698 societatemet
582 2640 865 2698 communionemno-

62 2742 147 2787 stram
162 2731 253 2786 redire
270 2730 410 2785 studeatis.
428 2731 462 2784 Et
482 2730 608 2784 dabimus
636 2729 712 2784 robis
741 2744 813 2783 nunc
840 2735 866 2782 et

918 2291 1109 2361 protelatione,
1125 2290 1168 2344 rel
1183 2278 1273 2361 aliq'ua
1303 2290 1541 2357 contracdictione,
1573 2306 1661 2357 suurn,
1692 2300 1720 2346 ut

917 2379 1045 2444 diximus,
1064 2379 1251 2449 episcopatum
1266 2379 1374 2444 habeat,
1391 2388 1480 2434 teneat
1496 2387 1577 2450 atque
1591 2395 1653 2435 cum
1668 2378 1718 2434 Dei

918 2468 1070 2522 reverentia
1084 2467 1221 2536 disponat,
1237 2467 1366 2538 quoniam
1382 2484 1433 2521 nos
1448 2467 1475 2521 in
1490 2468 1600 2522 alterius
1629 2467 1718 2523 nomi-

917 2557 959 2610 nis
973 2556 1105 2611 electione
1121 2556 1164 2610 vel
1179 2556 1387 2611 consecratione
1402 2556 1455 2611 isto
1472 2556 1581 2611 vivente
1602 2572 1718 2612 consen·

917 2645 967 2699 tire.
983 2644 1056 2699 nullo
1071 2644 1153 2699 modo
1166 2644 1299 2714 patiemur
1313 2660 1345 2699 eo
1361 2645 1434 2715 quod
1451 2645 1591 2714 praecipua
1611 2653 1718 2700 sancto-

918 2749 976 2786 rum
991 2733 1099 2786 Patrum
1114 2732 1372 2800 auctoritasjubeat,
1399 2733 1469 2787 duos
1498 2732 1578 2787 simul
1606 2733 1634 2787 in
1662 2748 1716 2788 una

61 2836 113 2890 per
130 2819 253 2890 singulos
277 2834 371 2883 annos,
396 2817 465 2872 sicut
489 2817 558 2871 inter
579 2833 628 2871 nos
653 2824 780 2870 statutum
805 2815 864 2879 luit,
916 2820 1021 2874 civitate
1037 2836 1092 2874 non
1112 2821 1213 2875 dehere
1242 2837 1304 2875 esse
1333 2821 1488 2891 episcopos.
1518 2820 1715 2888 Quamobrem,

61 2909 162 2963 decem
186 2907 271 2961 millia
300 2921 490 2960 mancosorum
520 2905 688 2976 a1·genti;et
713 2904 765 2959 isto
793 2920 864 2974 prae-
916 2908 1072 2962 charissime
1097 2907 1145 2977 lili,
1171 2911 1314 2963 hortamur
1335 2908 1511 2964 nihilominus
1535 2917 1561 2964 et
1585 2910 1713 2966 obsecra-

61 2995 136 3051 senti
148 3010 220 3049 anno
235 2995 331 3049 damus
347 2993 424 3048 robis
439 3008 487 3063 pro
502 2991 690 3047 benedictione
701 2990 864 3062 supramille
916 3013 976 3050 mus
990 2996 1095 3068 regiam
1111 2997 1228 3070 gloriam
1243 3005 1370 3061 vestram,
1390 3004 1418 3050 ut
1432 2998 1490 3052 Deo
1505 2997 1719 3069 erixilianteipsa

60 3097 220 3142 mancosos.
238 3089 265 3136 et
279 3082 414 3136 teloneum
429 3080 500 3152 quod
517 3081 545 3133 in
570 3088 647 3149 portu
675 3087 767 3134 nostre
795 3080 861 3134 dare
886 3116 888 3120 -
920 3084 1052 3152 Ecclesia,
1068 3085 1176 3156 proprio
1193 3101 1264 3140 nunc
1279 3093 1388 3156 recepto
1403 3095 1524 3155 pastore,
1550 3087 1601 3141 snb
1623 3095 1719 3143 vestrae

60 3171 180 3234 debetis,
196 3170 274 3224 robis
296 3169 481 3224 concedimus.
510 3168 589 3237 Quod
615 3169 637 3223 si
661 3168 689 3221 in
711 3167 755 3222 tali
777 3167 861 3237 impio
921 3173 1072 3228 elementiae
1088 3173 1214 3227 tutamine
1230 3173 1345 3242 pacilica
1356 3173 1412 3241 jam
1428 3181 1453 3227 ot
1468 3173 1559 3243 quieta
1578 3174 1717 3240 consistat,

61 3258 182 3323 scelere,
199 3256 307 3312 diabolo
321 3258 462 3323 suadente,
480 3256 597 3326 amplius
612 3270 775 3326 permanere
797 3271 866 3325 prm·
921 3268 948 3313 ut
963 3261 1021 3328 ejus
1036 3261 1163 3330 precibus
1179 3261 1273 3327 adiuti,
1290 3267 1351 3330 post
1365 3261 1417 3314 hoc
1441 3276 1558 3331 regnum
1583 3267 1719 3316 terrenum

61 3345 245 3416 sumpseritis,
263 3353 289 3399 et
303 3345 393 3415 ipsum
408 3354 517 3415 pactum
531 3345 566 3398 de
581 3344 709 3414 praesenti
726 3359 780 3398 non
802 3358 864 3397 cor·
920 3347 996 3401 robis
1022 3363 1194 3410 concessum,
1223 3348 1420 3418 sempiternum
1444 3348 1588 3419 percipere
1610 3363 1718 3403 merec-

56 3433 199 3505 ruperitis,
217 3433 388 3504 praecipimus
416 3434 476 3488 huic
501 3432 630 3503 episcopo
652 3439 745 3486 nostro
770 3430 867 3486 Domi·
917 3436 992 3489 mini.
1011 3437 1146 3491 Praeterea
1161 3445 1186 3491 et
1200 3436 1385 3492 Theodericus
1419 3445 1520 3492 sanctae
1544 3435 1718 3508 Chrysopoli-

58 3522 126 3576 nice
140 3530 168 3574 ut
183 3521 241 3575 vice
256 3528 346 3576 nostra
372 3521 445 3575 omni
469 3519 654 3575 ecclesiastica
677 3534 725 3572 ros
746 3533 867 3574 commu·
918 3532 987 3579 taum
1001 3524 1073 3579 sedis
1088 3524 1310 3595 archiepiscopus
1325 3525 1423 3579 multas
1438 3524 1537 3578 nostris
1560 3524 1717 3596 apostolicis

58 3610 145 3665 niune
160 3609 270 3678 privare
283 3617 412 3679 procuret
427 3627 434 3668 ;
452 3609 566 3679 ipsoque
589 3615 754 3676 revertente,
782 3622 866 3678 syno-
918 3612 1027 3667 auribus
1047 3629 1127 3683 super
1147 3613 1290 3668 Hnbonem
1315 3612 1424 3668 fidelem
1447 3621 1566 3668 vestrum
1589 3613 1715 3684 querelas

58 3698 124 3754 dice
142 3712 192 3752 vos
206 3697 305 3752 iterum
319 3697 443 3767 perpetui
468 3695 647 3751 anathematis
668 3694 781 3751 vinculis
804 3694 866 3749 alli-
917 3701 1023 3766 direxit,
1041 3716 1074 3756 eo
1089 3702 1163 3772 quod
1180 3718 1225 3756 res
1250 3701 1383 3757 Ecclesiae
1406 3702 1477 3756 illius
1499 3701 1638 3757 invaserit.
1664 3702 1716 3757 Pre

57 3784 192 3858 gabimus
207 3802 214 3838 :
230 3793 257 3839 et
285 3785 406 3840 omnium
434 3792 567 3838 terrarum
593 3783 692 3849 aditus,
710 3782 739 3836 in
767 3782 866 3854 quibus
916 3804 969 3859 quo
991 3789 1069 3844 etiam
1090 3805 1234 3861 precamur
1254 3798 1282 3844 ut
1305 3790 1416 3845 easdem
1441 3806 1486 3845 res
1516 3789 1716 3846 ecclesiasticas

55 3873 195 3945 negotiari
210 3872 281 3927 soliti
304 3873 379 3938 estis,
406 3872 482 3927 vobis
507 3871 617 3927 omnino
644 3870 813 3934 claudemus,
837 3879 866 3925 ut
914 3877 971 3945 jam
986 3878 1057 3933 dicto
1072 3878 1278 3948 archiepiscopo
1293 3879 1343 3933 suh
1358 3878 1512 3951 integritate
1536 3879 1650 3934 reddere
1674 3877 1714 3933 ia·

59 3961 121 4016 illic
136 3961 210 4015 nulla
225 3961 336 4032 possitis
350 3976 480 4028 exercere
494 3959 613 4031 negotia.
631 3959 701 4014 Sane
718 3959 741 4012 si
756 3961 790 4014 de
805 3959 865 4013 aliis

58 4048 220 4104 civitatibus
235 4048 363 4105 dubitatis
379 4048 452 4120 quod
468 4057 575 4118 pactum
590 4063 645 4102 non
660 4056 796 4118 rumpant,
809 4063 865 4103 cre·

58 4137 153 4191 dimus
170 4135 233 4206 quia
248 4145 369 4191 nostram
386 4136 485 4190 facient
500 4135 665 4190 voluntatem
682 4154 688 4189 ε
705 4151 769 4190 nam
784 4135 865 4190 modo

58 4241 113 4296 per
129 4241 179 4279 vos
192 4224 309 4279 habeant
323 4225 536 4280 excusationem.
555 4225 587 4278 Et
602 4223 624 4277 si
639 4224 729 4294 aliqua
755 4225 789 4278 de
810 4223 864 4277 illis

57 4312 143 4367 luerit
158 4329 220 4383 quae
234 4312 304 4368 sicut
319 4328 369 4368 ros
393 4313 485 4368 iacere
500 4312 626 4384 voluerit,
643 4328 696 4366 una
720 4311 862 4366 vobiscum

57 4402 121 4470 ejus
148 4401 327 4470 perditionem
348 4401 542 4456 ordinabimus.
568 4402 652 4454 Porro
675 4399 770 4453 scitote
802 4397 903 4468 quial)

57 4490 183 4544 Leonem
197 4490 387 4561 presbyterum
402 4498 521 4544 vestrum
536 4505 621 4559 penes
634 4503 684 4542 nos
694 4486 864 4542 retinuimus.

59 4578 135 4632 Data
150 4581 183 4631 at
197 4594 295 4649 supro.

364 4692 562 4750 cclxxxix.

170 4796 356 4837 unctuosum
379 4797 504 4836 00100011
530 4795 622 4834 accen
646 4793 757 4833 011011.

359 4873 449 4934 (Anno
463 4872 537 4939 880.)

59 4964 152 5033 Ecqui
170 4974 262 5030 repam
282 4963 315 5014 ut
330 4961 530 5029 llierortpomm
543 4957 735 5028 episcopatum
761 4957 866 5009 heruso-

96 5029 344 5102 rteusempoeificc
363 5033 492 5084 reicuere
505 5028 657 5153 permitto,
679 5029 706 5080 et
724 5026 866 5108 llulrouem

95 5118 143 5157 res
158 5099 291 5157 ecclesia
300 5100 460 5154 1111001100
469 5098 502 5154 cb
516 5101 578 5152 utos
594 5096 709 5151 reddere
721 5096 829 5167 prebeat.

95 5208 203 5262 Dilecto
218 5222 249 5261 ac
265 5206 377 5275 spiritali
393 5204 447 5259 silio
463 5206 574 5259 Canoco
590 5202 713 5275 glorioso
743 5201 811 5271 regi.

105 5294 322 5366 Magnitudinem
337 5302 456 5348 vestram
471 5291 576 5363 ingenti
590 5290 668 5345 nohis
682 5304 773 5343 amore
796 5288 866 5342 dile—

55 5394 134 5442 ctam
147 5398 231 5438 nosse
247 5381 382 5443 volumus,
401 5381 465 5451 quia
480 5379 661 5449 llieronymus
676 5386 777 5432 sanotae
797 5376 867 5430 Lau-

56 5472 189 5529 sanensis
203 5470 335 5554 Ecclecie
351 5470 507 5539 episcopus,
524 5469 595 5538 apud
617 5468 645 5521 a.
672 5467 778 5520 Petrum
801 5478 866 5533 apo-

916 3966 993 4020 ciatis
1008 3982 1059 4036 pro
1074 3982 1167 4021 amore
1183 3965 1231 4021 Dei
1249 3976 1275 4021 et
1290 3975 1394 4034 nostro,
1411 3975 1437 4022 et
1453 3967 1525 4022 nulla
1539 3967 1669 4038 deinceps
1692 3967 1717 4022 ei

915 4055 1076 4123 permittatis
1091 4056 1208 4110 adverso
1224 4055 1267 4110 rel
1283 4055 1421 4111 contraria
1445 4055 1556 4111 inferre.
1581 4056 1649 4110 Data
1672 4053 1717 4110 die

915 4148 949 4198 00
964 4143 1066 4198 mensis
1078 4144 1161 4209 lunii,
1178 4144 1325 4199 indictione
1350 4159 1413 4199 1011.

1263 4285 1364 4338 00110.

994 4387 1234 4443 1011010110υο
1250 4403 1404 4442 1111000100
1421 4403 1647 4447 1011011010οε00.

1226 4477 1315 4544 (Anno
1330 4479 1405 4543 880.)

918 4583 950 4636 tlt
971 4583 1130 4652 Hieronymi
1148 4583 1267 4653 episcopi
1287 4582 1477 4636 Lauronensia
1496 4597 1613 4637 causum
1640 4583 1715 4653 opud

1111 4653 1242 4708 Corolum
1257 4668 1348 4722 rupem
1368 4655 1516 4722 procuret.

952 4753 1189 4809 llorerendissimo
1204 4763 1230 4807 et
1258 4752 1428 4808 sanctissimo
1457 4752 1625 4807 Lrurwaano
1654 4752 1714 4824 epi-

917 4858 1001 4913 scopo
1018 4850 1116 4898 sancta·
1131 4843 1261 4898 Ecclesiae
1278 4840 1468 4896 vercellensis.

956 4931 1098 4987 Dilectioni
1113 4938 1210 4985 restrae
1224 4928 1349 4983 familiari
1374 4929 1491 4999 quodam
1511 4931 1592 4985 modo
1615 4931 1714 5003 pioque

918 5020 1024 5083 affectu,
1041 5018 1122 5073 veluti
1138 5017 1296 5072 fidelissimo
1312 5017 1401 5087 nobis,
1417 5018 1578 5084 mandantes
1592 5018 1715 5074 commit-

919 5110 998 5163 timus
1015 5114 1042 5162 01
1057 5106 1219 5176 recipientes
1234 5106 1305 5159 hanc
1321 5105 1405 5160 nostri
1418 5106 1586 5176 apostolatus
1610 5107 1713 5176 episto·

918 5197 982 5258 lam,
999 5194 1135 5266 legatione
1151 5201 1245 5247 nostra
1259 5193 1360 5249 dilecto
1375 5209 1407 5249 oc
1423 5194 1534 5264 spiritali
1549 5192 1604 5249 11110
1620 5202 1713 5250 nostro

917 5283 1014 5339 Carolo
1037 5280 1263 5337 excellentissimo
1279 5282 1349 5354 regi,
1369 5297 1419 5352 pro
1442 5283 1607 5354 llieronymo
1638 5283 1712 5338 vide·

917 5373 979 5427 licet
993 5370 1160 5426 lausanensi
1170 5369 1300 5446 episcopo
1311 5370 1415 5426 directo
1425 5371 1574 5444 l'ungamloi
1588 5389 1594 5426 :
1609 5382 1699 5428 restro

916 5475 969 5530 que
984 5457 1088 5530 ingenti
1101 5459 1257 5523 certamine,
1280 5458 1461 5529 prudentique
1480 5459 1604 5528 00011110,
1627 5460 1712 5533 ipsius
