3794 6104
113 235 166 292 'lbi

720 222 899 281 Epistola
926 225 970 279 ET
999 225 1170 284 BECRETA.

1709 233 1761 292 782

113 358 260 424 turicensi,
270 358 375 412 loaivrii
389 355 595 425 archiepiscopo
610 348 833 423 Rotliomagensi,
846 351 919 402 ltnn·
933 349 1026 417 Ajam
1052 350 1099 405 diu
1127 352 1263 423 suspensi,
1293 368 1436 409 monemus
1463 353 1629 409 fraternitam
1650 363 1721 410 tuam
1736 364 1766 411 ut

114 462 209 502 nanno
225 445 431 516 archiepiscopo
445 442 607 509 Turonensi,
624 439 773 511 oporibus,

154 533 294 591 Canonica
314 531 435 588 instituta
458 539 609 595 servantes,
635 535 744 599 oportet
763 541 823 595 nos,
847 538 917 596 qno-

114 625 280 694 tiescunque
294 620 425 677 Ecclesiae
439 620 564 693 ingerunt
579 617 733 689 passiones,
745 613 918 670 sacerdotum

114 709 236 784 collegia
250 724 414 782 aggregare,
431 708 513 763 uthis
528 704 608 763 simul
622 701 855 767 convenientibus,
872 716 918 754 sa-

116 799 197 854 lubre
213 797 349 855 universae
363 795 493 853 Ecclesiae
516 792 670 859 consilinm,
696 797 722 847 et
741 789 823 845 totius
838 787 919 844 Chri-

118 885 264 943 stianitatis
278 883 359 940 fidem
376 883 465 940 eidem
486 883 635 954 imponant,
651 888 679 936 et
692 878 846 951 aequitatum
861 891 919 931 mo·

117 973 260 1030 donamina
274 981 375 1047 queant
389 987 511 1045 congrue
524 969 649 1025 dilaniari
669 968 718 1040 [cl.
734 964 919 1021 moderamine

118 1080 147 1133 q.
172 1079 198 1118 c.
219 1060 345 1127 dilimari,
366 1060 395 1116 id
418 1064 461 1115 est
484 1055 651 1128 examinarit
678 1054 783 1110 Idcirco
802 1061 919 1109 vostram

117 1153 261 1206 hortamur
282 1148 465 1214 sanctitatem,
498 1147 562 1202 dum
590 1146 624 1200 dc
652 1142 782 1199 Ludovici
806 1139 920 1213 gloriosi

118 1239 193 1310 regis
208 1238 328 1293 adventu
343 1234 495 1302 audieritis,
504 1233 613 1306 quando
624 1232 718 1288 adnos
732 1230 825 1286 venire
841 1243 920 1284 cona-

118 1327 199 1392 verit,
212 1325 241 1380 in
256 1340 288 1381 eo
303 1325 364 1380 loco
379 1322 544 1379 celebraturi
561 1320 706 1378 concilium
722 1319 825 1375 incerte
842 1325 919 1372 tene·

118 1431 192 1479 inns,
209 1413 259 1469 sed
274 1427 324 1470 vos
337 1410 478 1468 audientes
489 1408 673 1480 comperietis,
684 1423 747 1463 mox
757 1414 787 1461 ut
799 1420 920 1476 praesen·

968 437 1047 493 nobis
1061 437 1139 495 citius
1151 453 1297 496 accurrere
1322 457 1385 497 cum
1406 440 1459 496 tuis
1482 438 1670 516 suffraganeis,
1695 456 1766 514 quot

968 533 1058 582 tecum
1081 527 1216 585 adducere
1239 529 1449 601 presentialiter
1471 530 1584 602 poteris,
1608 545 1664 586 non
1685 529 1769 588 dille*

969 630 1024 679 ras,
1053 623 1082 670 ut
1110 615 1191 671 simul
1219 617 1253 673 de
1281 616 1394 674 utilitate
1417 617 1548 675 Ecclesia
1568 626 1622 676 tuae
1648 625 1767 676 tractare

969 702 1116 759 valeamus.
1144 705 1342 762 innotescimus
1370 706 1487 779 denique
1515 707 1578 778 qnia
1601 705 1768 762 venerabilis

969 788 1053 846 frater
1080 801 1105 847 et
1133 794 1312 865 coepiscopus
1340 801 1435 850 noster
1460 794 1613 865 bernarius,
1645 803 1769 852 nostram

969 893 1056 950 nuper
1084 881 1198 936 audiens
1226 882 1412 952 praesentiam,
1442 882 1598 939 reclamavit
1626 899 1656 938 se
1685 899 1769 954 super

969 967 1053 1023 fratre
1068 968 1215 1024 adalberto
1230 969 1405 1042 suffraganeo
1420 977 1477 1034 tuo,
1494 971 1528 1027 de
1543 988 1597 1043 quo
1608 971 1664 1041 jem
1675 972 1770 1028 Roma

969 1055 1185 1128 proclamaverat
1200 1065 1227 1113 et
1241 1058 1362 1114 libellum
1382 1075 1440 1115 suae
1461 1059 1661 1117 reclamationis
1673 1065 1768 1116 osten·

970 1144 1056 1199 derat.
1072 1145 1150 1201 Unde
1163 1145 1212 1201 titii
1226 1154 1252 1201 et
1270 1145 1418 1202 Viennensi
1441 1147 1646 1219 archiepiscopo
1666 1147 1770 1218 episto-

970 1231 1011 1289 las
1035 1232 1194 1300 direximus,
1217 1241 1246 1289 ut
1269 1234 1412 1289 amborum
1435 1235 1617 1307 querimonias
1634 1235 1770 1293 ventilan-

970 1328 1021 1388 tes,
1038 1337 1099 1392 quae
1114 1337 1250 1377 canonum
1275 1330 1338 1378 sunt
1361 1322 1481 1379 instituta
1504 1323 1688 1395 dijudicaretis
1704 1341 1711 1379 :
1727 1323 1772 1379 ln·

971 1423 1055 1479 super
1074 1409 1265 1466 Arelatensem
1291 1410 1538 1483 archiepiscopum,
1554 1411 1774 1469 valentinensem

120 1512 164 1558 tas
186 1500 363 1572 susceperitis
385 1506 494 1554 nostras
518 1496 683 1569 apostolicas
705 1495 823 1560 litteras,
846 1491 921 1548 oinni
971 1511 1080 1569 quoque
1102 1506 1128 1553 et
1152 1497 1338 1554 vivariensem
1362 1499 1519 1572 episcopus,
1544 1499 1606 1556 huic
1630 1498 1775 1556 assertioni

120 1607 198 1647 mora
212 1588 342 1660 seposita,
357 1588 392 1643 ad
406 1603 458 1642 nos
473 1586 566 1641 venire
581 1600 637 1640 non
651 1581 791 1639 differatis.
807 1583 848 1636 lta
861 1595 921 1652 pro
971 1592 1055 1640 testes
1069 1586 1168 1642 adesse
1181 1584 1321 1656 jussimus.
1348 1587 1402 1644 Sed
1427 1587 1488 1660 qnia
1503 1587 1587 1644 variis
1601 1587 1774 1661 praepedien-

120 1678 195 1736 fecto
223 1678 258 1734 de
281 1684 379 1732 vestrae
411 1673 594 1730 unanimitatis
623 1680 650 1728 et
675 1670 750 1743 pacis
777 1667 922 1726 concordia
935 1671 1043 1757 Btibus
1058 1673 1159 1740 causis,
1177 1675 1306 1730 haetenus
1326 1691 1421 1731 eorum
1435 1675 1590 1733 indiscussa
1604 1684 1694 1732 manet
1708 1690 1775 1733 can·

121 1765 222 1823 mentis
233 1763 390 1836 jucnnditas
409 1761 519 1819 uberius
539 1759 741 1831 multiplicetur,
757 1766 787 1813 ut
801 1771 923 1813 conven·
974 1760 1054 1831 satio,
1068 1761 1126 1830 J'am
1140 1762 1315 1835 praecipimus
1337 1764 1467 1820 monendi
1489 1763 1652 1822 anctoritate
1668 1772 1697 1820 ut
1711 1764 1775 1821 nbi·

121 1864 165 1910 tus
180 1854 382 1920 universorum,
396 1848 861 1910 etvestraedevotionisconversus,
874 1859 924 1900 nec
974 1864 1081 1922 cunque
1109 1864 1126 1905 a
1154 1850 1233 1907 nobis
1261 1849 1341 1906 fuerit
1368 1852 1489 1924 synodus
1511 1851 1622 1920 indicte,
1643 1852 1775 1910 canonice

122 1943 213 2000 solum
227 1941 264 1999 ad
279 1940 399 1997 favorem
414 1933 924 2006 bominum,sedecclesiisadlandem
974 1953 1035 1993 enm
1064 1937 1131 1993 inibi
1158 1939 1256 1995 adesse
1277 1940 1384 2010 jubeas,
1407 1946 1531 2012 paratum
1550 1941 1577 1997 in
1600 1941 1727 1997 omnibns
1739 1940 1775 1997 ad

120 2031 295 2105 potissimum
308 2027 433 2100 proficiat
448 2025 593 2084 Crantoris.
618 2024 752 2096 Optamus
767 2021 924 2078 fraternita-
974 2025 1106 2081 rstionem
1121 2026 1298 2084 reddendam.
1316 2025 1396 2097 Quod
1410 2029 1434 2084 si
1448 2026 1575 2095 defuerit,
1592 2028 1654 2085 vide
1667 2044 1703 2084 ne
1715 2028 1773 2098 ejiis

121 2128 177 2177 tem
193 2126 314 2176 vestram
340 2117 368 2172 in
390 2115 503 2173 Christo‘
520 2115 591 2172 bene
613 2112 713 2169 valere.
735 2111 805 2167 Dato
818 2125 847 2164 iv
861 2108 926 2165 Idus
974 2113 1050 2169 inte
1073 2122 1265 2187 retorqueatur
1291 2115 1423 2173 sententia
1439 2133 1446 2173 :
1463 2116 1521 2188 ipse
1539 2132 1604 2172 vero
1618 2116 1697 2186 sciat,
1713 2130 1773 2172 ase

120 2207 226 2275 lunias,
244 2206 299 2261 ind.
316 2221 355 2261 xi.
974 2199 1009 2257 de
1024 2201 1148 2258 absentia
1164 2219 1213 2261 sua
1227 2203 1332 2260 lucrum
1353 2221 1409 2261 non
1423 2202 1639 2278 percipiendum.
1656 2205 1726 2263 Data
1740 2207 1773 2263 itt

467 2292 579 2349 CXXX.

351 2397 387 2438 sn
405 2396 541 2437 uuconnii
559 2393 699 2436 annsrnts.
800 2376 803 2381 '

439 2470 529 2542 (hnno
544 2471 619 2540 8⁸18.)

124 2576 263 2635 Hortatur
284 2569 403 2628 suamet
425 2567 559 2624 haderico
578 2566 637 2638 rapi
652 2569 685 2621 ist
704 2565 740 2621 ad
758 2563 924 2620 reveniat:

159 2732 173 2769 s
210 2716 283 2769 oret.

158 2730 273 2868 fleiinosi
301 2816 421 2874 strenuo,
451 2804 554 2870 nobili,
584 2803 669 2877 regali
698 2801 824 2875 prosapie
852 2800 925 2857 edito

123 2909 207 2974 atque
222 2893 450 2954 excellentissimo
464 2893 564 2950 abbati.

974 2305 1071 2362 supra.

1022 2480 1059 2520 tn
1074 2481 1243 2525 ROSTAGNUH
1257 2378 1496 2527 ΔΗΕΞΞξΙξέἐΡΠΙ
1510 2486 1721 2530 ΔΒΕιᾸΤΕΝὸΒΙ.

1282 2558 1372 2627 (snio
1388 2559 1462 2630 ere.)
1527 2606 1529 2610 ,

159 2645 258 2701 promet
275 2640 362 2698 etiem
385 2642 417 2694 at
438 2653 468 2694 se
488 2636 704 2711 equorumdcm
728 2634 925 2692 communione
977 2643 1010 2700 m
1024 2641 1549 2774 adsynodumeumsuffrcgizneisauis
1561 2650 1772 2722 quamprimum

1319 2733 1372 2772 vem
1418 2759 1424 2772 .

1010 2800 1162 2856 fiosrtorvo
1177 2803 1327 2859 venerabili
1341 2804 1548 2877 archiepiscopo
1563 2806 1725 2864 Arelatensi.

1010 2886 1080 2958 Quia
1103 2889 1295 2962 omnipotentis
1319 2892 1370 2948 Dei
1391 2893 1565 2951 miseratione
1588 2895 1773 2954 universalem

158 2988 267 3058 Quanto
282 2999 340 3050 vos,
356 2982 515 3039 charissime
530 2981 578 3044 fili,
595 2995 689 3036 amore
704 2978 842 3051 diligimus
857 2977 926 3035 cele·
975 2976 1111 3049 synodum
1123 2993 1216 3034 snmus
1231 2978 1395 3037 celebraturi
1419 2981 1447 3038 in
1468 2983 1603 3055 proximo,
1618 2991 1645 3042 te
1661 2999 1774 3064 omnes.

122 3075 243 3134 berrima
258 3073 328 3129 fama
342 3071 425 3128 vestri
447 3070 513 3127 boni
535 3069 628 3141 operis
650 3069 864 3140 circumquaque
880 3081 925 3123 ac·
938 3044 963 3108 C
975 3081 1028 3137 que
1043 3072 1102 3121 tuos
1115 3065 1296 3139 coepiscopus
1311 3067 1500 3142 suffraganeos
1520 3071 1655 3139 volumus,
1669 3072 1775 3130 autoriss
1803 3111 1807 3117 -

121 3165 210 3230 censi,
227 3160 365 3236 explicare
387 3156 479 3216 verbis
494 3157 648 3214 nullatenus
671 3171 828 3228 possumus.
846 3153 925 3224 Qua·
976 3160 1030 3209 tate
1044 3153 1195 3224 apostoliea
1209 3155 1390 3214 admonemus
1405 3174 1590 3232 expresseque
1604 3160 1775 3241 mandamus,

121 3261 247 3326 propter,
263 3258 291 3306 ut
306 3256 401 3314 nostro
424 3245 562 3304 desiderio
585 3245 737 3318 praesentias
759 3252 858 3300 vestrae
877 3257 926 3299 cs·
975 3239 1010 3295 ad
1037 3241 1118 3306 banc,
1148 3241 1221 3296 omni
1248 3243 1397 3315 postposita
1427 3245 1582 3311 occasione,
1613 3248 1776 3320 quantocius

125 3342 234 3413 piamns
249 3337 386 3402 effectum,
410 3343 515 3392 mature
537 3333 661 3390 volumus
681 3331 827 3388 hortemini
841 3331 928 3386 Ludo-
975 3335 1152 3399 presentare,
1165 3330 1285 3400 exceptis
1295 3329 1335 3386 eis
1345 3330 1493 3406 obstaculis
1506 3332 1605 3405 quibus
1620 3334 1776 3391 remorandi

125 3430 218 3486 vicum
233 3442 328 3499 regem
344 3424 429 3480 filium
443 3431 687 3493 nostmm,vosque
702 3437 765 3477 cum
780 3435 813 3476 eo
826 3420 861 3474 ad
876 3433 926 3473 nos
976 3415 1113 3472 licentiam
1135 3415 1204 3473 sacri
1227 3432 1347 3474 canones
1370 3417 1498 3476 tribuunt.
1524 3419 1609 3501 alies,
1632 3421 1707 3497 quod
1721 3434 1777 3479 non

124 3517 233 3575 concite
261 3528 418 3588 properare,
444 3520 598 3584 quatenus,
621 3509 730 3565 Christo
750 3515 925 3579 cooperante,
977 3511 1112 3575 optamus,
1128 3504 1283 3578 quicunque
1292 3514 1429 3564 sectante
1442 3508 1494 3566 hac
1508 3509 1567 3566 vice
1581 3508 1700 3584 collegio
1712 3509 1778 3566 sub·

123 3604 321 3664 exaltationem
340 3601 421 3660 totius
444 3598 651 3659 Christianitatis
665 3596 844 3655 communiter
858 3611 926 3669 ope·
977 3591 1099 3658 traxerit,
1123 3591 1260 3665 particeps
1279 3592 1313 3650 de
1338 3595 1443 3668 reliquo
1462 3604 1564 3654 nostrae
1578 3597 1778 3656 communionis

125 3709 229 3751 remur.
251 3691 298 3748 Sic
319 3698 382 3763 agat
402 3697 494 3745 vestra
514 3687 624 3744 dilectio
649 3695 678 3743 ut
699 3685 835 3741 tristitiam
847 3698 927 3756 quarn
978 3695 1039 3736 esse
1053 3678 1205 3736 anssatenus
1220 3679 1329 3738 valebit.
1346 3684 1416 3739 Data
1429 3688 1464 3741 iit
1476 3701 1574 3760 supra.

124 3782 220 3839 annno
233 3780 268 3836 de
282 3787 375 3835 vestra
389 3776 511 3833 absentia
532 3791 618 3847 nuper
638 3774 721 3846 Papia
735 3771 872 3839 intulistis,
888 3771 928 3826 le·
1304 3805 1455 3865 cmm.

124 3871 185 3928 nire
207 3866 424 3925 moderatissime
445 3863 567 3921 valeatis.
593 3864 667 3919 lnter
689 3863 748 3918 lirae
765 3862 799 3916 ab
813 3860 887 3917 omni
902 3867 928 3915 te
1049 3908 1085 3948 A„
1099 3906 1267 3950 mmm
1282 3909 1438 3953 ,mom
1456 3911 1704 3956 „mmmm

124 3956 268 4017 consortio
282 3953 407 4011 forinosi
420 3951 636 4009 anathematizati
660 3958 795 4022 optamus,
811 3948 850 4004 fili
864 3949 928 4004 eba-
1290 3983 1383 4054 (Amo
1397 3985 1473 4056 373.)

124 4045 248 4109 rime·
258 4056 397 4144 ⁸09⁸?ng
408 4040 521 4096 '⁰⁸¹¹'ss
532 4037 732 4137 “whiepifffflpi
746 4035 929 4094 R⁰d⁰¹¹¹⁶¹¹⁸i⁸
981 4071 1016 4129 ttt
1030 4070 1067 4127 ed
1079 4072 1218 4143 synodum
1231 4073 1396 4129 lercensem
1404 4072 1506 4146 utrque
1515 4090 1596 4133 more
1605 4089 1672 4133 acm
1681 4052 1784 4148 saffre-

123 4130 406 4209 [chaeronensem
415 4132 458 4186 est
465 4128 762 4200 rothomagensium
778 4125 929 4198 quidcem
1219 4144 1316 4214 ganeis
1330 4145 1390 4200 guis
1405 4144 1540 4218 episcopo,

125 4217 321 4292 mstoademl,
334 4216 461 4273 Adelardi
470 4214 645 4279 Turonensis,
657 4213 771 4270 frotarii
780 4212 929 4268 Bituricae·
1016 4238 1164 4291 Hfflcmo
1178 4237 1326 4293 ,enerabili
1340 4237 1506 4294 qhemomm
1521 4239 1660 4310 epyscopo,
1764 4226 1767 4231 '

125 4309 166 4366 ’ὴ
180 4307 262 4383 ium·
279 4307 356 4364 nm·
371 4302 567 4376 mummi·
585 4303 655 4358 ⁰⁰¹⁸
667 4306 702 4358 ¹⁸⁸
714 4318 813 4374 mim·
1017 4325 1098 4379 Fama
1112 4332 1166 4380 tua
1180 4323 1358 4381 fraternitatis
1380 4324 1465 4397 longo
1479 4333 1576 4384 exacto
1587 4327 1642 4397 jam
1658 4333 1781 4398 tempore

467 4435 593 4493 emp,
940 4390 1055 4467 Dhona
1082 4411 1177 4466 notitia
1204 4427 1255 4466 uos
1284 4426 1393 4484 quoqne
1414 4412 1591 4469 celeberrime
1614 4412 1780 4483 letificavit;

126 4547 163 4588 sn
187 4540 379 4587 semiannus
408 4538 659 4581 rammssiarisnis
681 4532 928 4577 incninriscornii.
981 4497 1523 4572 i¹¹²²⁸⁰fu⁸10d0³ideri⁰0ttulemplsri
1546 4500 1680 4573 summus,
1696 4501 1783 4573 expli·

442 4612 452 4686 l

128 4725 224 4782 lomet
238 4725 273 4779 at
288 4717 613 4790 sibieemrcffreporreis
626 4716 686 4772 suia
701 4716 809 4772 obviem
824 4713 930 4780 vermi,

981 4602 1046 4643 aare
1073 4586 1165 4643 verbis
1191 4586 1347 4644 nullatenus
1360 4602 1516 4659 possumus,
1540 4588 1690 4659 presertim
1719 4604 1781 4646 euin

982 4689 1065 4732 causa
1086 4674 1230 4748 exigendae
1253 4675 1377 4732 utilitatis
1401 4675 1593 4732 ecclesiasticae
1614 4682 1708 4747 petere
1730 4678 1781 4733 has

165 4798 196 4852 et
210 4793 393 4851 adelbertum
406 4788 509 4864 synodo
523 4786 620 4845 adesse
629 4786 738 4859 jubeat,
749 4787 781 4841 ct
791 4785 933 4843 rationem
982 4769 1073 4863 Piri&
1098 4762 1312 4864 deflflffms·
1335 4763 1508 4862 Queumrter
1528 4763 1704 4835 presentiam
1719 4764 1783 4821 reli·

165 4863 270 4921 reddct
296 4877 395 4920 eorum
417 4860 451 4918 de
474 4858 573 4933 quibus
604 4857 759 4915 derectius
787 4855 932 4928 episcopata
982 4866 1069 4925 grosse
1084 4858 1234 4908 sanctitatis
1258 4858 1357 4908 vestrae
1381 4852 1426 4908 diu
1450 4851 1635 4908 desideratam
1648 4852 1783 4909 miramur

166 4937 284 5009 questas
296 4933 403 5006 fumet.

165 5027 322 5087 Venerabili
336 5024 543 5098 archiepiscopo
558 5024 741 5080 farmanno.

983 4956 998 4996 a
1012 4946 1039 4996 te
1054 4940 1133 4996 nobis
1146 4941 1279 4998 haetenus
1300 4938 1418 5007 dilatari.
1444 4938 1524 4996 Unde
1538 4940 1687 5012 apostolica
1701 4949 1783 5014 atque

983 5035 1094 5101 paterna
1107 5028 1267 5085 anctoritate
1288 5041 1431 5084 monemus
1454 5027 1489 5083 ad
1512 5027 1644 5099 synodum
1657 5044 1783 5101 praesen·

164 5119 297 5175 Miramur
312 5114 512 5171 fraternitatem
535 5120 608 5170 tuam
629 5128 689 5178 cur,
704 5116 828 5168 nostruin
840 5108 869 5165 in
883 5107 934 5163 has
983 5125 1048 5186 rem,
1064 5131 1156 5188 quam,
1172 5117 1231 5172 Deo
1245 5123 1365 5184 anctore,
1389 5115 1482 5172 Trecis
1501 5132 1595 5172 sumus
1608 5115 1782 5185 celebraturi,

129 5215 222 5280 partes
238 5204 355 5262 audiens
368 5204 527 5269 adventurn,
547 5215 598 5258 nos
612 5201 649 5256 ob
663 5197 846 5256 reverentiam
859 5195 933 5252 besti
984 5204 1089 5275 absque
1115 5217 1191 5259 mom
1216 5218 1278 5259 cum
1302 5202 1407 5260 cunctis
1428 5200 1608 5277 suffraganeis
1632 5204 1784 5262 (ΜΨ

131 5295 203 5351 Petri
218 5292 406 5367 apostolorum
420 5290 562 5363 principis,
589 5296 616 5345 et
638 5295 770 5353 nostram,
787 5300 863 5342 more
877 5298 933 5340 cie·
984 5298 1083 5349 vestrm
1107 5290 1239 5348 studeatis
1260 5305 1413 5348 occurrere,
1439 5291 1482 5348 Ad
1495 5292 1585 5349 locum
1600 5292 1785 5363 pmnomiffi.

128 5393 253 5440 terarum
281 5379 477 5437 venerabilium
506 5377 793 5450 archiepiscoporum,
822 5371 935 5447 mhime
983 5387 1041 5435 tum
1062 5377 1162 5436 iterum
1187 5377 1340 5454 iterumque
1361 5381 1513 5446 hortamur,
1539 5380 1613 5437 omni
1635 5380 1787 5455 postposita

128 5470 268 5530 consolari
293 5478 320 5526 et
344 5483 488 5526 occurrere
513 5465 649 5523 studuisti.
672 5463 733 5536 Qua
756 5459 934 5519 admiratione
985 5466 1122 5533 tarditate,
1140 5467 1303 5541 quantocius
1317 5476 1462 5540 properate
1477 5468 1724 5543 renire,qnoniam
1739 5484 1789 5529 an·
