3826 6098
130 218 199 272 taos
662 212 710 268 DE
725 212 869 269 castaus
883 208 1099 271 MONASTERll
1124 215 1152 272 S.
1169 215 1282 273 antt
1706 222 1775 279 ld'ld

126 339 333 413 perfectionem,
351 346 379 394 ut
395 339 476 395 modo
491 337 639 405 cernimus,
655 337 786 410 perducta
806 335 926 394 venienti
940 336 1042 398 Avero
1057 340 1137 410 hujus
1161 340 1269 399 consilii
1291 339 1433 413 prolixitas
1454 341 1546 413 sepius
1560 342 1694 415 utrimque
1709 359 1776 415 per-

128 429 269 486 Grimaldo
284 427 466 499 consignavit.
482 429 609 483 Necnon
633 427 715 482 etiam
741 425 879 497 singulare
890 425 929 481 ei·
979 435 1151 495 tractaretur,
1170 430 1277 484 tandem
1292 429 1394 484 salubri
1408 429 1524 486 consilio
1549 439 1667 502 reperto,
1685 438 1776 487 recto-

128 519 194 574 dem
209 517 300 573 abbati
315 516 483 572 domicilium
498 532 560 573 cnm
574 515 701 571 omnibus
716 514 879 571 necessariis
895 513 929 568 ad
979 533 1023 572 res
1038 516 1144 589 praeiati
1169 516 1403 574 consentientibus
1426 518 1508 589 partis
1531 518 1673 590 utriusque
1693 518 1776 573 sami-

127 606 195 661 illud
209 605 410 677 pertinentibus
424 603 569 659 utilissime
583 602 823 675 pulcherrimeque
837 610 850 637 ⁸
864 617 929 657 con·
978 603 1021 658 liis
1035 604 1208 672 invenerunt,
1224 614 1251 662 et
1266 607 1457 672 decreverunt,
1472 613 1501 660 ut
1516 606 1642 678 quaedam
1662 622 1776 677 posses-

127 694 235 750 struxit.
259 692 350 762 Quare
383 692 524 748 Grimaldo
544 692 616 763 apud
639 699 745 747 nostros
767 689 858 761 sepius
885 689 929 743 de
979 691 1070 748 siones
1085 693 1119 749 de
1135 694 1300 750 monasterio
1321 694 1356 749 ad
1371 693 1556 765 episcopatum
1580 695 1776 750 contraderen-

125 790 262 852 morante,
278 781 392 853 contigit
407 781 493 836 nostri
508 789 653 852 provectus
677 795 732 834 non
761 794 859 851 parum
883 792 943 832 cn*
979 786 1041 847 tur;
1057 798 1106 851 per
1120 798 1238 853 quarum
1258 782 1433 838 donationem
1456 783 1652 837 monasterium
1666 783 1700 836 ab
1715 782 1776 854 epi-

128 886 256 929 crescere
270 870 442 926 suavitatem.
469 869 523 925 Sed
552 869 620 925 sicut
636 885 688 924 nox
705 875 731 923 ct
746 867 805 923 dies
819 865 871 921 sibi
886 866 928 921 al·
978 876 1089 938 scopatu
1104 877 1305 943 segregaretur,
1317 871 1351 925 ab
1365 869 1440 926 omni
1450 887 1548 927 census
1561 869 1777 943 molestiajdcin-

128 960 258 1016 ternatim
267 965 469 1025 successerunt,
485 957 521 1011 ita
536 958 652 1014 adversa
667 972 729 1013 cum
744 954 884 1027 prosperis
898 970 928 1009 se
977 971 1043 1027 ceps
1053 957 1353 1015 redderetursecurum.
1361 958 1440 1028 Quod
1450 959 1589 1015 decretum
1601 959 1636 1014 ab
1647 959 1777 1030 episcopo

129 1048 223 1120 sepius
238 1047 415 1113 miscuerunt,
431 1045 555 1118 talesque
570 1045 644 1101 vices
665 1044 845 1101 variaverunt.
871 1044 927 1098 lle·
978 1052 1005 1100 et
1017 1045 1116 1100 abbate
1130 1045 1278 1113 inventum,
1303 1048 1405 1118 placuit
1425 1047 1567 1113 ambobus,
1593 1047 1724 1119 episcopii
1738 1047 1779 1103 vi-

128 1136 389 1207 nerabilisuamque
403 1134 617 1189 Constantiensis
632 1131 927 1204 ecclesiaepraesulno-
978 1133 1076 1190 delicet
1098 1133 1161 1189 filiis
1177 1143 1202 1190 ct
1226 1135 1381 1190 monasterii
1405 1134 1510 1192 incolis.
1535 1136 1641 1190 Interea
1664 1135 1780 1209 contigit

127 1225 202 1280 mine
218 1223 354 1291 Salomon,
382 1239 443 1279 cum
469 1239 526 1278 suae
540 1222 613 1277 sedis
639 1221 796 1294 dignitatem
817 1236 872 1276 non
888 1235 928 1275 sc
977 1221 1177 1288 Hludoivicum,
1208 1222 1360 1294 piissimum
1388 1240 1492 1295 regem,
1516 1223 1623 1294 publice
1647 1223 1776 1296 placitum

127 1313 184 1368 lum
199 1328 253 1366 non
267 1311 398 1377 minuere,
416 1311 465 1366 sed
487 1311 565 1366 etiam
582 1311 610 1364 in
631 1309 757 1365 omnibus
781 1309 863 1365 vellet
884 1325 928 1363 re-
976 1326 1056 1363 suum
1075 1310 1178 1365 babere
1192 1310 1220 1364 in
1234 1310 1298 1365 villa
1314 1327 1373 1382 quae
1384 1310 1482 1366 dicitur
1494 1311 1579 1380 Ulmo,
1595 1312 1777 1383 praesentibus

128 1400 226 1473 ligiose
242 1399 423 1465 accumulare,
440 1399 475 1454 ad
492 1407 612 1455 nostrum
636 1397 830 1453 monasterinm
855 1413 926 1452 nun·
977 1395 1040 1451 siliis
1065 1397 1122 1452 suis
1146 1398 1260 1469 aliisque
1284 1398 1363 1470 regni
1379 1398 1419 1452 sui
1443 1398 1623 1470 principibus.
1639 1400 1681 1455 ad
1705 1400 1778 1472 quod

129 1490 182 1545 tios
196 1488 303 1552 direxit,
324 1504 446 1554 censum,
467 1495 496 1542 ut
520 1487 612 1559 sepius
630 1486 736 1558 praeiati
759 1503 862 1551 sumus,
879 1501 928 1540 ne·
977 1485 1107 1555 placitum
1131 1485 1209 1540 istius
1233 1486 1421 1542 conventionis
1443 1501 1526 1542 causa
1550 1487 1654 1558 perlata
1677 1495 1727 1543 est.
1745 1488 1780 1542 lit

128 1577 210 1632 landa
225 1577 381 1633 conditione
397 1592 430 1631 ex
444 1574 656 1632 monasteriond
680 1573 812 1646 episcopii
834 1581 927 1644 partes
976 1574 1058 1644 coepit
1079 1574 1177 1630 exinde
1192 1591 1239 1630 rex
1263 1574 1388 1630 sollerter
1403 1583 1429 1630 et
1441 1583 1520 1631 caute
1540 1590 1604 1631 cum
1627 1575 1683 1630 suis
1698 1576 1776 1647 cogi-

129 1665 283 1723 condictnm
299 1665 350 1720 sibi
365 1663 468 1720 restitui
491 1663 642 1735 inquirens.
674 1662 751 1730 'Quae
772 1661 926 1733 pertubatio
941 1670 1037 1748 Btave
1051 1670 1133 1734 atque
1149 1670 1324 1734 pertractare.
1343 1664 1465 1735 Cumque
1479 1671 1649 1719 summatesc
1665 1664 1711 1735 qui
1726 1664 1776 1718 ad-

129 1753 230 1810 [ratres
244 1753 335 1826 aliqua
350 1770 382 1807 ex
392 1761 468 1823 parte
482 1752 641 1823 inquietavit
657 1750 792 1817 3maxime
807 1766 868 1806 cum
883 1750 927 1805 ille
978 1758 1065 1820 erant,
1082 1751 1111 1806 iu
1124 1751 1225 1806 bonam
1247 1760 1355 1823 partem
1369 1767 1480 1807 causam
1507 1752 1669 1808 declinared
1685 1751 1779 1807 stude·

127 1858 227 1899 census
242 1842 277 1896 ob
293 1842 344 1896 boc
360 1857 375 1894 a
390 1839 551 1895 illudowico
567 1839 734 1910 imperatore
749 1832 762 1869 ¹³
778 1840 813 1893 ita
834 1837 928 1893 luisset
978 1849 1048 1905 rent,
1074 1840 1185 1895 tandem
1212 1840 1351 1912 piissimus
1379 1840 1507 1913 princeps
1532 1841 1567 1896 ab
1592 1840 1722 1912 episcopo
1750 1848 1777 1896 et

129 1946 288 1997 concessus,
303 1936 332 1983 ut
347 1929 436 1998 ipsum
449 1927 643 1983 monasterium
659 1927 733 1981 etab
756 1926 877 1998 episcopi
902 1935 928 1981 et
977 1928 1075 1984 abbate
1111 1928 1308 2000 monachisque
1335 1928 1381 2001 qui
1408 1930 1531 1996 aderant,
1570 1927 1707 1999 inquisivit
1725 1945 1731 1980 :
1749 1928 1778 1983 Si

129 2019 163 2073 ab
177 2017 305 2072 omnibus
320 2016 497 2072 sacularibus
517 2015 707 2086 potestatibus,
733 2015 838 2086 absque
864 2014 929 2069 solis
978 2025 1093 2088 utraque
1106 2033 1179 2088 pars,
1204 2017 1400 2073 monachorum
1425 2017 1549 2073 videlicet
1563 2025 1589 2073 et
1604 2016 1774 2082 clericorum,

128 2107 251 2179 regibus,
266 2105 362 2161 luisset
375 2104 538 2160 absolutum.
556 2103 712 2161 Grimaldus
733 2111 825 2159 autem
845 2104 928 2158 abbas
978 2105 1004 2159 in
1019 2106 1068 2160 hac
1084 2121 1113 2160 re
1138 2106 1328 2161 consentiret?
1343 2107 1512 2177 llcsponsum
1528 2104 1617 2162 catab
1641 2103 1739 2159 abbate
1751 2113 1777 2160 et

130 2194 243 2265 cupiens
258 2194 350 2249 omnia
365 2192 507 2264 utrobique
522 2208 582 2248 cunr
598 2208 665 2264 pace
680 2199 706 2246 et
720 2191 829 2248 caritate
844 2189 926 2254 finiri,
977 2193 1116 2249 monacbis
1131 2193 1177 2265 qui
1190 2195 1311 2263 aderant,
1328 2194 1356 2249 in
1377 2196 1428 2249 bac
1442 2194 1579 2250 voluntate
1595 2210 1624 2248 se
1640 2200 1777 2249 cunctam-

129 2284 247 2338 claustra
262 2281 418 2353 ingrediens
432 2281 600 2348 monasterii,
617 2280 754 2352 principes
764 2279 877 2334 fratrum
893 2279 927 2333 ad
979 2299 1031 2353 qne
1046 2282 1153 2338 illorum
1172 2283 1413 2356 congregationem
1434 2282 1591 2354 persistere.
1608 2281 1738 2339 Similiter
1751 2288 1778 2337 et

128 2389 158 2428 se
173 2371 331 2428 convocavit
348 2389 355 2436 ;
373 2370 497 2442 aquibus
510 2370 649 2441 inquirere
656 2369 738 2440 eoepit
746 2384 925 2436 curcensum,
977 2370 1123 2442 episcopus
1136 2371 1328 2444 interrogatus
1345 2387 1396 2443 pro
1411 2388 1441 2427 se
1455 2371 1564 2445 suisque
1581 2370 1696 2427 similem
1712 2370 1776 2425 red-

129 2461 199 2517 sicut
215 2461 348 2531 scriptura
363 2459 485 2530 ipsorum
501 2458 664 2524 continebat,
682 2457 716 2511 ad
745 2456 928 2528 episcopatum
978 2459 1045 2514 didit
1057 2459 1135 2514 istius
1150 2476 1302 2516 consensus
1323 2460 1541 2532 responsionem.
1558 2461 1615 2516 ilex
1631 2475 1697 2515 vero
1712 2474 1774 2515 cum

128 2566 184 2605 non
199 2549 388 2621 persolverent
403 2549 417 2603 ‘l
434 2549 508 2603 Tunc
524 2549 681 2602 Hartmotus
693 2562 750 2617 prae
765 2545 872 2601 canteris
887 2560 928 2599 re·
977 2548 1119 2604 ambarum
1140 2548 1259 2620 partium
1283 2549 1454 2620 conspiceret
1473 2549 1612 2614 unitatem,
1637 2563 1699 2605 sese
1713 2546 1775 2603 huic

129 2635 927 2710 spondens:it'ocrnerito,inquit,debenruslrunccensuim
977 2645 1058 2709 pacto
1086 2637 1248 2708 interposuit
1275 2637 1404 2707 medium,
1429 2646 1509 2710 atque
1533 2637 1561 2691 iu
1585 2645 1671 2692 semet
1693 2652 1775 2691 omne

126 2730 203 2784 sicat
213 2727 350 2783 haetenus
362 2726 483 2796 secianus
490 2725 658 2797 persoluere.
672 2722 925 2778 Grirnaldusdixit:
977 2725 1116 2796 negotium
1140 2740 1293 2796 assumens,
1311 2741 1373 2781 curn
1391 2742 1472 2780 manu
1495 2741 1544 2780 sua
1557 2723 1718 2798 potestative
1733 2740 1777 2779 res

128 2816 293 2874 t'nateactet
308 2829 528 2870 cassareconsus
540 2811 927 2884 istiuscdepiscopcturndc·
977 2814 1115 2885 predictas
1138 2815 1173 2869 ad
1193 2814 1379 2885 episcopatum
1407 2814 1580 2882 contradidit,
1610 2821 1689 2885 atque
1713 2828 1776 2868 cum

128 2905 209 2960 notio
223 2909 234 2958 t
248 2904 402 2958 llartmctns
424 2900 566 2973 respondit
582 2918 589 2954 :
607 2900 676 2968 Quin
702 2901 755 2955 illu
776 2901 925 2964 securitas,
977 2901 1038 2973 ipsa
1052 2919 1132 2957 manu
1155 2902 1280 2958 similiter
1294 2903 1455 2974 potestative
1469 2903 1504 2958 ab
1528 2901 1666 2975 episcopio
1681 2917 1776 2958 mona·

128 2995 156 3048 ct
176 2993 229 3047 illc
247 2992 425 3058 irrtmanitns,
450 3007 534 3062 quarn
556 2989 633 3046 nobis
653 2988 706 3043 istc
734 3004 834 3043 census
861 2987 927 3041 libc-
978 2990 1089 3046 sterium
1103 2990 1213 3045 abstulit
1236 2991 1398 3063 penitusque
1421 2990 1538 3057 diremit,
1554 2991 1591 3046 ita
1605 2999 1633 3046 ut
1647 2990 1777 3062 deinceps

127 3097 200 3149 rum,
218 3097 313 3151 repam
324 3080 447 3135 donante
457 3079 620 3142 clementia,
632 3092 718 3149 usque
744 3076 797 3131 buc
819 3077 897 3146 fecit,
909 3092 927 3131 c
941 3039 1079 3134 Cnullam
1093 3085 1254 3150 potestatem
1274 3080 1396 3151 episcopi
1409 3080 1436 3134 in
1452 3080 1534 3135 rebus
1549 3079 1670 3150 ejusdem
1686 3095 1781 3134 mona-

128 3170 207 3225 nobis
222 3168 441 3241 pertituscblntc
452 3172 504 3223 est.
521 3165 679 3222 Grimaldus
694 3164 760 3218 dixit
777 3181 783 3218 :
798 3165 925 3236 Obqucm
975 3168 1050 3222 sterii
1072 3167 1214 3234 baberent,
1240 3185 1330 3239 neque
1344 3168 1371 3223 in
1385 3184 1469 3223 censu
1491 3183 1579 3240 neque
1594 3168 1622 3221 in
1645 3167 1699 3221 ulla
1720 3166 1775 3222 alia

127 3274 254 3325 cccrum,
268 3261 295 3313 et
304 3256 547 3329 perquemeadem
558 3255 671 3310 libertas
680 3252 926 3309 uobbnblntcest?
976 3255 1057 3310 simili
1071 3271 1164 3325 causa,
1187 3263 1280 3327 preter
1294 3255 1444 3327 spiritalem
1466 3256 1653 3311 tantummodo
1669 3254 1775 3326 episco-

128 3345 294 3401 llartmodus
303 3344 459 3415 respondit:
473 3345 570 3417 Utique
577 3346 691 3415 propter
703 3358 746 3398 nor
756 3361 764 3408 ,·
776 3341 926 3413 quiaenim
975 3343 1043 3415 palis
1067 3343 1148 3400 officii
1170 3344 1329 3416 dignitatem
1341 3364 1348 3411 3
1365 3345 1414 3400 sed
1437 3361 1506 3416 pura
1529 3351 1619 3399 mente
1633 3360 1667 3399 ex
1681 3345 1735 3399 boe
1749 3352 1776 3399 ct

129 3430 928 3503 vobisinbeneficiumtruditiscmus,idcocpisropocen·
975 3432 1105 3505 deinceps
1133 3432 1271 3489 licentiam
1299 3433 1428 3489 haberent
1449 3432 1574 3489 monachi
1598 3431 1691 3488 idem⁰
1714 3432 1772 3487 Deo

129 3524 423 3595 rumperroluercnoa
433 3520 573 3576 debemus.
591 3520 622 3574 ln
633 3523 733 3574 nestrae
748 3519 824 3572 enirn
839 3516 928 3572 domi·
976 3522 1090 3588 servire,
1115 3521 1234 3594 nullique
1249 3522 1371 3579 saeculari
1392 3521 1528 3594 potestati,
1543 3520 1596 3576 nisi
1617 3521 1682 3577 solis
1697 3519 1773 3593 regi-

128 3613 256 3668 nationis
271 3611 407 3667 seruitute
427 3610 505 3664 nubis
519 3610 643 3676 sufficere
658 3607 809 3671 credimus,
821 3609 849 3660 ct
864 3605 925 3661 idco
975 3610 1027 3665 bus
1042 3611 1222 3680 subjacerent.
1238 3612 1303 3667 llaec
1323 3611 1491 3667 conlirmatio
1506 3626 1567 3667 cum
1589 3609 1667 3682 rogia
1681 3617 1774 3665 arieto·

126 3703 158 3758 in
173 3701 283 3758 diuersa
295 3699 399 3772 partiri
416 3699 574 3770 nequimus.
590 3695 638 3752 llis
649 3693 757 3760 auditis
768 3693 926 3749 Grimaldus
976 3699 1054 3755 ritate
1069 3699 1142 3756 circa
1156 3708 1297 3771 utramque
1321 3708 1425 3771 partem
1440 3699 1539 3755 fueritr
1553 3698 1680 3765 stabilita,
1703 3697 1774 3754 orie-

127 3790 343 3860 exillotempore
352 3785 432 3859 coepit
442 3786 564 3858 cogitare
574 3783 731 3854 rogantibus
741 3783 926 3838 Hartmodoet
976 3788 1053 3842 batur
1068 3795 1095 3843 et
1114 3788 1225 3843 alterius
1249 3789 1346 3843 similis
1370 3805 1458 3845 causac
1479 3787 1629 3845 necessitas
1653 3787 1681 3842 in
1703 3803 1774 3858 prae·

126 3877 534 3950 reliquisiratribusatquecum
548 3871 602 3927 illis
618 3878 794 3943 pertractare,
812 3871 926 3942 qualiter
975 3876 1054 3943 senti,
1080 3893 1140 3948 qnae
1160 3885 1186 3933 et
1209 3877 1333 3948 protinus
1355 3878 1383 3932 in
1407 3878 1504 3933 codem
1527 3876 1641 3933 concilio
1664 3875 1773 3948 penitus

126 3967 217 4039 ipsum
227 3963 419 4021 monasterium
430 3970 456 4018 et
466 3963 501 4016 ab
510 3961 588 4016 istius
603 3977 711 4030 censum,
721 3960 793 4015 etab
801 3959 925 4015 omniin·
975 3964 1125 4021 liniebatur.
1151 3965 1221 4020 Nam
1243 3981 1306 4022 cum
1320 3966 1380 4037 ipsa
1402 3966 1465 4022 loca
1483 3966 1518 4019 ita
1533 3965 1634 4020 unitate
1657 3964 1773 4019 luissent

129 4054 296 4127 quietudinis
314 4053 476 4107 liberaretur
488 4049 621 4105 molestia.
634 4049 713 4118 Quod
728 4048 923 4121 itapcractum,
974 4062 1054 4109 antea
1074 4055 1209 4126 copulata,
1226 4062 1253 4110 ut
1268 4055 1342 4111 velut
1356 4054 1403 4110 uni
1417 4070 1526 4126 semper
1549 4053 1706 4109 viderentur
1719 4068 1772 4108 cae·

125 4144 153 4198 in
170 4141 345 4213 sequentibus
355 4143 412 4196 Deo
430 4139 577 4195 miserante
586 4137 808 4211 monstrabimus.
819 4137 925 4192 Exinde
974 4142 1038 4197 dere
1066 4143 1201 4212 potestati,
1231 4144 1310 4212 hujus
1335 4158 1415 4199 causa
1437 4141 1634 4199 communionis
1665 4139 1774 4214 quidam

125 4229 363 4303 igiturutriusque
378 4228 431 4284 loci
447 4235 578 4293 rectores,
602 4225 734 4297 episcopii
758 4224 885 4282 videlicet
898 4233 925 4280 et
974 4230 1151 4286 hereditatem
1180 4247 1256 4285 suam
1277 4232 1311 4285 ad
1340 4230 1525 4286 Constantiam
1555 4245 1653 4286 census
1683 4229 1774 4284 debito

126 4318 293 4383 monasterii,
309 4334 370 4373 eum
386 4313 756 4385 sibisubJectusperquirerc
772 4321 921 4384 cuperant,
974 4319 1121 4375 credentem
1150 4319 1317 4375 monasterio
1346 4318 1577 4387 contradiderunt,
1607 4325 1634 4372 et
1660 4323 1771 4372 econtra

126 4407 242 4480 qualiter
270 4405 415 4462 salubritas
430 4404 505 4475 pacis
531 4402 601 4456 inter
623 4409 768 4473 uirumque
783 4401 872 4458 locum
887 4395 1106 4463 itaDtribatai-ii
1128 4407 1285 4463 monasterii
1308 4407 1422 4463 candem
1446 4406 1615 4462 tributariam
1637 4404 1772 4460 heredita-

125 4502 285 4550 statueretur
295 4502 321 4549 et
334 4491 497 4562 firmaretur,
514 4499 542 4546 ut
558 4490 662 4562 absque
676 4489 813 4544 discordia
832 4506 922 4561 quan·
973 4505 1027 4553 tem
1050 4498 1085 4552 ad
1109 4497 1294 4569 episcopatum
1314 4495 1545 4552 contradiderunt.
1571 4496 1605 4550 Et
1625 4501 1651 4548 nl
1676 4493 1704 4546 in
1717 4492 1770 4548 hoc

124 4583 213 4656 doque
228 4582 471 4653 liceretutviusque
481 4579 580 4635 Christi
589 4577 844 4635 servitioinbercre.
855 4579 921 4633 Cum
972 4586 1053 4642 eriam
1068 4587 1175 4659 penites
1197 4585 1285 4641 omnis
1307 4584 1443 4641 dissensio
1468 4583 1617 4640 auferretur
1631 4581 1703 4636 idem
1719 4596 1767 4636 rex

157 4745 300 4796 ‘Palatium
324 4745 380 4806 ¹¹⁰⁰,
413 4744 514 4808 posthae
550 4741 623 4802 Pldli
656 4740 757 4800 ditium,
794 4742 820 4789 θῑ
856 4751 923 4789 mar·
1004 4744 1104 4799 blstum
1140 4761 1239 4800 censum
1267 4750 1321 4809 post
1358 4747 1469 4798 carolum
1493 4736 1533 4797 tt.
1566 4748 1591 4796 et
1619 4743 1768 4796 Ludnvieum

123 4812 214 4864 mareis
238 4812 355 4862 columnis
378 4813 403 4861 et
426 4809 526 4873 picturis
559 4807 683 4858 deauratis
707 4807 820 4857 ornatum
856 4809 920 4868 erat,
971 4814 1037 4876 piem
1078 4813 1212 4866 Ledevieus
1252 4815 1305 4877 ejes
1353 4814 1416 4864 fitius
1455 4811 1588 4863 retinebunt
1635 4810 1768 4874 diplomate

123 4880 197 4942 regiis
230 4877 371 4930 architectis
405 4881 432 4928 et
457 4873 591 4940 pictoribus
630 4873 793 4938 augiensibus
851 4883 921 4935 opem
970 4880 1145 4932 geaneenereee
1164 4883 1254 4932 aenei
1281 4881 1359 4942 repet,
1380 4882 1411 4931 tt
1431 4879 1487 4930 gal,
1512 4880 1572 4930 Nee,
1603 4877 1691 4928 indier.
1723 4876 1764 4936 η,

123 4944 270 5008 terentibus,
300 4949 328 4996 ut
363 4944 438 4994 codex
471 4952 566 4994 coctus
599 4951 624 4989 n·
666 4938 715 4988 597
747 4938 815 4990 hisce
849 4941 922 4990 lesia·
970 4945 1028 4997 dato
1059 4950 1083 4997 et
1112 4947 1193 4999 adbuc
1226 4948 1365 5013 superstite.
1403 4945 1516 4998 ludovici
1549 4945 1583 5009 pii
1611 4943 1766 4994 conflrmatio

123 5015 184 5066 tur:
970 5013 1136 5063 conventionis
1174 5014 1246 5076 buius
1287 5013 1436 5079 (superstes
1480 5011 1580 5077 atbnc)
1623 5010 1681 5061 data
1729 5012 1769 5060 est

970 5078 1114 5140 aquisgrani
1126 5081 1141 5130 3
1152 5081 1214 5131 lton.
1228 5082 1284 5132 tun.
1303 5094 1366 5133 anna
1375 5083 1436 5146 Imp.
1448 5081 1474 5145 tt,
1486 5079 1574 5131 indict.
1590 5078 1630 5129 ll.

155 5139 288 5204 Splendida
298 5139 440 5190 murinoreis
449 5143 538 5189 ornato
551 5142 589 5187 est
598 5140 656 5189 autc
669 5135 795 5195 columnis,
1162 5181 1167 5193 ,

157 5208 235 5269 mura
247 5205 389 5258 drbncldas
401 5207 554 5268 orvarrsfirmo
564 5204 709 5272 frradomr'ae
717 5202 813 5252 struxit
1004 5190 1014 5217 ⁰
1027 5181 1052 5230 Μ
1069 5184 1106 5232 θὸῑ
1118 5184 1260 5244 Quium&

158 5274 273 5333 oraverit,
286 5274 371 5336 estitit,
384 5273 519 5323 lltudcrntci
527 5272 653 5335 principia
665 5271 724 5322 atini
1004 5264 1014 5298 ‘³
1026 5266 1052 5317 ld
1065 5268 1102 5316 cst
1115 5271 1220 5318 uerrere.

159 5341 327 5403 Temporibus,
346 5341 435 5390 maltos
447 5341 517 5389 toetus
529 5339 634 5400 (etiamr
654 5350 741 5389 aanor.
1005 5371 1047 5420 ,N
1107 5381 1117 5400 q
1130 5367 1186 5418 ,W

157 5410 222 5458 nata
234 5407 518 5469 praetercurrentes
529 5410 576 5457 rara
586 5406 719 5468 macana.
1048 5381 1117 5431 emp„
1159 5380 1235 5419 “m·

156 5476 242 5528 lasrtlo
261 5477 367 5540 pictores
375 5475 544 5526 trornmtscrat
557 5473 640 5534 Aspia
650 5474 729 5525 claro.
1006 5468 1087 5538 tlege
1099 5470 1199 5537 [auset.
