3794 6104
183 220 235 275 ali
802 204 951 277 JOllNNlS
979 207 1077 262 PAPAE
1102 208 1172 264 vlll.

177 340 267 412 impiis
282 340 416 413 agarenis
431 339 557 403 habuisti,
575 334 717 391 manifesta
733 334 877 390 devotione
895 331 985 404 frege·
1000 331 1028 392 A

178 428 230 495 ris,
249 437 276 484 et
290 429 325 483 ab
339 444 433 485 eorum
448 426 613 498 nequissima
643 423 771 479 societate
788 421 930 478 conamine
959 427 984 473 te
1228 457 1265 496 ,D
1284 458 1412 498 cmm
1432 455 1646 496 ,mmm

148 533 150 536 ’
177 517 348 588 separaveris
366 536 372 581 ;
390 525 469 587 atque
481 516 505 568 si
520 511 751 584 praesentibusbis
764 510 855 564 missis
872 508 982 570 nostris,
1343 532 1433 600 (Anno
1452 533 1529 598 332.)

180 605 285 660 llarino
301 604 426 659 videlicet
442 601 672 657 reverendissimo
687 599 817 670 episcopo
833 606 858 653 et
884 604 985 650 sanctae
1037 620 1171 687 Qum-pu,
1185 621 1277 674 muna
1292 619 1362 674 gom,
1377 620 1508 674 gemm
1523 620 1657 673 Romam
1680 633 1699 671 a
1733 615 1836 670 mm

181 693 361 748 sedisnostro
376 690 489 757 arcario,
514 697 540 744 et
573 688 665 743 Sicoui
693 687 807 757 egregio
827 685 895 751 viro,
926 699 985 737 ma·
1071 690 1188 762 quodam
1204 690 1366 745 marchione
1389 706 1434 744 m
1456 693 1507 755 ta,-
1531 691 1611 759 ropat
1636 683 1835 742 associatam

177 780 254 850 iores
286 780 485 834 Saracenorum
520 784 634 848 quantos
660 775 757 828 melius
798 781 888 843 potes,
919 786 987 842 quos
1071 760 1214 830 defendat,
1231 759 1642 831 flil’wmeilll'lli0fv0'liat·

181 866 341 923 nominatim
355 865 512 937 quaerimus,
531 880 592 919 cum
621 863 682 917 aliis
697 861 823 916 omnibus
836 858 951 930 ceperis,
962 864 988 912 et
1072 865 1112 919 Ad
1128 865 1320 934 imperatorem
1337 864 1482 919 episopus,

178 954 310 1026 jugulatis
325 954 396 1018 aliis,
413 969 459 1007 eos
478 953 558 1006 nobis
572 951 712 1015 direxeris,
725 967 740 1003 a
755 948 865 1004 vinculo
877 962 987 1002 excom·
1073 953 1138 1007 Cum
1154 962 1181 1007 et
1194 960 1255 1006 ante
1271 961 1427 1023 susceptum
1447 951 1602 1024 imperium,
1621 959 1647 1006 et
1669 958 1732 1022 post
1749 953 1833 1023 Augu·

181 1042 373 1097 manicationis
387 1040 564 1105 absolvimus,
578 1048 603 1094 et
615 1040 690 1106 jutta
705 1037 904 1107 praecedentem
920 1050 987 1089 con·
1037 1040 1105 1096 scale
1119 1048 1266 1110 sceptrum,
1289 1057 1339 1112 per
1359 1040 1517 1095 humilitatis
1541 1049 1640 1096 restrae
1665 1038 1838 1094 ministerium

184 1130 354 1184 suetudinem
370 1127 526 1199 episcopale
549 1126 668 1182 officium
683 1126 832 1180 reddimus.
863 1125 903 1178 Eo
918 1122 990 1177 scili·
1039 1129 1115 1185 vobis
1139 1129 1268 1183 divinitus
1295 1129 1462 1190 attributum,
1494 1144 1544 1183 nos
1570 1128 1682 1200 quidem
1708 1127 1839 1182 multoties

185 1226 228 1274 cel
241 1218 333 1282 modo,
351 1217 394 1272 vel
415 1215 702 1285 le1¹⁰r0‚1¹l0³ll¹i⁸02
722 1212 826 1266 traditis
847 1219 935 1274 antea,
961 1220 989 1266 at
1038 1233 1088 1288 pro
1100 1217 1248 1271 innumeris
1277 1217 1486 1273 necessitatibus
1513 1225 1540 1272 et
1567 1215 1766 1286 multiplicibus
1794 1231 1840 1285 op·

184 1304 286 1360 dictum
302 1314 351 1368 est,
369 1305 521 1370 Saracenis,
534 1303 663 1372 deinceps
676 1300 780 1354 nullum
791 1315 851 1354 cum
867 1298 907 1352 eis
922 1298 990 1351 ulte·
1039 1304 1235 1375 pressionibus,
1268 1322 1334 1376 quas
1362 1314 1454 1360 sancta
1482 1314 1570 1360 mater
1599 1312 1694 1360 vestra
1723 1303 1840 1359 Romana

186 1392 242 1446 rius
257 1388 880 1464 foedusqnoquomodoinir·epraesumas.Nam
895 1385 989 1440 sicum
1039 1392 1163 1448 Ecclesia
1186 1392 1305 1464 quotidie
1329 1393 1439 1465 patitur,
1469 1393 1572 1466 ingenti
1601 1407 1724 1447 moerore
1755 1389 1841 1446 aflicti

184 1479 238 1534 illis
261 1481 360 1535 iteruin
390 1489 498 1550 paetum
522 1478 630 1558 aliquod
660 1476 750 1531 facere
779 1475 932 1539 tentaveris,
963 1473 989 1526 in
1040 1480 1278 1546 reclamassemus,
1295 1481 1398 1535 nullum
1412 1497 1498 1553 osque
1513 1482 1603 1537 adhuc
1631 1488 1842 1551 optataeconso·

185 1569 284 1623 eadem
299 1575 325 1623 te
353 1567 631 1622 excommunicatione
664 1580 775 1618 manere
800 1563 989 1627 salteriense
1040 1568 1147 1623 lationis
1163 1570 1293 1624 valuimus
1307 1570 1460 1641 promereri
1473 1569 1603 1624 auxilium
1619 1569 1664 1624 vel
1679 1567 1843 1625 defensionis

183 1657 342 1711 buclolilaie
358 1657 406 1710 Del
423 1655 614 1725 omnipoielllis
630 1661 656 1708 cl
675 1653 746 1707 beall
780 1652 850 1706 Petri
878 1659 989 1721 aposlo-
1004 1657 1176 1741 Bsolafium,
1194 1658 1257 1729 quia
1272 1660 1306 1713 de
1320 1658 1447 1713 omnibus
1461 1656 1647 1712 immobilibus
1669 1658 1751 1712 rebus
1766 1657 1844 1712 terri-

185 1744 273 1798 lorum
288 1743 416 1814 principis
433 1750 571 1807 etnostra,
588 1741 661 1796 omni
680 1739 829 1811 episcopali
844 1740 949 1793 honore
964 1747 989 1792 te
1041 1745 1102 1800 terii
1117 1745 1202 1801 sancti
1233 1746 1312 1811 Petri,
1342 1761 1410 1817 quas
1425 1746 1503 1800 nobis
1518 1747 1657 1802 llavennae
1672 1746 1844 1801 consistenti-

184 1832 349 1902 privandum
363 1841 389 1887 et
403 1840 534 1903 perpetuo
545 1831 716 1885 anathemate
725 1827 912 1884 damnandum
927 1842 988 1884 esse
1039 1832 1100 1902 bus,
1118 1833 1143 1888 in
1159 1834 1303 1906 praesentia
1319 1834 1471 1889 serenitatis
1492 1842 1593 1890 vestrae
1617 1842 1737 1904 uterque
1766 1833 1844 1888 Wido

186 1920 368 1976 decernimus.
1039 1921 1161 1977 marchio
1188 1937 1239 1993 pro
1268 1922 1471 1978 reinvestitione
1500 1922 1630 1988 reddidit,
1672 1937 1725 1977 nec
1767 1938 1845 1976 unum

1041 2010 1192 2081 recepimus
1208 2010 1297 2065 locum
1315 2029 1322 2075 ;
1339 2011 1387 2065 sed
1398 2011 1449 2082 ipsi
1464 2018 1489 2065 et
1501 2010 1626 2065 homines
1642 2025 1738 2065 eorum
1755 2018 1844 2066 coaua

605 2165 611 2177 ,
1038 2099 1082 2167 jus
1097 2106 1123 2152 et
1137 2099 1292 2170 aequitatem
1306 2099 1398 2154 omnia
1413 2099 1530 2156 retinere
1557 2106 1757 2170 praesumunt:
1787 2113 1844 2153 nam

462 2165 498 2205 Μ’
517 2162 710 2206 GENMNSES'
1040 2186 1120 2240 nobis
1134 2187 1162 2240 in
1177 2187 1324 2256 Pentapoli,
1342 2187 1393 2242 troc
1409 2196 1450 2242 est
1463 2187 1490 2240 in
1505 2187 1575 2242 urbe
1591 2187 1667 2242 Fano
1697 2187 1844 2244 consisten-

490 2255 580 2324 (anno
596 2256 671 2324 ⁸82)
1040 2274 1122 2339 tibus,
1137 2275 1290 2329 adelardus
1320 2274 1567 2331 reverendissimus
1582 2275 1744 2347 episeopus,
1760 2285 1786 2330 et
1799 2276 1843 2330 de·

216 2362 398 2437 Praecipitat
418 2360 544 2432 Optanda
565 2377 580 2415 c
600 2362 722 2432 iacopoo
738 2375 767 2416 se
795 2362 957 2415 consecrato
1041 2362 1151 2418 liciosus
1179 2371 1270 2418 vester
1299 2363 1505 2435 communisque
1547 2362 1651 2429 fidelis,
1698 2365 1841 2419 secundum

521 2432 568 2488 ⁰⁶⁶
589 2434 662 2488 iani·
1042 2459 1140 2506 vestrae
1154 2450 1335 2523 delegationis
1346 2453 1452 2520 iussum
1475 2452 1596 2516 advenit,
1627 2461 1655 2507 et
1680 2452 1719 2506 ibi
1748 2451 1844 2525 praefati

221 2540 302 2597 Claro
318 2546 344 2594 et
354 2537 454 2610 populo
470 2538 636 2593 Genevensi.
1042 2539 1170 2594 Widonis
1186 2547 1212 2594 et
1228 2539 1372 2594 satellitum
1388 2539 1454 2608 ejus,
1484 2540 1531 2611 qui
1546 2548 1641 2594 nostra
1658 2540 1793 2595 violenter
1807 2548 1844 2593 tu-

222 2627 396 2684 Dilectissimi
411 2625 458 2682 filii
473 2626 560 2681 nostri
578 2625 666 2681 Caroli
681 2624 860 2696 imperatoris,
892 2623 993 2695 princi·
1041 2627 1130 2682 lerunt
1158 2643 1189 2682 ac
1218 2627 1395 2696 retinuerunt,
1424 2627 1597 2698 praesentiam
1621 2628 1776 2699 praestolati
1799 2645 1840 2682 su·

188 2716 407 2789 pumqueipsius
422 2715 518 2784 relatu,
546 2722 666 2769 vestram
685 2713 838 2768 Ecclesiam
854 2711 991 2768 viduatam
1042 2730 1125 2769 mus:
1155 2722 1288 2785 quatenus
1316 2714 1358 2769 vel
1387 2714 1449 2769 inde
1478 2715 1568 2770 omnis
1596 2715 1799 2771 emendationis
1821 2724 1842 2770 et

188 2813 387 2878 cognoscentes
402 2813 520 2874 pastore,
539 2811 565 2859 et
576 2811 689 2874 propter
698 2801 895 2856 dissensionem
906 2801 993 2854 Boso—
1043 2802 1152 2872 justitiae
1167 2811 1257 2873 coepto
1271 2801 1357 2868 initio,
1379 2820 1428 2873 per
1442 2811 1556 2858 caeteras
1570 2804 1708 2870 urbes‚de
1725 2804 1841 2860 omnibus

189 2894 242 2958 ais,
259 2893 303 2948 cui
318 2892 437 2947 sociatus
466 2891 588 2960 ejusdem
616 2890 690 2945 sedis
714 2890 821 2944 videtur
850 2896 992 2957 metropo-
1043 2891 1393 2961 juxtaclementiaevestrae
1408 2892 1558 2960 decretum,
1576 2892 1739 2963 recipiendo
1762 2908 1841 2948 curan

191 2979 300 3045 litanus‚
315 2978 514 3035 ordinationem
540 2978 618 3033 electi
642 2978 726 3033 vestri
737 2976 855 3045 Optandi
870 2974 991 3040 differre,
1045 2978 1136 3050 legato
1151 2988 1241 3034 vestro
1253 2979 1378 3048 justitias,
1395 2980 1496 3051 pariter
1515 2978 1760 3051 proficisceremur
1776 3000 1784 3047 ;
1799 2980 1838 3035 sad

194 3068 353 3124 auctoritate
368 3076 394 3121 et
407 3074 539 3137 potestate
552 3065 709 3136 apostolica,
731 3065 880 3120 secundum
896 3064 997 3134 depre·
1048 3067 1094 3122 illo
1109 3083 1218 3137 semper
1233 3066 1354 3138 fugiente
1374 3067 1515 3137 judicium,
1544 3075 1572 3122 et
1599 3077 1702 3125 vestrae
1722 3067 1841 3138 jussionis

195 3157 331 3212 cationem
343 3155 464 3225 ejusdem
479 3154 646 3210 serenissimi
673 3152 854 3226 imperatoris,
871 3151 919 3206 lilii
946 3151 998 3206 sci·
1048 3155 1198 3226 piissimam
1215 3156 1384 3211 sanctionem
1400 3154 1499 3211 callide
1519 3155 1696 3223 declinando,
1726 3173 1782 3212 non
1807 3172 1843 3211 te

194 3245 259 3301 licet
282 3244 369 3299 nostri
399 3242 526 3314 spiritalis
553 3242 642 3297 Caroli
662 3249 743 3313 atque
757 3241 914 3311 optimatum
928 3240 1000 3309 ejus·
1048 3244 1149 3309 niente,
1167 3243 1230 3315 quia
1252 3244 1330 3298 nobis
1345 3244 1404 3298 sine
1432 3242 1556 3315 profectu
1580 3245 1676 3317 abque
1704 3261 1756 3316 per
1781 3245 1842 3316 ipsas

192 3333 360 3405 praecognita
374 3340 464 3388 vestra
480 3331 599 3386 omnium
615 3331 641 3386 iu
661 3330 757 3385 eodem
782 3328 907 3399 Optanda
940 3327 998 3382 ele·
1049 3331 1171 3386 civitates
1186 3349 1246 3404 quae
1260 3332 1367 3387 illorum
1383 3332 1539 3404 gravamine
1554 3333 1759 3404 apprimuntur,
1774 3330 1842 3405 prai-

194 3422 293 3487 ctione,
309 3430 334 3476 et
344 3420 537 3492 qualiteridem
548 3418 739 3474 serenissimus
753 3417 899 3488 imperator
907 3416 998 3471 eidem
1049 3419 1114 3475 eisei
1129 3419 1269 3503 evidenter
1285 3419 1384 3474 exstitit
1412 3419 1596 3486 manifestum,
1626 3421 1780 3476 direximus
1793 3437 1843 3476 cum

196 3509 328 3566 Ecclesia
357 3508 518 3564 electionem
541 3507 695 3577 perenniter
723 3506 757 3561 de
787 3504 897 3576 proprio
925 3504 999 3560 clero
1048 3508 1144 3562 eodem
1159 3508 1295 3563 adelardo
1316 3508 1466 3565 venerabili
1487 3509 1617 3580 episcopo
1649 3509 1737 3566 misso
1765 3518 1843 3565 vestro

199 3599 355 3658 donaverat,
371 3596 472 3651 diutius
486 3595 546 3666 ipsa
559 3595 683 3651 Ecclesia
697 3610 731 3648 ne
755 3594 864 3648 viduata
879 3600 1000 3647 maneret
1051 3596 1208 3666 l'alpertum
1223 3597 1479 3651 reverendissimum
1500 3596 1662 3668 episcopum
1691 3607 1720 3653 et
1747 3596 1843 3653 fidelem

112 3680 118 3685 “
198 3694 316 3758 pastore,
333 3684 553 3741 consecravimus
566 3699 628 3740 cum
657 3683 742 3738 sancti
758 3682 875 3752 Spiritus
890 3681 998 3752 gratia;
1049 3685 1226 3740 consiliarum
1240 3692 1371 3751 nostrum,
1388 3684 1433 3756 qui
1447 3684 1505 3740 vice
1516 3693 1610 3740 nostra
1621 3687 1774 3757 recepisset
1786 3701 1843 3743 coa·

194 3784 221 3831 et
236 3775 272 3829 ad
287 3775 439 3846 regendum
454 3789 503 3828 vos
517 3771 688 3843 pastoraliter
716 3771 876 3826 instructum
897 3769 999 3824 direxi·
1050 3773 1209 3827 solationem
1220 3773 1325 3841 justitia
1340 3773 1418 3828 nobis
1429 3772 1458 3828 in
1472 3781 1562 3828 vestra
1574 3775 1726 3844 praesentia
1741 3774 1844 3840 reddita,

195 3879 272 3929 mus3
289 3880 370 3934 quem
384 3864 481 3917 devote
496 3871 523 3916 et
541 3861 704 3915 unanimiter
727 3859 915 3929 suscipientes,
939 3857 1002 3912 obe·
1050 3868 1077 3916 et
1091 3860 1242 3932 legitimam
1257 3861 1291 3915 de
1307 3861 1368 3915 aliis
1395 3861 1520 3916 ornnibus
1548 3861 1781 3931 emendationem,
1807 3861 1844 3934 qui

197 3952 304 4006 dientes
337 3950 372 4014 ei,
403 3957 494 4019 utpote
517 3949 627 4019 proprio
645 3947 714 4018 patri
741 3946 856 4017 spiritali
881 3945 940 4000 silis
972 3945 1000 3998 in
1050 3948 1294 4019 videlicetprofecti
1309 3949 1412 4004 nullum
1423 3948 1534 4018 justitiae
1546 3947 1669 4005 fructum
1681 3951 1842 4022 recipientes,

199 4037 344 4101 omnibus;
361 4036 435 4091 salvo
451 4036 581 4106 deinceps
591 4036 713 4104 eiusdem
728 4035 781 4090 loci
799 4033 941 4104 privilegio
952 4048 1000 4086 an·
1051 4037 1085 4092 ad
1102 4051 1152 4090 nos
1167 4037 1268 4092 reversi
1283 4046 1354 4092 sunt.
1370 4038 1427 4093 Nos
1441 4045 1531 4092 autem
1544 4052 1658 4093 omnem
1673 4038 1844 4095 excusationis

201 4124 276 4194 tique
293 4123 412 4194 propria>
431 4124 600 4194 metropolis,
627 4121 772 4187 sancimus,
798 4129 826 4175 ut
848 4121 1002 4192 quicunque
1051 4140 1144 4179 eorum
1158 4124 1346 4180 defensionem
1360 4127 1468 4197 penitus
1483 4123 1590 4181 auferre
1605 4126 1744 4195 volentes,
1760 4128 1843 4183 decre-

199 4213 262 4267 huic
278 4219 379 4266 nostrae
394 4211 546 4267 auctoritati
576 4220 601 4265 et
629 4210 785 4282 apostolicae
812 4209 1001 4264 deliberationi
1052 4212 1140 4269 vimus
1156 4229 1202 4268 eos
1217 4213 1314 4268 iterum
1329 4214 1436 4268 mittere
1447 4221 1474 4268 ut
1484 4214 1581 4269 saltem
1593 4216 1773 4285 postmodum
1787 4213 1844 4270 reci·

200 4309 295 4357 contra
322 4310 406 4369 stare,
433 4309 479 4354 aut
506 4299 645 4364 resistere,
676 4308 723 4353 aut
752 4314 806 4353 non
821 4297 943 4362 obedire,
959 4296 1001 4351 vel
1052 4317 1177 4370 peremns
1189 4301 1328 4370 justitiam.
1341 4301 1392 4370 Qui
1408 4317 1469 4358 cum
1483 4302 1518 4356 ad
1529 4303 1694 4373 pradictum
1710 4304 1843 4359 widonem

200 4390 272 4462 quod
288 4389 367 4454 absit,
399 4389 560 4444 electionem
588 4388 672 4458 ipsius
700 4387 832 4442 Ecclesiae
856 4377 1161 4457 aliquandoDrursum
1175 4389 1316 4454 abiissent,
1333 4389 1398 4444 nihil
1422 4390 1620 4446 emendationis
1645 4391 1768 4464 nihilque
1789 4391 1843 4446 red·

1291 395 1299 406 ,
1366 343 1498 400 CCCLIV.

518 2041 651 2098 CCCLlll.

201 4485 368 4550 pervertere,
400 4486 446 4531 aut
486 4475 646 4548 infringere,
683 4491 773 4547 quam,
791 4476 849 4529 Deo
878 4473 1004 4545 propitio,

198 4568 475 4636 justaestassecuta,
507 4565 659 4629 tentaverit,
688 4564 780 4634 gladio
810 4563 902 4634 ulique
921 4577 1006 4617 cano-

204 4655 273 4710 nieae
288 4654 438 4723 disciplinas
453 4653 559 4708 noverit
574 4668 603 4706 se
625 4652 787 4717 feriendum,
812 4660 891 4722 atque
921 4650 1007 4705 omnl-

202 4743 319 4815 potentis
334 4742 383 4796 Dei
398 4742 543 4797 vindictam
559 4756 613 4794 non
629 4756 780 4805 evasurum,
805 4740 827 4793 si
854 4739 937 4809 digna
960 4754 1007 4793 ee-

203 4830 296 4886 leriter
311 4846 365 4885 non
379 4828 460 4884 fuerit
475 4827 660 4884 satisfactione
675 4835 794 4882 sanatus.
812 4825 1009 4882 Confirmamus

202 4918 330 4989 denique,
347 4918 433 4972 nostri
454 4917 621 4988 apostolatus
646 4915 816 4983 auctoritate,
842 4930 937 4968 omnes
962 4927 1007 4968 res

202 5006 324 5077 ejusdem
348 5004 478 5061 Ecclesiae
497 5003 613 5075 pacifice
643 5020 675 5060 ac
701 5004 790 5076 quiete
814 5002 1007 5073 perpetualiter

201 5094 352 5167 possidere.
370 5094 404 5146 Et
431 5093 585 5165 quicunque
602 5093 714 5146 easdem
730 5091 857 5146 invadere
876 5106 907 5144 ac
928 5089 1007 5143 dissi-

203 5199 268 5253 pare
284 5199 366 5236 narsus
380 5180 470 5245 fuerit,
488 5187 663 5252 postquama
683 5180 792 5251 proprio
821 5179 949 5249 episcopo
965 5193 1008 5233 ca-

204 5271 301 5325 nonice
317 5269 472 5324 admonitus
499 5268 592 5335 fuerit,
626 5268 649 5322 si
674 5269 822 5323 secundum
851 5267 957 5321 divinas
981 5273 1008 5320 et

204 5357 338 5411 humanas
353 5357 430 5429 leges
441 5373 495 5411 uon
509 5356 708 5421 emendaverit,
721 5358 771 5410 sub
786 5357 958 5411 anathemate
973 5353 1008 5409 sit

205 5445 358 5499 damnatus.

1056 4476 1166 4531 ditionfs
1181 4477 1216 4531 ab
1231 4493 1264 4533 ec
1280 4478 1323 4532 vel
1333 4478 1496 4549 sequacibus
1510 4479 1579 4548 ejus,
1602 4478 1673 4534 sicut
1692 4481 1843 4550 promissum

1057 4564 1154 4630 fuerat,
1172 4564 1293 4636 recipcre
1307 4573 1462 4636 potuerunt.
1478 4565 1532 4621 Sed
1547 4573 1575 4621 ut
1597 4576 1680 4623 antea
1695 4568 1754 4623 sine
1768 4567 1844 4637 aliquo

1056 4653 1090 4707 ad
1106 4668 1155 4707 nos
1170 4652 1267 4708 effectu
1282 4669 1407 4708 reversus
1422 4662 1472 4720 est,
1488 4661 1514 4708 et
1528 4661 1622 4710 vester
1636 4655 1672 4710 ad
1688 4672 1739 4711 vos
1756 4656 1842 4724 absque

1054 4741 1164 4809 justitiae
1179 4742 1404 4812 contemplatione
1428 4742 1586 4798 omnimoda
1614 4743 1707 4810 rediit,
1736 4740 1841 4815 quamvis

1058 4829 1161 4898 ingenti
1176 4838 1202 4884 et
1217 4827 1289 4884 fideli
1299 4830 1443 4885 devotione
1457 4830 1515 4900 ipse
1530 4829 1671 4886 confrater
1682 4829 1840 4888 nosterllde·

1058 4915 1150 4971 lardus
1171 4917 1205 4970 ad
1226 4917 1358 4986 justitiam
1383 4918 1547 4991 exigendam
1569 4919 1741 4975 multimodis
1762 4920 1840 4974 decer-

1056 5014 1149 5060 tasset.
1165 5007 1244 5061 Nunc
1259 5006 1342 5079 igitur
1355 5023 1405 5078 pro
1419 5016 1494 5062 certo
1509 5006 1628 5063 scientes
1643 5009 1746 5064 nullam
1760 5023 1803 5062 nos
1815 5005 1840 5058 de

1058 5093 1139 5148 tantis
1153 5094 1230 5147 malis
1245 5109 1326 5164 posse
1340 5095 1442 5149 habere
1453 5095 1583 5164 justitiam
1600 5103 1628 5150 et
1642 5096 1840 5152 emendationem

1058 5197 1107 5251 per
1122 5182 1268 5252 quemlibet
1282 5182 1450 5238 celsitudinis
1464 5190 1562 5237 vestrae
1581 5183 1714 5255 legatum,
1739 5185 1785 5239 nisi
1803 5194 1841 5251 per

1058 5278 1176 5324 vestram
1191 5270 1358 5340 imperialem
1378 5271 1563 5341 praesentiam,
1592 5287 1724 5344 rogamus
1750 5271 1838 5331 obnixe,

1058 5365 1139 5428 atque
1153 5373 1203 5428 per
1212 5359 1424 5428 omnipotentem
1439 5358 1585 5414 Dominum
1600 5360 1766 5430 adjuramus,
1780 5366 1803 5412 ut
1814 5353 1841 5408 ad

1060 5443 1261 5502 defendendam
1278 5454 1304 5504 et
1314 5446 1484 5503 liberandam
1498 5447 1532 5503 de
1554 5449 1682 5506 manibus
1708 5445 1840 5506 malefacto
