3794 6104
50 244 96 332 aas
234 333 236 336 ,
415 272 536 330 onusc.
557 272 602 328 m
632 272 739 329 arrsr.
763 273 801 328 m
827 272 940 331 causa
968 274 1141 332 amanam
1164 275 1320 342 eunoun,
1654 285 1706 338 aaa

54 397 189 453 sularibus
205 396 312 452 canitur
329 414 336 451 :
353 398 470 453 Domine
491 399 627 453 Dominus
647 402 752 463 ceaster,
771 415 855 469 paam
869 399 977 459 Arent.
995 401 1024 454 ln
1046 400 1099 454 illis
1120 408 1209 456 autem
1234 400 1408 469 civitatibus,
1429 401 1456 456 in
1480 402 1578 474 quibus
1602 404 1705 461 dudum

57 486 222 541 admirabile
232 490 390 543 eslnantea
402 491 481 541 tanna
494 487 525 541 in
535 488 668 542 uniuersa
678 490 773 543 terra!
788 493 852 555 eia,
904 488 978 558 apud
993 488 1138 559 praedictos
1153 496 1231 544 erant
1246 489 1368 545 ethnicos
1384 506 1479 546 eorum
1495 492 1705 563 archiflamines,

55 589 137 644 usque
152 575 218 629 dum
234 575 327 640 ait,'at
342 575 471 630 destruas
481 575 632 630 inimicam
642 579 669 630 ot
678 576 853 646 defensorem
906 590 974 648 quos
990 579 1211 633 tamenmin01·es
1224 578 1354 633 tenebant
1368 595 1449 651 quarn
1465 588 1631 638 memoratos
1645 582 1706 656 pri-

53 664 137 731 (Psal.
154 664 228 732 vni).
246 664 380 734 Ipsosque
404 662 539 717 incolatus
554 664 745 733 parochiarum
760 679 792 718 aa
806 680 853 718 re·
910 673 1007 731 males,
1037 666 1254 738 archiepiscopos
1283 667 1387 722 institui
1412 671 1563 741 praecepit,
1580 671 1626 743 qui
1653 687 1708 727 non

56 749 453 822 gionum,olimsanctospiritu
464 751 854 807 anteincarnationemChristi
904 758 994 808 tamen
1020 755 1180 824 primatum,
1196 755 1245 810 sed
1266 755 1536 829 archiepiscoporum
1551 757 1708 816 fruerentur

58 854 102 908 per
125 840 291 909 prophetam
315 839 473 909 praedictos,
490 848 516 893 et
535 848 596 910 post
616 840 803 895 ascensionem
826 840 854 893 in
906 843 1026 897 nomine.
1052 831 1248 914 Episcoporum
1276 860 1385 915 quoque
1402 845 1520 914 judicia,
1537 854 1565 902 ut
1581 848 1708 919 superius

55 926 258 982 calumeodem
275 928 472 998 sanctospiritu
488 944 537 998 per
550 929 719 984 sanctosDei
730 928 854 984 homines
905 938 1087 986 memoratum
1106 938 1164 995 est,
1183 939 1209 987 et
1230 931 1331 1001 majora
1355 932 1535 989 ecclesiarum
1550 936 1672 1006 negotia,
1684 936 1709 991 si

55 1015 235 1070 dimetiendos
250 1015 307 1071 iore
320 1017 489 1071 demonstrat
499 1010 606 1071 sancius
617 1018 732 1072 Basilius
742 1018 852 1087 (homil.
905 1018 957 1088 ipsi
982 1019 1199 1086 reclamaverint,
1224 1020 1403 1093 autaliquem
1428 1022 1565 1090 timorem,
1583 1024 1708 1080 autistos

56 1105 163 1175 iapsal.
173 1104 234 1174 mx)
244 1112 383 1159 tranctans
397 1122 508 1159 versum
523 1121 576 1177 quo
591 1106 855 1162 diciturConanilana
904 1101 948 1156 val
964 1101 1033 1156 elios
1048 1110 1190 1172 suspectos
1204 1103 1356 1169 habuerint,
1368 1105 1403 1159 ad
1415 1105 1566 1173 jamdictos
1576 1106 1707 1178 primates

60 1193 310 1250 tabernaculorum
319 1194 462 1250 dimetiar.
482 1216 493 1243 v
511 1195 596 1258 lianc,
609 1195 743 1265 inquiens,
754 1194 854 1264 praei·
904 1190 948 1244 vel
963 1189 1140 1260 patriarchas,
1156 1207 1190 1246 ne
1201 1190 1298 1262 aliquis
1313 1192 1472 1249 innocenter
1486 1195 1598 1265 periret,
1615 1202 1706 1250 trans-

58 1295 137 1352 puam
152 1289 180 1335 et
194 1281 269 1336 velut
283 1282 419 1351 privatam
444 1281 581 1352 quondam
605 1282 729 1352 plebem,
751 1282 855 1338 seilicet
904 1277 1134 1349 ferriperdoouit.
1151 1280 1180 1334 ln
1205 1279 1320 1353 singuiis
1335 1296 1401 1335 vcro
1419 1282 1530 1353 reliquis
1542 1282 1705 1351 civitatibus,

60 1368 237 1424 israeliticam
251 1369 439 1425 hereditatem
460 1370 565 1440 popuii,
581 1371 608 1424 in
632 1371 793 1425 ‹iivisionem
807 1386 856 1425 vo·
905 1365 1039 1438 singulos,
1052 1374 1077 1422 et
1093 1383 1146 1422 taen
1161 1368 1240 1423 binos
1255 1368 1299 1423 vel
1315 1376 1405 1424 ternos
1420 1377 1465 1424 aut
1478 1369 1581 1440 plures,
1597 1371 1706 1443 episco-

56 1456 132 1525 eabo,
148 1465 175 1512 et
186 1473 380 1526 communem,
397 1474 459 1513 curn
474 1459 580 1513 caeteris
605 1459 729 1513 omnibus
746 1459 852 1514 inciam.
904 1470 955 1525 pos
991 1455 1118 1511 constitui
1152 1456 1293 1527 pracepit,
1310 1457 1357 1528 qui
1390 1473 1444 1512 non
1471 1458 1619 1528 primatum
1635 1502 1643 1526 ,
1659 1467 1706 1515 aut

58 1545 122 1600 Cum
136 1553 229 1600 autern
239 1546 356 1601 divisum
372 1545 451 1600 luerit
466 1555 656 1602 testamentum
670 1547 698 1601 in
713 1563 818 1614 omnes,
828 1555 854 1601 et
904 1542 1182 1614 archiepiscoporum,
1211 1552 1257 1599 aut
1282 1546 1571 1615 metropolitanorum,
1587 1547 1708 1617 nornine,

58 1649 117 1688 cum
137 1634 198 1702 ejus
221 1634 322 1688 utilitas
341 1634 476 1689 universis
487 1637 601 1705 caeperit
616 1652 676 1690 esse
691 1636 852 1699 communis,
904 1631 969 1702 quio
984 1640 1087 1687 matres
1103 1632 1240 1688 civitatum
1254 1647 1309 1688 nou
1325 1641 1426 1701 tenent,
1452 1635 1501 1689 sed
1516 1634 1710 1708 episcoporum

58 1721 112 1777 Deo
125 1738 176 1792 pro
192 1721 273 1776 nohis
287 1722 387 1793 aliquid
402 1722 500 1777 melius
514 1725 682 1793 providente,
700 1731 761 1778 tunc
772 1724 854 1778 etiam
870 1726 1011 1813 Btentum
1027 1721 1159 1777 vocabulo
1174 1722 1332 1792 potirentur,
1345 1722 1474 1794 quoniam
1488 1738 1540 1779 nec
1549 1723 1621 1780 inter
1634 1725 1710 1796 ipsos

58 1804 189 1860 conradis
213 1804 451 1861 tabernaculorum
474 1807 705 1872 dimetietur,hoc
722 1815 778 1873 est,
793 1806 856 1862 uni·
908 1808 1047 1878 apostolos
1061 1824 1111 1879 par
1125 1809 1255 1864 institutio
1265 1809 1323 1876 luit,
1342 1811 1390 1865 sed
1409 1827 1480 1866 unus
1502 1812 1712 1884 omnibusprae-

57 1909 153 1948 sersus
176 1892 255 1947 orbis
279 1901 429 1959 terrarum,
446 1895 492 1965 qui
521 1895 599 1950 valiis
622 1896 859 1951 tabernaculorum
908 1895 967 1951 luit.
980 1897 1037 1952 iioc
1051 1904 1141 1951 tamen
1165 1897 1370 1968 providendum
1390 1899 1515 1966 instituit,
1529 1916 1563 1956 ne
1587 1900 1615 1954 in
1637 1901 1710 1956 viliis

58 1997 105 2052 pro
119 1981 286 2037 habitaculis
307 1997 451 2052 corporum
468 1982 555 2037 dictus
570 1991 621 2049 est,
645 1985 689 2039 hia
703 1983 775 2038 velut
792 1999 859 2055 qua·
909 1991 956 2039 aut
979 1984 1108 2050 castellis,
1129 1984 1172 2040 vel
1191 1985 1306 2042 modicis
1330 1986 1481 2042 civitatibus
1505 1987 1709 2045 instituerentur

57 2069 117 2124 dam
133 2077 210 2124 sorte
225 2068 329 2124 divisus
348 2078 428 2141 atque
444 2071 594 2137 dimensus,
616 2088 664 2143 per
680 2072 788 2143 singula
801 2072 860 2127 ioca
909 2073 1040 2143 episcopi,
1050 2089 1084 2127 ne
1095 2072 1148 2128 vile
1171 2089 1266 2129 eorum
1276 2090 1375 2130 nomen
1386 2073 1473 2132 lieret.
1482 2076 1634 2148 Episcopus
1643 2093 1709 2148 ergo

58 2158 246 2214 Ecclesiarum
262 2159 312 2214 Dei
323 2159 458 2229 parochiis
483 2168 508 2214 et
528 2160 689 2215 incolatibus
713 2161 857 2215 dividetur.
909 2161 997 2218 vicem
1012 2160 1198 2232 apostolorum
1214 2179 1313 2234 gerere
1328 2163 1474 2220 Dominum
1488 2165 1616 2221 docuisse
1634 2165 1710 2221 dice-

58 2247 228 2302 Tuucetiam
256 2263 288 2302 ea
311 2263 372 2318 qum
387 2247 472 2302 divisa
501 2257 571 2313 sunt,
589 2250 615 2302 in
643 2248 771 2302 unitatem
797 2248 860 2304 lidei
910 2249 964 2316 bat,
977 2258 1003 2305 et
1018 2250 1183 2320 reliquorum
1212 2250 1406 2323 discipulorum
1421 2253 1509 2310 vicem
1530 2261 1624 2311 tenere
1647 2269 1711 2326 pre·

59 2331 239 2404 congregabit
261 2330 306 2385 ille
322 2331 368 2402 qui
391 2330 514 2402 pacificat
527 2348 577 2403 per
595 2332 757 2403 sanguinem
772 2333 860 2388 erucis
910 2337 1035 2409 sbyieios
1050 2339 1203 2395 insinuabat
1217 2340 1328 2396 debere,
1358 2362 1369 2390 s

58 2435 120 2486 sua,
138 2419 200 2474 sive
214 2418 313 2490 tiuaein
328 2426 403 2474 terre
418 2427 490 2486 sunt,
502 2419 559 2475 sive
574 2437 634 2492 quae
643 2421 671 2473 in
680 2421 767 2489 coehs,
777 2427 804 2476 ol
814 2420 861 2492 qui
945 2428 979 2482 Et
1003 2435 1113 2484 sanctus
1142 2429 1288 2484 hnacletns
1305 2470 1312 2498 ,
1330 2444 1474 2486 successor
1502 2429 1650 2488 Clementis
1665 2472 1673 2502 ,
1690 2445 1708 2486 ρ

59 2515 176 2571 medium
201 2516 340 2586 parietem
361 2516 471 2572 solvens
485 2560 492 2583 ‚
507 2517 571 2573 iecit
594 2527 708 2590 utraque
734 2534 858 2572 unum.»
910 2514 991 2570 beato
1005 2516 1084 2571 Petro
1109 2517 1233 2588 apostolo
1254 2518 1400 2588 presbyter
1414 2517 1713 2590 ordinatus,inprime

59 2605 123 2660 ilinc
137 2605 242 2660 iterum
270 2605 399 2676 seriptum
424 2609 664 2663 est:Distribaiie
692 2609 784 2664 danaos
800 2610 861 2680 ejas
911 2603 1070 2674 epislolaad
1085 2606 1335 2677 omnesepiscopos
1352 2605 1711 2677 etcaeterossideieslepist.

61 2693 185 2750 videlicet
199 2693 364 2749 universalis
379 2694 521 2762 Ecclesia,
545 2712 595 2766 per
611 2696 794 2751 custodiarum
810 2713 860 2767 pa·
912 2695 938 2761 l,
955 2696 1005 2747 sub
1021 2691 1113 2765 linem)
1130 2711 1137 2747 ε
1156 2715 1167 2744 a
1195 2694 1349 2765 Privilegia,
1361 2694 1457 2766 inquit,
1473 2694 1662 2752 Ecclesiarum
1684 2702 1712 2751 et

62 2781 168 2836 rochias
183 2781 369 2853 praeaiaando,
385 2785 859 2856 ateoarretisinpropeniealtera,
911 2781 1083 2836 sacerdotum
1111 2782 1198 2837 sancti
1225 2782 1352 2853 apostoli,
1372 2783 1451 2851 iussu
1465 2784 1624 2851 salvatoris,
1640 2783 1713 2840 inte·

62 2872 193 2941 poariam
212 2869 257 2926 laic
280 2874 322 2926 est
343 2872 416 2926 Deos
433 2876 538 2937 noster,
550 2877 577 2927 et
592 2874 652 2944 ipse
669 2877 746 2945 repet
769 2889 819 2929 nas
830 2875 862 2928 in
911 2877 1014 2923 morata
1029 2877 1055 2924 et
1078 2869 1206 2925 inviolata
1220 2870 1286 2926 reris
1310 2870 1490 2927 decreverunt
1517 2887 1626 2928 manere
1642 2880 1714 2928 tem·

64 2959 457 3030 saculaiPsal.xav11).hd
486 2960 559 3031 quod
588 2960 684 3026 instar,
713 2962 862 3016 secundum
911 2957 1033 3027 poribus.
1051 2957 1139 3030 Leges
1153 2956 1286 3014 Ecclesiae
1299 2959 1447 3030 apostolica
1462 2958 1602 3017 firmamus
1617 2968 1716 3017 aucto·

64 3045 280 3102 constitutionem
303 3047 437 3114 hnacleti,
463 3048 609 3119 Dionysius
631 3064 703 3120 papa
718 3048 862 3104 rusticanis
912 3045 1006 3111 ritate,
1022 3054 1049 3101 et
1074 3047 1221 3119 peregrina
1237 3047 1340 3114 judicia
1367 3048 1569 3104 submovemus.
1594 3050 1673 3105 Unde
1688 3055 1716 3104 et

64 3134 197 3204 parochiis
212 3135 343 3191 terminos
357 3142 447 3192 certos
462 3137 561 3207 posuit,
571 3153 603 3192 ac
619 3138 760 3208 ponendos
771 3106 897 3208 dispo·C
915 3134 1047 3190 Dominus
1060 3136 1226 3192 mentionem
1241 3135 1416 3205 iaciensLot,
1428 3152 1479 3207 per
1500 3138 1613 3207 Moysen
1627 3136 1716 3208 loqui·

65 3223 121 3288 suit,
137 3223 174 3279 de
188 3223 288 3295 quihus
302 3225 383 3280 etiam
401 3224 624 3281 chalcedonense
640 3226 786 3282 concilium
801 3243 862 3298 quoe
914 3230 958 3278 tur
973 3222 1067 3279 dicens
1084 3241 1090 3276 :
1108 3224 1251 3297 Ingressus
1267 3240 1297 3279 es
1307 3224 1426 3295 quidem,
1444 3223 1576 3295 inquiunt,
1589 3231 1618 3279 ut
1632 3225 1715 3281 adve-

64 3320 122 3365 snnt
134 3318 202 3367 nota
212 3312 345 3368 decrevit.
913 3325 959 3373 na,
975 3310 1097 3382 nunquid
1107 3318 1135 3366 ut
1143 3311 1271 3380 judices?
1281 3311 1360 3382 (Gen.
1372 3311 1446 3382 xm.)
1457 3311 1632 3383 Unaquaeque
1642 3310 1715 3367 enim

94 3400 134 3455 De
153 3400 357 3470 provinciarum
373 3409 465 3459 autem
485 3403 667 3471 dimensione,
685 3412 711 3459 et
725 3403 864 3460 civitatum
914 3399 1056 3469 provincia
1071 3406 1124 3453 tam
1136 3400 1212 3468 juxta
1225 3398 1425 3455 ecclesiasticas
1440 3399 1606 3470 quamjuxte
1622 3398 1717 3456 saeeuli

61 3487 222 3559 privilegiis,
242 3506 304 3561 quae
318 3490 352 3545 ad
367 3490 452 3545 instar
478 3491 622 3547 duodecim
637 3492 737 3546 tribum
753 3491 864 3547 israeli·
915 3486 1001 3559 leges,
1012 3502 1076 3542 suos
1087 3487 1361 3556 debetjustosetuon
1371 3486 1480 3557 iniquos
1490 3486 1715 3556 haherejudiaes,

63 3577 105 3632 tici
132 3576 228 3647 populi
256 3577 357 3634 ethnici
385 3586 551 3646 statuerunt,
569 3586 596 3635 et
624 3580 773 3651 apostolica
802 3587 865 3635 sunt
914 3582 941 3630 et
955 3591 1009 3630 non
1024 3582 1160 3643 externos,
1176 3575 1229 3631 nisi
1243 3574 1397 3646 apostolicae
1419 3575 1499 3644 hujus
1527 3575 1602 3631 sedis
1617 3576 1716 3633 decre-

61 3673 156 3736 postea
171 3664 364 3722 constitutione
379 3665 493 3738 firmata,
504 3676 613 3724 sanctus
626 3668 753 3724 Clemens
767 3668 795 3723 in
811 3667 865 3740 pri-
914 3663 982 3719 verit
996 3663 1142 3719 auctoritas
1158 3680 1164 3719 :
1180 3663 1477 3736 quatenusquicunque
1488 3679 1599 3720 causam
1615 3665 1716 3722 habas

60 3768 104 3808 ma
118 3753 237 3825 epistole
252 3754 288 3809 ad
311 3756 452 3811 iacobum
464 3756 737 3828 hierosolymiranum
754 3756 863 3829 episco-
914 3752 959 3821 rit,
983 3753 1056 3823 apud
1071 3768 1135 3808 suos
1160 3751 1267 3821 iudices
1279 3753 1425 3821 judicetur,
1442 3760 1469 3808 et
1492 3768 1546 3809 nou
1562 3752 1596 3808 ad
1611 3753 1716 3810 alienos

61 3856 135 3913 pum,
153 3843 201 3915 qui
216 3850 244 3898 et
257 3843 343 3899 irater
357 3844 465 3900 Domini
480 3845 632 3916 appellatur
645 3846 774 3917 scripsit,
791 3846 865 3918 quod
914 3856 996 3897 causa
1023 3841 1152 3914 v'agandi,
1178 3841 1334 3897 stimulante
1357 3840 1505 3913 protervia,
1525 3856 1602 3898 suam
1622 3839 1716 3914 despi-

62 3937 89 3985 tu
104 3931 133 3986 in
140 3931 338 4002 compilatione
352 3941 399 3988 tua
413 3933 482 3990 sicut
490 3942 517 3990 et
527 3949 579 3990 nec
587 3934 769 4005 praecedentia
781 3936 866 3990 verba
915 3930 991 3985 ciens
1013 3930 1128 4001 patriam
1156 3938 1284 4000 transeat,
1302 3930 1351 3986 sed
1379 3930 1415 3985 ad
1435 3929 1578 3986 duodecim
1593 3929 1716 4000 ejusdem

62 4018 160 4075 Leonis
182 4035 287 4091 ponere
308 4020 429 4089 voluisti,
445 4039 480 4079 ne
502 4022 670 4078 inveniretur
693 4022 722 4076 in
737 4023 777 4078 eis
792 4024 865 4095 quod
915 4017 1064 4090 provinciae
1083 4018 1208 4089 judices,
1234 4019 1269 4074 ad
1310 4034 1426 4090 quorum
1454 4017 1586 4088 judicium
1619 4033 1715 4077 omnes

63 4114 91 4162 tu
103 4107 194 4174 alicui,
217 4117 317 4180 praeter
333 4110 488 4180 apostolicas
504 4112 578 4166 sedis
594 4110 727 4182 pontifici,
748 4110 865 4168 deberes
916 4122 1004 4163 causae
1021 4107 1160 4164 civitatum
1188 4107 1352 4175 referuntur,
1368 4107 1508 4165 deleratur
1523 4107 1671 4180 negotium.
1687 4108 1717 4166 Si

65 4195 152 4268 aliquo
171 4196 256 4252 modo
279 4197 370 4265 subdi,
385 4198 504 4254 inaniter
525 4207 623 4270 putans
640 4199 711 4271 quod
727 4199 750 4254 si
765 4207 791 4254 tu
807 4201 866 4258 linc
916 4205 1007 4251 autem
1028 4195 1108 4252 luerit
1127 4195 1353 4262 ecclesiasticum,
1369 4197 1442 4267 apud
1458 4197 1612 4268 episcopos,
1632 4197 1717 4252 inter·

68 4283 148 4340 intuo
161 4284 290 4356 pitaciolo
305 4301 360 4341 non
373 4303 502 4357 ponereS,
513 4287 622 4344 aliinon
636 4288 766 4343 haberent
781 4288 866 4345 libros
916 4285 1041 4340 veniente
1060 4284 1192 4356 primate,
1219 4285 1242 4340 si
1265 4284 1351 4353 maior
1373 4298 1457 4340 causa
1480 4284 1560 4339 luerit
1578 4303 1586 4351 ;
1610 4284 1715 4342 sivero

71 4372 113 4426 tbi
126 4389 157 4428 ea
172 4372 267 4447 legere
281 4375 442 4446 potuissent.
459 4376 513 4432 Sed
523 4377 584 4449 quis
600 4392 702 4449 eaquae
712 4377 866 4449 nostiigno
916 4373 1015 4443 minor,
1032 4373 1249 4445 metropolitano.
1267 4373 1295 4428 Si
1314 4388 1380 4429 vero
1394 4371 1626 4438 lueritsaeculare,
1642 4372 1715 4443 apud

73 4462 129 4516 rati
138 4460 215 4517 Prius
234 4462 307 4517 euim
322 4479 403 4535 quam
416 4463 575 4520 formareris
595 4466 622 4520 in
637 4473 714 4520 utero
728 4464 775 4521 illa
788 4465 867 4522 novi·
881 4462 1041 4531 Dejusdem
1070 4461 1175 4517 ordinis
1195 4461 1278 4528 viros,
1291 4459 1394 4531 judicio
1409 4468 1498 4516 amen
1512 4459 1713 4533 episcoporum,

76 4562 137 4616 nus,
152 4559 178 4607 et
200 4559 346 4624 antequam
359 4553 450 4608 exires
475 4554 510 4610 de
535 4553 616 4611 vulva
631 4553 782 4624 sepissime
797 4554 865 4628 legi·
915 4567 978 4607 cum
1003 4550 1149 4621 Apostolos
1175 4550 1345 4622 privatorum
1380 4550 1595 4606 Christianorum
1616 4562 1715 4604 causes

80 4649 139 4705 nos,
154 4647 180 4695 et
205 4638 360 4708 discretius,
391 4657 470 4713 quam
485 4650 512 4696 tu
542 4642 696 4713 Scripturas
724 4658 816 4699 sacras
839 4651 866 4699 et
915 4640 1001 4711 magis
1025 4639 1060 4694 ad
1078 4639 1220 4696 Ecclesiae
1232 4639 1343 4706 delerri,
1367 4645 1394 4695 et
1422 4638 1522 4694 ibidem
1552 4636 1716 4693 sacerdotali

82 4736 186 4783 amoues
200 4743 295 4785 meros
309 4729 446 4801 intelligas
455 4729 647 4786 intelleximus.
659 4731 703 4786 Ait
716 4731 787 4786 enirn
803 4732 865 4786 bea·
912 4728 1016 4799 judicio
1026 4728 1179 4784 terminarit
1193 4728 1286 4784 voluit.
1301 4749 1312 4779 s
1326 4729 1360 4784 Et
1374 4729 1403 4782 in
1417 4726 1537 4782 secunda
1551 4724 1665 4797 epistola
1678 4724 1715 4784 ad

85 4815 250 4872 tvsCiemens
271 4817 341 4873 inter
364 4818 416 4872 alia
431 4817 458 4873 in
473 4819 587 4889 prefata
601 4819 717 4890 epistola
733 4821 865 4891 (episti,
916 4816 1062 4889 episcopos
1098 4817 1221 4872 initalia
1246 4816 1405 4873 constitutos
1436 4813 1502 4869 dicit
1532 4831 1539 4867 :
1564 4810 1715 4871 Provincia

89 4900 125 4953 svb
146 4905 285 4975 medium),
302 4906 441 4975 «jussisse
456 4907 567 4962 beatum
594 4909 719 4975 Petmm,
746 4908 773 4963 in
802 4908 864 4973 iilis,
916 4914 1005 4962 autern
1016 4906 1100 4962 multo
1115 4914 1178 4961 ante
1194 4905 1294 4961 Christi
1308 4903 1455 4959 adventum
1479 4910 1600 4975 tempore
1620 4902 1715 4960 divisae

89 4983 200 5060 inplens,
217 4993 381 5060 civitatibus,
399 4994 541 5066 inquibus
570 4997 634 5051 oiim
660 4998 731 5069 apud
743 4997 866 5053 ethnicos
917 5003 980 5050 sunt
1002 4995 1120 5051 maxima
1134 5010 1168 5050 ex
1196 5002 1284 5065 parte,
1300 5001 1326 5047 et
1349 4999 1445 5063 postea
1473 4991 1508 5047 ab
1529 4991 1671 5064 apostolis,
1688 4994 1715 5045 et

94 5075 153 5141 inni
173 5081 298 5137 iiarniues
316 5099 421 5150 eorum,
443 5084 612 5155 atqueprimi
643 5085 713 5156 legis
741 5085 867 5142 doctores
917 5084 997 5139 beato
1017 5084 1155 5140 Clemente
1182 5081 1386 5153 predecessore
1414 5088 1518 5151 nostro,
1534 5081 1593 5152 ipsa
1616 5078 1715 5135 divisio

95 5173 157 5235 trent,
176 5171 367 5242 episcopomm
387 5171 515 5243 primates
539 5174 604 5244 poni
627 5175 671 5229 vel
689 5174 866 5245 patriarchas,
918 5181 959 5229 est
974 5181 1108 5247 renovata.
1126 5173 1160 5227 Et
1176 5170 1203 5226 in
1221 5170 1308 5242 eapite
1322 5167 1534 5242 provinciarum,
1551 5169 1597 5224 ubi
1611 5167 1715 5247 dudum

95 5253 299 5330 mreiiquorum
315 5260 506 5331 episcoporum
525 5261 626 5330 judicia
642 5269 668 5317 et
682 5263 787 5332 majora
801 5278 868 5335 quo·
918 5261 1050 5333 primates
1074 5260 1144 5331 legis
1172 5264 1249 5316 erent
1281 5259 1383 5326 saeculi,
1403 5275 1435 5317 ac
1462 5259 1551 5331 prima
1574 5253 1717 5326 judiciaria

96 5335 129 5394 bes
140 5361 249 5403 necesse
264 5347 337 5402 foret
350 5349 457 5420 negotia
466 5349 493 5402 in
504 5348 557 5404 lide
567 5351 715 5421 agitarent,
725 5358 752 5405 et
767 5366 869 5408 secun·
918 5357 1047 5422 potestas,
1066 5348 1102 5404 ad
1116 5366 1185 5421 quos
1199 5348 1245 5421 qui
1254 5365 1303 5420 per
1317 5349 1437 5420 rehquas
1456 5347 1578 5402 civitates
1597 5360 1718 5402 commo-

21 5458 24 5463 ·
95 5423 256 5490 damnamini
274 5436 453 5506 voluntatem,
474 5437 543 5493 sicut
564 5440 765 5496 constituerunt
783 5440 869 5496 sancti
919 5440 1059 5509 rebantur,
1076 5440 1186 5512 quando
1206 5436 1245 5493 eis
1273 5453 1387 5496 neeesse
1414 5442 1481 5504 erat,
1498 5435 1545 5508 qui
1568 5435 1604 5490 ad
1630 5433 1721 5491 auiam

94 5523 194 5595 tiostoli,
210 5525 248 5581 aa
262 5531 293 5580 ut
305 5540 341 5581 ne
357 5525 419 5597 quis
432 5525 531 5596 iniuste
544 5527 756 5601 periclitaretur,
776 5526 869 5588 dilini-
919 5527 1113 5605 imperatorum
1131 5527 1176 5588 vei
1190 5543 1288 5602 regum
1303 5526 1453 5603 comagene
1466 5540 1522 5585 non
1531 5522 1721 5601 pateranensi

212 5639 475 5701 Praesumit.
1476 5646 1507 5701 11
