<?xml version="1.0" encoding="UTF-8"?>
<!DOCTYPE html PUBLIC "-//W3C//DTD XHTML 1.0 Transitional//EN"
    "http://www.w3.org/TR/xhtml1/DTD/xhtml1-transitional.dtd">
<html xmlns="http://www.w3.org/1999/xhtml" xml:lang="en" lang="en">
 <head>
  <title>
</title>
<meta http-equiv="Content-Type" content="text/html;charset=utf-8" />
  <meta name='ocr-system' content='tesseract 3.04.00' />
  <meta name='ocr-capabilities' content='ocr_page ocr_carea ocr_par ocr_line ocrx_word'/>
</head>
<body>
  <div class='ocr_page' id='page_1' title='image "./patrologiaecurs81unkngoog/patrologiaecurs81unkngoog_0277.png"; bbox 0 0 3794 6104; ppageno 0'>
   <div class='ocr_carea' id='block_1_1' title="bbox 135 211 1794 276">
    <p class='ocr_par' dir='ltr' id='par_1_1' title="bbox 135 211 1794 276">
     <span class='ocr_line' id='line_1_1' title="bbox 135 211 1794 276; baseline 0.001 -1"><span class='ocrx_word' id='word_1_1' title='bbox 135 220 186 276; x_wconf 78' lang='lat' dir='ltr'>tte</span> <span class='ocrx_word' id='word_1_2' title='bbox 588 213 760 273; x_wconf 79' lang='lat' dir='ltr'>amcttttu</span> <span class='ocrx_word' id='word_1_3' title='bbox 785 211 988 271; x_wconf 82' lang='lat' dir='ltr'><strong>RHEMENSIS</strong></span> <span class='ocrx_word' id='word_1_4' title='bbox 1016 213 1293 272; x_wconf 79' lang='lat' dir='ltr'>hacflffletscoet.</span> <span class='ocrx_word' id='word_1_5' title='bbox 1733 222 1794 276; x_wconf 59' lang='lat' dir='ltr'>Sl}</span> 
     </span>
    </p>
   </div>
   <div class='ocr_carea' id='block_1_2' title="bbox 49 338 1809 5479">
    <p class='ocr_par' dir='ltr' id='par_1_2' title="bbox 128 338 1809 2014">
     <span class='ocr_line' id='line_1_2' title="bbox 133 338 1809 421; baseline 0.001 -22"><span class='ocrx_word' id='word_1_6' title='bbox 133 342 260 400; x_wconf 86' lang='lat' dir='ltr'>natalium</span> <span class='ocrx_word' id='word_1_7' title='bbox 282 342 400 417; x_wconf 89' lang='lat' dir='ltr'>dignitas</span> <span class='ocrx_word' id='word_1_8' title='bbox 425 341 599 416; x_wconf 81' lang='lat' dir='ltr'>suffragatur.</span> <span class='ocrx_word' id='word_1_9' title='bbox 617 341 644 397; x_wconf 92' lang='lat' dir='ltr'>Si</span> <span class='ocrx_word' id='word_1_10' title='bbox 660 340 731 399; x_wconf 92' lang='lat' dir='ltr'>inter</span> <span class='ocrx_word' id='word_1_11' title='bbox 748 355 841 397; x_wconf 87' lang='lat' dir='ltr'>sacros</span> <span class='ocrx_word' id='word_1_12' title='bbox 856 339 933 397; x_wconf 90' lang='lat' dir='ltr'>ordi·</span> <span class='ocrx_word' id='word_1_13' title='bbox 949 338 1086 421; x_wconf 83' lang='lat' dir='ltr'>Ahebere</span> <span class='ocrx_word' id='word_1_14' title='bbox 1108 342 1281 411; x_wconf 81' lang='lat' dir='ltr'>consensisti,</span> <span class='ocrx_word' id='word_1_15' title='bbox 1304 342 1374 399; x_wconf 90' lang='lat' dir='ltr'>sicat</span> <span class='ocrx_word' id='word_1_16' title='bbox 1394 342 1519 415; x_wconf 88' lang='lat' dir='ltr'>plurimis</span> <span class='ocrx_word' id='word_1_17' title='bbox 1541 350 1583 400; x_wconf 92' lang='lat' dir='ltr'>est</span> <span class='ocrx_word' id='word_1_18' title='bbox 1596 343 1809 408; x_wconf 67' lang='lat' dir='ltr'>manifestam-</span> 
     </span>
     <span class='ocr_line' id='line_1_3' title="bbox 132 429 1809 504; baseline 0 -16"><span class='ocrx_word' id='word_1_19' title='bbox 132 449 182 490; x_wconf 89' lang='lat' dir='ltr'>nes</span> <span class='ocrx_word' id='word_1_20' title='bbox 196 432 262 489; x_wconf 90' lang='lat' dir='ltr'>ordo</span> <span class='ocrx_word' id='word_1_21' title='bbox 277 432 395 503; x_wconf 81' lang='lat' dir='ltr'><strong>acolythi</strong></span> <span class='ocrx_word' id='word_1_22' title='bbox 408 447 463 488; x_wconf 90' lang='lat' dir='ltr'>non</span> <span class='ocrx_word' id='word_1_23' title='bbox 478 430 633 502; x_wconf 90' lang='lat' dir='ltr'>deputatur,</span> <span class='ocrx_word' id='word_1_24' title='bbox 650 431 685 486; x_wconf 92' lang='lat' dir='ltr'>de</span> <span class='ocrx_word' id='word_1_25' title='bbox 700 431 753 486; x_wconf 93' lang='lat' dir='ltr'>hoc</span> <span class='ocrx_word' id='word_1_26' title='bbox 767 438 861 486; x_wconf 90' lang='lat' dir='ltr'>nostro</span> <span class='ocrx_word' id='word_1_27' title='bbox 877 429 932 485; x_wconf 91' lang='lat' dir='ltr'>cle·</span> <span class='ocrx_word' id='word_1_28' title='bbox 983 431 1044 500; x_wconf 89' lang='lat' dir='ltr'>ipse</span> <span class='ocrx_word' id='word_1_29' title='bbox 1059 438 1149 485; x_wconf 91' lang='lat' dir='ltr'>autem</span> <span class='ocrx_word' id='word_1_30' title='bbox 1165 430 1268 486; x_wconf 93' lang='lat' dir='ltr'>nullam</span> <span class='ocrx_word' id='word_1_31' title='bbox 1293 432 1425 488; x_wconf 85' lang='lat' dir='ltr'>rationem</span> <span class='ocrx_word' id='word_1_32' title='bbox 1441 431 1573 504; x_wconf 89' lang='lat' dir='ltr'>spoliatus</span> <span class='ocrx_word' id='word_1_33' title='bbox 1587 441 1685 490; x_wconf 89' lang='lat' dir='ltr'>contra</span> <span class='ocrx_word' id='word_1_34' title='bbox 1699 434 1809 490; x_wconf 67' lang='lat' dir='ltr'>ratio-</span> 
     </span>
     <span class='ocr_line' id='line_1_4' title="bbox 132 518 1809 595; baseline 0 -17"><span class='ocrx_word' id='word_1_35' title='bbox 132 521 191 578; x_wconf 90' lang='lat' dir='ltr'>rico</span> <span class='ocrx_word' id='word_1_36' title='bbox 205 521 314 578; x_wconf 91' lang='lat' dir='ltr'>nomiae</span> <span class='ocrx_word' id='word_1_37' title='bbox 329 521 430 577; x_wconf 88' lang='lat' dir='ltr'>Senato</span> <span class='ocrx_word' id='word_1_38' title='bbox 446 528 501 575; x_wconf 89' lang='lat' dir='ltr'>ate</span> <span class='ocrx_word' id='word_1_39' title='bbox 516 520 642 591; x_wconf 78' lang='lat' dir='ltr'><strong>acolytho</strong></span> <span class='ocrx_word' id='word_1_40' title='bbox 656 519 715 575; x_wconf 90' lang='lat' dir='ltr'>sine</span> <span class='ocrx_word' id='word_1_41' title='bbox 737 526 830 574; x_wconf 89' lang='lat' dir='ltr'>nostra</span> <span class='ocrx_word' id='word_1_42' title='bbox 843 518 931 574; x_wconf 88' lang='lat' dir='ltr'>licen·</span> <span class='ocrx_word' id='word_1_43' title='bbox 980 534 1054 588; x_wconf 90' lang='lat' dir='ltr'>nam,</span> <span class='ocrx_word' id='word_1_44' title='bbox 1071 519 1296 576; x_wconf 89' lang='lat' dir='ltr'>etauctoritatem</span> <span class='ocrx_word' id='word_1_45' title='bbox 1320 521 1368 576; x_wconf 90' lang='lat' dir='ltr'>tibi</span> <span class='ocrx_word' id='word_1_46' title='bbox 1384 521 1448 578; x_wconf 93' lang='lat' dir='ltr'>inde</span> <span class='ocrx_word' id='word_1_47' title='bbox 1463 522 1490 576; x_wconf 92' lang='lat' dir='ltr'>in</span> <span class='ocrx_word' id='word_1_48' title='bbox 1504 522 1611 594; x_wconf 91' lang='lat' dir='ltr'>synodo</span> <span class='ocrx_word' id='word_1_49' title='bbox 1626 521 1809 595; x_wconf 61' lang='lat' dir='ltr'>regularite.</span> 
     </span>
     <span class='ocr_line' id='line_1_5' title="bbox 132 607 1809 683; baseline 0 -17"><span class='ocrx_word' id='word_1_50' title='bbox 132 611 178 680; x_wconf 88' lang='lat' dir='ltr'>tia,</span> <span class='ocrx_word' id='word_1_51' title='bbox 191 609 234 667; x_wconf 83' lang='lat' dir='ltr'>vel</span> <span class='ocrx_word' id='word_1_52' title='bbox 244 610 303 666; x_wconf 89' lang='lat' dir='ltr'>sine</span> <span class='ocrx_word' id='word_1_53' title='bbox 313 609 498 666; x_wconf 88' lang='lat' dir='ltr'>ecclesiastica</span> <span class='ocrx_word' id='word_1_54' title='bbox 508 608 634 664; x_wconf 91' lang='lat' dir='ltr'>libertate</span> <span class='ocrx_word' id='word_1_55' title='bbox 644 609 768 664; x_wconf 89' lang='lat' dir='ltr'>ordinato</span> <span class='ocrx_word' id='word_1_56' title='bbox 776 608 814 663; x_wconf 87' lang='lat' dir='ltr'>nil</span> <span class='ocrx_word' id='word_1_57' title='bbox 825 615 929 678; x_wconf 83' lang='lat' dir='ltr'><strong>repeto.</strong></span> <span class='ocrx_word' id='word_1_58' title='bbox 981 607 1097 663; x_wconf 83' lang='lat' dir='ltr'>reddere</span> <span class='ocrx_word' id='word_1_59' title='bbox 1112 608 1193 664; x_wconf 91' lang='lat' dir='ltr'>debet</span> <span class='ocrx_word' id='word_1_60' title='bbox 1209 627 1216 665; x_wconf 92' lang='lat'><strong>:</strong></span> <span class='ocrx_word' id='word_1_61' title='bbox 1233 609 1256 663; x_wconf 90' lang='lat' dir='ltr'>si</span> <span class='ocrx_word' id='word_1_62' title='bbox 1271 616 1359 665; x_wconf 89' lang='lat' dir='ltr'>antem</span> <span class='ocrx_word' id='word_1_63' title='bbox 1375 610 1436 666; x_wconf 91' lang='lat' dir='ltr'>ideo</span> <span class='ocrx_word' id='word_1_64' title='bbox 1460 610 1536 664; x_wconf 90' lang='lat' dir='ltr'>iliam</span> <span class='ocrx_word' id='word_1_65' title='bbox 1550 611 1593 665; x_wconf 86' lang='lat' dir='ltr'>vis</span> <span class='ocrx_word' id='word_1_66' title='bbox 1608 610 1637 665; x_wconf 92' lang='lat' dir='ltr'>in</span> <span class='ocrx_word' id='word_1_67' title='bbox 1652 610 1809 683; x_wconf 63' lang='lat' dir='ltr'>synodon:</span> 
     </span>
     <span class='ocr_line' id='line_1_6' title="bbox 131 695 1809 773; baseline 0 -18"><span class='ocrx_word' id='word_1_68' title='bbox 131 700 167 755; x_wconf 86' lang='lat' dir='ltr'>Et</span> <span class='ocrx_word' id='word_1_69' title='bbox 183 698 257 773; x_wconf 89' lang='lat' dir='ltr'>quia,</span> <span class='ocrx_word' id='word_1_70' title='bbox 273 706 303 753; x_wconf 94' lang='lat' dir='ltr'>ut</span> <span class='ocrx_word' id='word_1_71' title='bbox 311 698 375 755; x_wconf 90' lang='lat' dir='ltr'>dicit</span> <span class='ocrx_word' id='word_1_72' title='bbox 385 697 567 767; x_wconf 85' lang='lat' dir='ltr'>Innocentius,</span> <span class='ocrx_word' id='word_1_73' title='bbox 577 697 733 753; x_wconf 84' lang='lat' dir='ltr'>obseruatio</span> <span class='ocrx_word' id='word_1_74' title='bbox 743 697 819 768; x_wconf 92' lang='lat' dir='ltr'>prior</span> <span class='ocrx_word' id='word_1_75' title='bbox 827 695 930 763; x_wconf 92' lang='lat' dir='ltr'>durior,</span> <span class='ocrx_word' id='word_1_76' title='bbox 981 704 1055 752; x_wconf 90' lang='lat' dir='ltr'>tuam</span> <span class='ocrx_word' id='word_1_77' title='bbox 1083 697 1186 766; x_wconf 86' lang='lat' dir='ltr'>venire,</span> <span class='ocrx_word' id='word_1_78' title='bbox 1224 698 1352 769; x_wconf 89' lang='lat' dir='ltr'>quoniam</span> <span class='ocrx_word' id='word_1_79' title='bbox 1389 699 1633 755; x_wconf 78' lang='lat' dir='ltr'>chalcedonenses</span> <span class='ocrx_word' id='word_1_80' title='bbox 1667 715 1809 767; x_wconf 40' lang='lat' dir='ltr'>canone&amp;</span> 
     </span>
     <span class='ocr_line' id='line_1_7' title="bbox 133 784 1809 861; baseline 0 -17"><span class='ocrx_word' id='word_1_81' title='bbox 133 788 270 861; x_wconf 75' lang='lat' dir='ltr'>posterior</span> <span class='ocrx_word' id='word_1_82' title='bbox 290 787 488 844; x_wconf 87' lang='lat' dir='ltr'>interveniente</span> <span class='ocrx_word' id='word_1_83' title='bbox 508 786 696 843; x_wconf 89' lang='lat' dir='ltr'>misericordia</span> <span class='ocrx_word' id='word_1_84' title='bbox 711 784 864 841; x_wconf 74' lang='lat' dir='ltr'>inclinatior</span> <span class='ocrx_word' id='word_1_85' title='bbox 877 793 930 854; x_wconf 89' lang='lat' dir='ltr'>est,</span> <span class='ocrx_word' id='word_1_86' title='bbox 981 784 1075 840; x_wconf 90' lang='lat' dir='ltr'>dicant</span> <span class='ocrx_word' id='word_1_87' title='bbox 1097 786 1201 841; x_wconf 88' lang='lat' dir='ltr'>nullam</span> <span class='ocrx_word' id='word_1_88' title='bbox 1224 787 1348 843; x_wconf 90' lang='lat' dir='ltr'>absolute</span> <span class='ocrx_word' id='word_1_89' title='bbox 1371 788 1496 843; x_wconf 89' lang='lat' dir='ltr'>ordinare</span> <span class='ocrx_word' id='word_1_90' title='bbox 1518 787 1624 843; x_wconf 90' lang='lat' dir='ltr'>debere</span> <span class='ocrx_word' id='word_1_91' title='bbox 1639 789 1809 861; x_wconf 54' lang='lat' dir='ltr'>presbytc-4</span> 
     </span>
     <span class='ocr_line' id='line_1_8' title="bbox 132 874 1809 950; baseline -0.002 -16"><span class='ocrx_word' id='word_1_92' title='bbox 132 877 300 950; x_wconf 75' lang='lat' dir='ltr'>posteriores</span> <span class='ocrx_word' id='word_1_93' title='bbox 327 891 446 933; x_wconf 74' lang='lat' dir='ltr'>canaam</span> <span class='ocrx_word' id='word_1_94' title='bbox 474 876 577 942; x_wconf 92' lang='lat' dir='ltr'>dicant,</span> <span class='ocrx_word' id='word_1_95' title='bbox 607 882 636 930; x_wconf 92' lang='lat' dir='ltr'>nt</span> <span class='ocrx_word' id='word_1_96' title='bbox 664 874 755 930; x_wconf 91' lang='lat' dir='ltr'>nullus</span> <span class='ocrx_word' id='word_1_97' title='bbox 776 874 929 942; x_wconf 86' lang='lat' dir='ltr'>servilibus,</span> <span class='ocrx_word' id='word_1_98' title='bbox 981 891 1041 928; x_wconf 89' lang='lat' dir='ltr'>rum</span> <span class='ocrx_word' id='word_1_99' title='bbox 1056 883 1103 930; x_wconf 89' lang='lat' dir='ltr'>aut</span> <span class='ocrx_word' id='word_1_100' title='bbox 1116 875 1270 945; x_wconf 90' lang='lat' dir='ltr'>diaconam,</span> <span class='ocrx_word' id='word_1_101' title='bbox 1286 891 1338 932; x_wconf 93' lang='lat' dir='ltr'>nec</span> <span class='ocrx_word' id='word_1_102' title='bbox 1354 875 1539 949; x_wconf 90' lang='lat' dir='ltr'>quemlibetin</span> <span class='ocrx_word' id='word_1_103' title='bbox 1553 876 1809 948; x_wconf 67' lang='lat' dir='ltr'>gradaecclesi-</span> 
     </span>
     <span class='ocr_line' id='line_1_9' title="bbox 131 963 1809 1038; baseline -0.001 -16"><span class='ocrx_word' id='word_1_104' title='bbox 131 965 331 1038; x_wconf 81' lang='lat' dir='ltr'>colonariisque</span> <span class='ocrx_word' id='word_1_105' title='bbox 360 965 560 1022; x_wconf 88' lang='lat' dir='ltr'>conditionibus</span> <span class='ocrx_word' id='word_1_106' title='bbox 583 964 718 1036; x_wconf 83' lang='lat' dir='ltr'>obligatus</span> <span class='ocrx_word' id='word_1_107' title='bbox 738 964 815 1032; x_wconf 85' lang='lat' dir='ltr'>juxta</span> <span class='ocrx_word' id='word_1_108' title='bbox 834 970 930 1018; x_wconf 89' lang='lat' dir='ltr'>statuta</span> <span class='ocrx_word' id='word_1_109' title='bbox 981 963 1095 1029; x_wconf 91' lang='lat' dir='ltr'>stico,et</span> <span class='ocrx_word' id='word_1_110' title='bbox 1109 963 1341 1036; x_wconf 84' lang='lat' dir='ltr'>reliqna,utlorte</span> <span class='ocrx_word' id='word_1_111' title='bbox 1355 965 1599 1037; x_wconf 90' lang='lat' dir='ltr'>oblitusperillam</span> <span class='ocrx_word' id='word_1_112' title='bbox 1607 966 1809 1038; x_wconf 58' lang='lat' dir='ltr'>diseascuy&#39;t</span> 
     </span>
     <span class='ocr_line' id='line_1_10' title="bbox 132 1051 1809 1128; baseline -0.001 -17"><span class='ocrx_word' id='word_1_113' title='bbox 132 1054 205 1111; x_wconf 92' lang='lat' dir='ltr'>sedis</span> <span class='ocrx_word' id='word_1_114' title='bbox 228 1054 385 1126; x_wconf 76' lang='lat' dir='ltr'>apostolica</span> <span class='ocrx_word' id='word_1_115' title='bbox 398 1055 433 1109; x_wconf 90' lang='lat' dir='ltr'>ad</span> <span class='ocrx_word' id='word_1_116' title='bbox 446 1054 567 1109; x_wconf 90' lang='lat' dir='ltr'>bonores</span> <span class='ocrx_word' id='word_1_117' title='bbox 586 1052 788 1109; x_wconf 89' lang='lat' dir='ltr'>ecclesiasticos</span> <span class='ocrx_word' id='word_1_118' title='bbox 803 1051 929 1107; x_wconf 84' lang='lat' dir='ltr'>admitte·</span> <span class='ocrx_word' id='word_1_119' title='bbox 981 1053 1108 1109; x_wconf 87' lang='lat' dir='ltr'>suasione</span> <span class='ocrx_word' id='word_1_120' title='bbox 1123 1052 1196 1108; x_wconf 92' lang='lat' dir='ltr'>illam</span> <span class='ocrx_word' id='word_1_121' title='bbox 1213 1062 1307 1109; x_wconf 89' lang='lat' dir='ltr'>contra</span> <span class='ocrx_word' id='word_1_122' title='bbox 1323 1054 1431 1125; x_wconf 89' lang='lat' dir='ltr'>regulas</span> <span class='ocrx_word' id='word_1_123' title='bbox 1446 1054 1638 1120; x_wconf 61' lang='lat' dir='ltr'>ordinaverim</span> <span class='ocrx_word' id='word_1_124' title='bbox 1651 1063 1809 1128; x_wconf 55' lang='lat' dir='ltr'>quatemQ</span> 
     </span>
     <span class='ocr_line' id='line_1_11' title="bbox 130 1139 1809 1216; baseline -0.001 -17"><span class='ocrx_word' id='word_1_125' title='bbox 130 1152 184 1211; x_wconf 86' lang='lat' dir='ltr'>tar,</span> <span class='ocrx_word' id='word_1_126' title='bbox 200 1143 262 1211; x_wconf 88' lang='lat' dir='ltr'>nisi,</span> <span class='ocrx_word' id='word_1_127' title='bbox 279 1143 355 1216; x_wconf 89' lang='lat' dir='ltr'>prius</span> <span class='ocrx_word' id='word_1_128' title='bbox 369 1150 413 1198; x_wconf 87' lang='lat' dir='ltr'>aat</span> <span class='ocrx_word' id='word_1_129' title='bbox 436 1149 607 1208; x_wconf 90' lang='lat' dir='ltr'>testamento,</span> <span class='ocrx_word' id='word_1_130' title='bbox 624 1150 670 1196; x_wconf 92' lang='lat' dir='ltr'>aut</span> <span class='ocrx_word' id='word_1_131' title='bbox 684 1157 734 1212; x_wconf 90' lang='lat' dir='ltr'>per</span> <span class='ocrx_word' id='word_1_132' title='bbox 748 1139 852 1195; x_wconf 89' lang='lat' dir='ltr'>tabulas</span> <span class='ocrx_word' id='word_1_133' title='bbox 867 1156 930 1196; x_wconf 91' lang='lat' dir='ltr'>eum</span> <span class='ocrx_word' id='word_1_134' title='bbox 981 1141 1003 1196; x_wconf 87' lang='lat' dir='ltr'>si</span> <span class='ocrx_word' id='word_1_135' title='bbox 1029 1140 1098 1197; x_wconf 85' lang='lat' dir='ltr'>sorte</span> <span class='ocrx_word' id='word_1_136' title='bbox 1123 1142 1150 1196; x_wconf 92' lang='lat' dir='ltr'>in</span> <span class='ocrx_word' id='word_1_137' title='bbox 1179 1142 1284 1214; x_wconf 88' lang='lat' dir='ltr'>synodo</span> <span class='ocrx_word' id='word_1_138' title='bbox 1308 1143 1498 1214; x_wconf 92' lang='lat' dir='ltr'>episcoporum</span> <span class='ocrx_word' id='word_1_139' title='bbox 1517 1143 1583 1199; x_wconf 88' lang='lat' dir='ltr'>inde</span> <span class='ocrx_word' id='word_1_140' title='bbox 1607 1144 1809 1215; x_wconf 67' lang='lat' dir='ltr'>compellat.</span> 
     </span>
     <span class='ocr_line' id='line_1_12' title="bbox 129 1227 1809 1326; baseline -0.001 -37"><span class='ocrx_word' id='word_1_141' title='bbox 129 1233 250 1305; x_wconf 86' lang='lat' dir='ltr'>legitime</span> <span class='ocrx_word' id='word_1_142' title='bbox 272 1231 424 1289; x_wconf 88' lang='lat' dir='ltr'>constiterit</span> <span class='ocrx_word' id='word_1_143' title='bbox 442 1231 606 1286; x_wconf 87' lang='lat' dir='ltr'>absolutam.</span> <span class='ocrx_word' id='word_1_144' title='bbox 625 1228 693 1298; x_wconf 83' lang='lat' dir='ltr'>Quae</span> <span class='ocrx_word' id='word_1_145' title='bbox 707 1230 730 1285; x_wconf 93' lang='lat' dir='ltr'>si</span> <span class='ocrx_word' id='word_1_146' title='bbox 744 1230 805 1302; x_wconf 91' lang='lat' dir='ltr'>quis</span> <span class='ocrx_word' id='word_1_147' title='bbox 821 1229 929 1300; x_wconf 90' lang='lat' dir='ltr'>episco-</span> <span class='ocrx_word' id='word_1_148' title='bbox 980 1227 1073 1301; x_wconf 87' lang='lat' dir='ltr'>lucris,</span> <span class='ocrx_word' id='word_1_149' title='bbox 1087 1230 1189 1285; x_wconf 84' lang='lat' dir='ltr'>habeas</span> <span class='ocrx_word' id='word_1_150' title='bbox 1204 1230 1268 1302; x_wconf 92' lang='lat' dir='ltr'>quid</span> <span class='ocrx_word' id='word_1_151' title='bbox 1288 1231 1466 1302; x_wconf 89' lang='lat' dir='ltr'>respondeas.</span> <span class='ocrx_word' id='word_1_152' title='bbox 1483 1232 1581 1287; x_wconf 77' lang='lat' dir='ltr'>blanda</span> <span class='ocrx_word' id='word_1_153' title='bbox 1596 1232 1678 1299; x_wconf 89' lang='lat' dir='ltr'>mihi,</span> <span class='ocrx_word' id='word_1_154' title='bbox 1695 1241 1722 1288; x_wconf 89' lang='lat' dir='ltr'>et</span> <span class='ocrx_word' id='word_1_155' title='bbox 1735 1249 1809 1326; x_wconf 68' lang='lat' dir='ltr'>e.</span> 
     </span>
     <span class='ocr_line' id='line_1_13' title="bbox 129 1317 1809 1396; baseline -0.001 -18"><span class='ocrx_word' id='word_1_156' title='bbox 129 1337 228 1394; x_wconf 92' lang='lat' dir='ltr'>porum</span> <span class='ocrx_word' id='word_1_157' title='bbox 242 1320 357 1392; x_wconf 88' lang='lat' dir='ltr'>ejusqui</span> <span class='ocrx_word' id='word_1_158' title='bbox 372 1319 515 1375; x_wconf 91' lang='lat' dir='ltr'>ordinatur</span> <span class='ocrx_word' id='word_1_159' title='bbox 536 1319 718 1375; x_wconf 90' lang='lat' dir='ltr'>conditionem</span> <span class='ocrx_word' id='word_1_160' title='bbox 731 1319 822 1374; x_wconf 92' lang='lat' dir='ltr'>sciens</span> <span class='ocrx_word' id='word_1_161' title='bbox 838 1325 930 1373; x_wconf 87' lang='lat' dir='ltr'>trans·</span> <span class='ocrx_word' id='word_1_162' title='bbox 979 1317 1056 1374; x_wconf 89' lang='lat' dir='ltr'>illum</span> <span class='ocrx_word' id='word_1_163' title='bbox 1070 1319 1196 1392; x_wconf 90' lang='lat' dir='ltr'>quoniam</span> <span class='ocrx_word' id='word_1_164' title='bbox 1219 1328 1321 1375; x_wconf 71' lang='lat' dir='ltr'>nostrai</span> <span class='ocrx_word' id='word_1_165' title='bbox 1336 1320 1458 1376; x_wconf 76' lang='lat' dir='ltr'>ecclesia</span> <span class='ocrx_word' id='word_1_166' title='bbox 1473 1328 1514 1376; x_wconf 92' lang='lat' dir='ltr'>est</span> <span class='ocrx_word' id='word_1_167' title='bbox 1529 1321 1700 1392; x_wconf 85' lang='lat' dir='ltr'>mancipium</span> <span class='ocrx_word' id='word_1_168' title='bbox 1714 1322 1809 1396; x_wconf 53' lang='lat' dir='ltr'>aa!</span> 
     </span>
     <span class='ocr_line' id='line_1_14' title="bbox 130 1407 1809 1485; baseline -0.001 -18"><span class='ocrx_word' id='word_1_169' title='bbox 130 1410 209 1483; x_wconf 92' lang='lat' dir='ltr'>gredi</span> <span class='ocrx_word' id='word_1_170' title='bbox 223 1427 274 1482; x_wconf 88' lang='lat' dir='ltr'>per</span> <span class='ocrx_word' id='word_1_171' title='bbox 297 1408 494 1464; x_wconf 83' lang='lat' dir='ltr'>ordinationem</span> <span class='ocrx_word' id='word_1_172' title='bbox 509 1407 650 1463; x_wconf 87' lang='lat' dir='ltr'>inhibitam</span> <span class='ocrx_word' id='word_1_173' title='bbox 670 1407 786 1464; x_wconf 83' lang='lat' dir='ltr'>sortasse</span> <span class='ocrx_word' id='word_1_174' title='bbox 801 1407 927 1476; x_wconf 82' lang='lat' dir='ltr'>voluerit,</span> <span class='ocrx_word' id='word_1_175' title='bbox 979 1407 1104 1464; x_wconf 91' lang='lat' dir='ltr'>libertate</span> <span class='ocrx_word' id='word_1_176' title='bbox 1120 1408 1258 1476; x_wconf 89' lang='lat' dir='ltr'>donatum,</span> <span class='ocrx_word' id='word_1_177' title='bbox 1275 1425 1325 1480; x_wconf 93' lang='lat' dir='ltr'>per</span> <span class='ocrx_word' id='word_1_178' title='bbox 1340 1424 1417 1464; x_wconf 89' lang='lat' dir='ltr'>meos</span> <span class='ocrx_word' id='word_1_179' title='bbox 1431 1409 1531 1465; x_wconf 89' lang='lat' dir='ltr'>missos</span> <span class='ocrx_word' id='word_1_180' title='bbox 1545 1410 1596 1464; x_wconf 89' lang='lat' dir='ltr'>tibi</span> <span class='ocrx_word' id='word_1_181' title='bbox 1610 1410 1639 1464; x_wconf 91' lang='lat' dir='ltr'>in</span> <span class='ocrx_word' id='word_1_182' title='bbox 1650 1411 1809 1485; x_wconf 54' lang='lat' dir='ltr'>synodtq²</span> 
     </span>
     <span class='ocr_line' id='line_1_15' title="bbox 130 1496 1809 1576; baseline 0 -21"><span class='ocrx_word' id='word_1_183' title='bbox 130 1499 194 1555; x_wconf 90' lang='lat' dir='ltr'>anni</span> <span class='ocrx_word' id='word_1_184' title='bbox 209 1497 297 1569; x_wconf 90' lang='lat' dir='ltr'>spatio</span> <span class='ocrx_word' id='word_1_185' title='bbox 311 1497 411 1553; x_wconf 88' lang='lat' dir='ltr'>missas</span> <span class='ocrx_word' id='word_1_186' title='bbox 425 1496 515 1553; x_wconf 86' lang='lat' dir='ltr'>lacere</span> <span class='ocrx_word' id='word_1_187' title='bbox 528 1513 582 1552; x_wconf 91' lang='lat' dir='ltr'>non</span> <span class='ocrx_word' id='word_1_188' title='bbox 596 1504 755 1568; x_wconf 76' lang='lat' dir='ltr'>prasumat.</span> <span class='ocrx_word' id='word_1_189' title='bbox 772 1496 929 1553; x_wconf 85' lang='lat' dir='ltr'>llosautem</span> <span class='ocrx_word' id='word_1_190' title='bbox 979 1504 1051 1551; x_wconf 91' lang='lat' dir='ltr'>tuam</span> <span class='ocrx_word' id='word_1_191' title='bbox 1072 1496 1263 1565; x_wconf 86' lang='lat' dir='ltr'>transmittam,</span> <span class='ocrx_word' id='word_1_192' title='bbox 1287 1505 1316 1552; x_wconf 94' lang='lat' dir='ltr'>ut</span> <span class='ocrx_word' id='word_1_193' title='bbox 1338 1497 1415 1554; x_wconf 89' lang='lat' dir='ltr'>dicas</span> <span class='ocrx_word' id='word_1_194' title='bbox 1444 1499 1517 1570; x_wconf 93' lang='lat' dir='ltr'>quod</span> <span class='ocrx_word' id='word_1_195' title='bbox 1545 1498 1645 1555; x_wconf 90' lang='lat' dir='ltr'>beatus</span> <span class='ocrx_word' id='word_1_196' title='bbox 1674 1500 1731 1555; x_wconf 89' lang='lat' dir='ltr'>Leo</span> <span class='ocrx_word' id='word_1_197' title='bbox 1766 1525 1809 1576; x_wconf 65' lang='lat'>2,</span> 
     </span>
     <span class='ocr_line' id='line_1_16' title="bbox 130 1584 1798 1670; baseline 0.001 -26"><span class='ocrx_word' id='word_1_198' title='bbox 130 1587 287 1644; x_wconf 86' lang='lat' dir='ltr'>Gallicanos</span> <span class='ocrx_word' id='word_1_199' title='bbox 310 1602 439 1654; x_wconf 87' lang='lat' dir='ltr'>canones,</span> <span class='ocrx_word' id='word_1_200' title='bbox 471 1586 570 1659; x_wconf 90' lang='lat' dir='ltr'>quibus</span> <span class='ocrx_word' id='word_1_201' title='bbox 597 1601 671 1658; x_wconf 77' lang='lat' dir='ltr'>saepe</span> <span class='ocrx_word' id='word_1_202' title='bbox 694 1586 721 1641; x_wconf 93' lang='lat' dir='ltr'>in</span> <span class='ocrx_word' id='word_1_203' title='bbox 743 1584 796 1641; x_wconf 91' lang='lat' dir='ltr'>tuis</span> <span class='ocrx_word' id='word_1_204' title='bbox 820 1585 929 1656; x_wconf 90' lang='lat' dir='ltr'>scriptis</span> <span class='ocrx_word' id='word_1_205' title='bbox 979 1585 1133 1641; x_wconf 75' lang='lat' dir='ltr'>Anatolium</span> <span class='ocrx_word' id='word_1_206' title='bbox 1149 1587 1475 1658; x_wconf 73' lang='lat' dir='ltr'>constantinopolitanum</span> <span class='ocrx_word' id='word_1_207' title='bbox 1491 1587 1656 1659; x_wconf 88' lang='lat' dir='ltr'>episcopum</span> <span class='ocrx_word' id='word_1_208' title='bbox 1672 1588 1798 1670; x_wconf 67' lang='lat' dir='ltr'>scabre,</span> 
     </span>
     <span class='ocr_line' id='line_1_17' title="bbox 129 1673 1784 1756; baseline 0.001 -24"><span class='ocrx_word' id='word_1_209' title='bbox 129 1676 225 1746; x_wconf 87' lang='lat' dir='ltr'>uteris,</span> <span class='ocrx_word' id='word_1_210' title='bbox 241 1683 268 1732; x_wconf 91' lang='lat' dir='ltr'>et</span> <span class='ocrx_word' id='word_1_211' title='bbox 282 1691 332 1747; x_wconf 92' lang='lat' dir='ltr'>per</span> <span class='ocrx_word' id='word_1_212' title='bbox 346 1691 415 1747; x_wconf 86' lang='lat' dir='ltr'>quos</span> <span class='ocrx_word' id='word_1_213' title='bbox 429 1682 456 1730; x_wconf 91' lang='lat' dir='ltr'>te</span> <span class='ocrx_word' id='word_1_214' title='bbox 471 1675 615 1740; x_wconf 89' lang='lat' dir='ltr'>reclamas,</span> <span class='ocrx_word' id='word_1_215' title='bbox 631 1674 689 1731; x_wconf 92' lang='lat' dir='ltr'>scio</span> <span class='ocrx_word' id='word_1_216' title='bbox 713 1675 843 1746; x_wconf 88' lang='lat' dir='ltr'>quianon</span> <span class='ocrx_word' id='word_1_217' title='bbox 856 1673 964 1756; x_wconf 77' lang='lat' dir='ltr'>abii-B</span> <span class='ocrx_word' id='word_1_218' title='bbox 980 1674 1043 1747; x_wconf 86' lang='lat' dir='ltr'>quia</span> <span class='ocrx_word' id='word_1_219' title='bbox 1065 1675 1135 1730; x_wconf 92' lang='lat' dir='ltr'>sicut</span> <span class='ocrx_word' id='word_1_220' title='bbox 1149 1674 1176 1729; x_wconf 93' lang='lat' dir='ltr'>in</span> <span class='ocrx_word' id='word_1_221' title='bbox 1198 1676 1269 1730; x_wconf 90' lang='lat' dir='ltr'>mala</span> <span class='ocrx_word' id='word_1_222' title='bbox 1293 1676 1420 1732; x_wconf 88' lang='lat' dir='ltr'>suasione</span> <span class='ocrx_word' id='word_1_223' title='bbox 1442 1676 1621 1748; x_wconf 89' lang='lat' dir='ltr'>delinquitur,</span> <span class='ocrx_word' id='word_1_224' title='bbox 1649 1678 1689 1732; x_wconf 85' lang='lat' dir='ltr'>ita</span> <span class='ocrx_word' id='word_1_225' title='bbox 1712 1686 1738 1734; x_wconf 94' lang='lat' dir='ltr'>et</span> <span class='ocrx_word' id='word_1_226' title='bbox 1761 1685 1784 1742; x_wconf 71' lang='lat' dir='ltr'>ia</span> 
     </span>
     <span class='ocr_line' id='line_1_18' title="bbox 129 1762 1776 1838; baseline 0.001 -17"><span class='ocrx_word' id='word_1_227' title='bbox 129 1764 195 1833; x_wconf 90' lang='lat' dir='ltr'>cies,</span> <span class='ocrx_word' id='word_1_228' title='bbox 222 1781 283 1822; x_wconf 90' lang='lat' dir='ltr'>curn</span> <span class='ocrx_word' id='word_1_229' title='bbox 306 1765 505 1821; x_wconf 79' lang='lat' dir='ltr'>Antiochenam</span> <span class='ocrx_word' id='word_1_230' title='bbox 526 1763 671 1820; x_wconf 90' lang='lat' dir='ltr'>concilium</span> <span class='ocrx_word' id='word_1_231' title='bbox 692 1763 767 1836; x_wconf 92' lang='lat' dir='ltr'>qaod</span> <span class='ocrx_word' id='word_1_232' title='bbox 781 1762 928 1835; x_wconf 90' lang='lat' dir='ltr'>apostolica</span> <span class='ocrx_word' id='word_1_233' title='bbox 979 1763 1053 1819; x_wconf 87' lang='lat' dir='ltr'>mala</span> <span class='ocrx_word' id='word_1_234' title='bbox 1068 1765 1248 1820; x_wconf 89' lang='lat' dir='ltr'>consensione</span> <span class='ocrx_word' id='word_1_235' title='bbox 1262 1773 1401 1836; x_wconf 90' lang='lat' dir='ltr'>peccatur.</span> <span class='ocrx_word' id='word_1_236' title='bbox 1413 1765 1776 1838; x_wconf 85' lang='lat' dir='ltr'>lletraetesetiamqacnian</span> 
     </span>
     <span class='ocr_line' id='line_1_19' title="bbox 128 1851 1768 1926; baseline 0.002 -17"><span class='ocrx_word' id='word_1_237' title='bbox 128 1854 218 1920; x_wconf 88' lang='lat' dir='ltr'>sedes,</span> <span class='ocrx_word' id='word_1_238' title='bbox 230 1861 257 1910; x_wconf 89' lang='lat' dir='ltr'>et</span> <span class='ocrx_word' id='word_1_239' title='bbox 266 1853 425 1910; x_wconf 81' lang='lat' dir='ltr'>universalis</span> <span class='ocrx_word' id='word_1_240' title='bbox 434 1852 560 1909; x_wconf 86' lang='lat' dir='ltr'>Ecclesia</span> <span class='ocrx_word' id='word_1_241' title='bbox 569 1853 666 1923; x_wconf 89' lang='lat' dir='ltr'>recipit</span> <span class='ocrx_word' id='word_1_242' title='bbox 674 1851 929 1908; x_wconf 78' lang='lat' dir='ltr'>dicatzPerlectam</span> <span class='ocrx_word' id='word_1_243' title='bbox 978 1860 1007 1908; x_wconf 93' lang='lat' dir='ltr'>at</span> <span class='ocrx_word' id='word_1_244' title='bbox 1030 1868 1111 1924; x_wconf 88' lang='lat' dir='ltr'>supra</span> <span class='ocrx_word' id='word_1_245' title='bbox 1136 1852 1254 1919; x_wconf 90' lang='lat' dir='ltr'>ostendi,</span> <span class='ocrx_word' id='word_1_246' title='bbox 1278 1853 1324 1909; x_wconf 91' lang='lat' dir='ltr'>ills</span> <span class='ocrx_word' id='word_1_247' title='bbox 1345 1869 1406 1926; x_wconf 85' lang='lat' dir='ltr'>qnae</span> <span class='ocrx_word' id='word_1_248' title='bbox 1427 1861 1550 1925; x_wconf 87' lang='lat' dir='ltr'>tempore</span> <span class='ocrx_word' id='word_1_249' title='bbox 1575 1863 1768 1912; x_wconf 87' lang='lat' dir='ltr'>antecessomn</span> 
     </span>
     <span class='ocr_line' id='line_1_20' title="bbox 128 1940 1767 2014; baseline 0.001 -16"><span class='ocrx_word' id='word_1_250' title='bbox 128 1941 273 1998; x_wconf 88' lang='lat' dir='ltr'>concilium</span> <span class='ocrx_word' id='word_1_251' title='bbox 288 1949 329 1998; x_wconf 90' lang='lat' dir='ltr'>est</span> <span class='ocrx_word' id='word_1_252' title='bbox 347 1941 392 1997; x_wconf 92' lang='lat' dir='ltr'>ubi</span> <span class='ocrx_word' id='word_1_253' title='bbox 404 1940 554 1997; x_wconf 76' lang='lat' dir='ltr'>interfuerit</span> <span class='ocrx_word' id='word_1_254' title='bbox 568 1940 792 2013; x_wconf 87' lang='lat' dir='ltr'>metropolitanus</span> <span class='ocrx_word' id='word_1_255' title='bbox 803 1940 927 1996; x_wconf 78' lang='lat' dir='ltr'>antistes</span> <span class='ocrx_word' id='word_1_256' title='bbox 979 1948 1086 1997; x_wconf 89' lang='lat' dir='ltr'>tuorum</span> <span class='ocrx_word' id='word_1_257' title='bbox 1111 1942 1295 2008; x_wconf 86' lang='lat' dir='ltr'>constiterant,</span> <span class='ocrx_word' id='word_1_258' title='bbox 1326 1950 1352 1997; x_wconf 92' lang='lat' dir='ltr'>et</span> <span class='ocrx_word' id='word_1_259' title='bbox 1377 1950 1438 2014; x_wconf 91' lang='lat' dir='ltr'>post</span> <span class='ocrx_word' id='word_1_260' title='bbox 1467 1950 1586 1999; x_wconf 91' lang='lat' dir='ltr'>mortem</span> <span class='ocrx_word' id='word_1_261' title='bbox 1614 1943 1727 2001; x_wconf 89' lang='lat' dir='ltr'>Otterici</span> <span class='ocrx_word' id='word_1_262' title='bbox 1743 1946 1767 2000; x_wconf 91' lang='lat' dir='ltr'>de</span> 
     </span>
    </p>

    <p class='ocr_par' dir='ltr' id='par_1_3' title="bbox 84 2028 1773 3166">
     <span class='ocr_line' id='line_1_21' title="bbox 84 2028 1767 2105; baseline 0.002 -19"><span class='ocrx_word' id='word_1_263' title='bbox 84 2081 87 2086; x_wconf 89' lang='grc'><em>,</em></span> <span class='ocrx_word' id='word_1_264' title='bbox 128 2031 163 2086; x_wconf 89' lang='lat' dir='ltr'>Et</span> <span class='ocrx_word' id='word_1_265' title='bbox 188 2031 243 2086; x_wconf 91' lang='lat' dir='ltr'>Leo</span> <span class='ocrx_word' id='word_1_266' title='bbox 271 2030 306 2086; x_wconf 84' lang='lat' dir='ltr'>ad</span> <span class='ocrx_word' id='word_1_267' title='bbox 334 2030 481 2086; x_wconf 76' lang='lat' dir='ltr'>Maximum</span> <span class='ocrx_word' id='word_1_268' title='bbox 507 2029 706 2085; x_wconf 76' lang='lat' dir='ltr'>Antiochenam</span> <span class='ocrx_word' id='word_1_269' title='bbox 735 2028 893 2101; x_wconf 89' lang='lat' dir='ltr'>episcopum</span> <span class='ocrx_word' id='word_1_270' title='bbox 919 2046 925 2086; x_wconf 93' lang='lat'><strong>:</strong></span> <span class='ocrx_word' id='word_1_271' title='bbox 979 2030 1094 2086; x_wconf 88' lang='lat' dir='ltr'>ccclesia</span> <span class='ocrx_word' id='word_1_272' title='bbox 1121 2030 1149 2084; x_wconf 92' lang='lat' dir='ltr'>ia</span> <span class='ocrx_word' id='word_1_273' title='bbox 1178 2030 1386 2103; x_wconf 85' lang='lat' dir='ltr'>Follanaebrayo</span> <span class='ocrx_word' id='word_1_274' title='bbox 1414 2039 1582 2104; x_wconf 67' lang='lat' dir='ltr'>presumpta</span> <span class='ocrx_word' id='word_1_275' title='bbox 1606 2032 1716 2088; x_wconf 84' lang='lat' dir='ltr'>laenmt</span> <span class='ocrx_word' id='word_1_276' title='bbox 1731 2050 1767 2105; x_wconf 89' lang='lat' dir='ltr'>per</span> 
     </span>
     <span class='ocr_line' id='line_1_22' title="bbox 129 2115 1767 2192; baseline -0.001 -18"><span class='ocrx_word' id='word_1_277' title='bbox 129 2118 299 2192; x_wconf 77' lang='lat' dir='ltr'>«Quidquid,</span> <span class='ocrx_word' id='word_1_278' title='bbox 312 2119 408 2192; x_wconf 88' lang='lat' dir='ltr'>inquit,</span> <span class='ocrx_word' id='word_1_279' title='bbox 420 2127 534 2191; x_wconf 90' lang='lat' dir='ltr'>propter</span> <span class='ocrx_word' id='word_1_280' title='bbox 548 2117 683 2190; x_wconf 87' lang='lat' dir='ltr'>speciales</span> <span class='ocrx_word' id='word_1_281' title='bbox 698 2134 794 2174; x_wconf 88' lang='lat' dir='ltr'>causas</span> <span class='ocrx_word' id='word_1_282' title='bbox 810 2117 929 2190; x_wconf 88' lang='lat' dir='ltr'>synoda·</span> <span class='ocrx_word' id='word_1_283' title='bbox 978 2115 1117 2170; x_wconf 90' lang='lat' dir='ltr'>ministros</span> <span class='ocrx_word' id='word_1_284' title='bbox 1140 2122 1201 2170; x_wconf 91' lang='lat' dir='ltr'>taos</span> <span class='ocrx_word' id='word_1_285' title='bbox 1225 2115 1346 2181; x_wconf 87' lang='lat' dir='ltr'>ivonem,</span> <span class='ocrx_word' id='word_1_286' title='bbox 1369 2115 1529 2183; x_wconf 91' lang='lat' dir='ltr'>Luidonem,</span> <span class='ocrx_word' id='word_1_287' title='bbox 1556 2118 1767 2189; x_wconf 66' lang='lat' dir='ltr'>angelrannum</span> 
     </span>
     <span class='ocr_line' id='line_1_23' title="bbox 125 2203 1770 2279; baseline -0.001 -15"><span class='ocrx_word' id='word_1_288' title='bbox 125 2208 194 2264; x_wconf 90' lang='lat' dir='ltr'>lium</span> <span class='ocrx_word' id='word_1_289' title='bbox 215 2207 392 2265; x_wconf 90' lang='lat' dir='ltr'>conciliorum</span> <span class='ocrx_word' id='word_1_290' title='bbox 417 2207 452 2263; x_wconf 91' lang='lat' dir='ltr'>ad</span> <span class='ocrx_word' id='word_1_291' title='bbox 481 2223 597 2263; x_wconf 88' lang='lat' dir='ltr'>examen</span> <span class='ocrx_word' id='word_1_292' title='bbox 620 2206 775 2279; x_wconf 89' lang='lat' dir='ltr'>episcopale</span> <span class='ocrx_word' id='word_1_293' title='bbox 794 2206 926 2277; x_wconf 83' lang='lat' dir='ltr'>defertur,</span> <span class='ocrx_word' id='word_1_294' title='bbox 978 2204 1097 2276; x_wconf 89' lang='lat' dir='ltr'>itemque</span> <span class='ocrx_word' id='word_1_295' title='bbox 1112 2220 1163 2275; x_wconf 89' lang='lat' dir='ltr'>per</span> <span class='ocrx_word' id='word_1_296' title='bbox 1178 2203 1334 2271; x_wconf 90' lang='lat' dir='ltr'>Hadullam,</span> <span class='ocrx_word' id='word_1_297' title='bbox 1351 2205 1573 2275; x_wconf 87' lang='lat' dir='ltr'>perFamullum,</span> <span class='ocrx_word' id='word_1_298' title='bbox 1591 2222 1645 2277; x_wconf 85' lang='lat' dir='ltr'>per</span> <span class='ocrx_word' id='word_1_299' title='bbox 1659 2208 1770 2263; x_wconf 89' lang='lat' dir='ltr'>eumdem</span> 
     </span>
     <span class='ocr_line' id='line_1_24' title="bbox 127 2292 1771 2369; baseline -0.002 -15"><span class='ocrx_word' id='word_1_300' title='bbox 127 2303 218 2369; x_wconf 89' lang='lat' dir='ltr'>potest</span> <span class='ocrx_word' id='word_1_301' title='bbox 232 2296 350 2368; x_wconf 87' lang='lat' dir='ltr'>aliquam</span> <span class='ocrx_word' id='word_1_302' title='bbox 364 2295 531 2365; x_wconf 86' lang='lat' dir='ltr'>dijudicandi</span> <span class='ocrx_word' id='word_1_303' title='bbox 545 2296 649 2351; x_wconf 88' lang='lat' dir='ltr'>habere</span> <span class='ocrx_word' id='word_1_304' title='bbox 664 2295 807 2363; x_wconf 88' lang='lat' dir='ltr'>rationem,</span> <span class='ocrx_word' id='word_1_305' title='bbox 824 2295 846 2350; x_wconf 91' lang='lat' dir='ltr'>si</span> <span class='ocrx_word' id='word_1_306' title='bbox 861 2295 929 2350; x_wconf 90' lang='lat' dir='ltr'>nihii</span> <span class='ocrx_word' id='word_1_307' title='bbox 977 2293 1182 2363; x_wconf 75' lang='lat' dir='ltr'>angelrannum</span> <span class='ocrx_word' id='word_1_308' title='bbox 1211 2292 1380 2361; x_wconf 83' lang='lat' dir='ltr'>destruxisti,</span> <span class='ocrx_word' id='word_1_309' title='bbox 1411 2299 1439 2349; x_wconf 90' lang='lat' dir='ltr'>et</span> <span class='ocrx_word' id='word_1_310' title='bbox 1466 2310 1528 2366; x_wconf 80' lang='lat' dir='ltr'>quae</span> <span class='ocrx_word' id='word_1_311' title='bbox 1551 2300 1656 2350; x_wconf 85' lang='lat' dir='ltr'>statuta</span> <span class='ocrx_word' id='word_1_312' title='bbox 1679 2297 1771 2352; x_wconf 89' lang='lat' dir='ltr'>luerunt</span> 
     </span>
     <span class='ocr_line' id='line_1_25' title="bbox 125 2381 1773 2457; baseline -0.001 -15"><span class='ocrx_word' id='word_1_313' title='bbox 125 2386 160 2442; x_wconf 91' lang='lat' dir='ltr'>de</span> <span class='ocrx_word' id='word_1_314' title='bbox 175 2400 207 2442; x_wconf 90' lang='lat' dir='ltr'>eo</span> <span class='ocrx_word' id='word_1_315' title='bbox 223 2391 263 2441; x_wconf 90' lang='lat' dir='ltr'>est</span> <span class='ocrx_word' id='word_1_316' title='bbox 273 2401 288 2439; x_wconf 89' lang='lat' dir='ltr'>a</span> <span class='ocrx_word' id='word_1_317' title='bbox 299 2384 399 2441; x_wconf 87' lang='lat' dir='ltr'>sanctis</span> <span class='ocrx_word' id='word_1_318' title='bbox 413 2384 540 2440; x_wconf 89' lang='lat' dir='ltr'>Patribus</span> <span class='ocrx_word' id='word_1_319' title='bbox 555 2385 627 2455; x_wconf 88' lang='lat' dir='ltr'>apud</span> <span class='ocrx_word' id='word_1_320' title='bbox 641 2383 762 2441; x_wconf 86' lang='lat' dir='ltr'>Nieaeam</span> <span class='ocrx_word' id='word_1_321' title='bbox 773 2382 926 2442; x_wconf 87' lang='lat' dir='ltr'>diffinitam.</span> <span class='ocrx_word' id='word_1_322' title='bbox 978 2388 1099 2453; x_wconf 90' lang='lat' dir='ltr'>tempore</span> <span class='ocrx_word' id='word_1_323' title='bbox 1114 2388 1319 2438; x_wconf 89' lang='lat' dir='ltr'>antecessorum</span> <span class='ocrx_word' id='word_1_324' title='bbox 1334 2389 1444 2437; x_wconf 89' lang='lat' dir='ltr'>tuorum</span> <span class='ocrx_word' id='word_1_325' title='bbox 1466 2381 1653 2450; x_wconf 77' lang='lat' dir='ltr'>reaedificasti,</span> <span class='ocrx_word' id='word_1_326' title='bbox 1671 2401 1773 2457; x_wconf 78' lang='lat' dir='ltr'>quaeque</span> 
     </span>
     <span class='ocr_line' id='line_1_26' title="bbox 126 2470 1773 2546; baseline -0.001 -16"><span class='ocrx_word' id='word_1_327' title='bbox 126 2473 205 2530; x_wconf 89' lang='lat' dir='ltr'>Sacri</span> <span class='ocrx_word' id='word_1_328' title='bbox 227 2473 346 2546; x_wconf 89' lang='lat' dir='ltr'>denique</span> <span class='ocrx_word' id='word_1_329' title='bbox 368 2488 489 2529; x_wconf 86' lang='lat' dir='ltr'>canones</span> <span class='ocrx_word' id='word_1_330' title='bbox 510 2472 736 2528; x_wconf 90' lang='lat' dir='ltr'>manumissiones</span> <span class='ocrx_word' id='word_1_331' title='bbox 761 2472 788 2527; x_wconf 94' lang='lat' dir='ltr'>in</span> <span class='ocrx_word' id='word_1_332' title='bbox 803 2471 928 2529; x_wconf 81' lang='lat' dir='ltr'>Ecclesia</span> <span class='ocrx_word' id='word_1_333' title='bbox 977 2485 1049 2526; x_wconf 90' lang='lat' dir='ltr'>nanc</span> <span class='ocrx_word' id='word_1_334' title='bbox 1072 2470 1170 2525; x_wconf 91' lang='lat' dir='ltr'>iterum</span> <span class='ocrx_word' id='word_1_335' title='bbox 1186 2470 1221 2525; x_wconf 92' lang='lat' dir='ltr'>de</span> <span class='ocrx_word' id='word_1_336' title='bbox 1236 2471 1297 2542; x_wconf 90' lang='lat' dir='ltr'>ipsa</span> <span class='ocrx_word' id='word_1_337' title='bbox 1311 2471 1427 2527; x_wconf 83' lang='lat' dir='ltr'>ecclesia</span> <span class='ocrx_word' id='word_1_338' title='bbox 1448 2470 1588 2527; x_wconf 87' lang='lat' dir='ltr'>dectracta</span> <span class='ocrx_word' id='word_1_339' title='bbox 1604 2480 1680 2541; x_wconf 88' lang='lat' dir='ltr'>sant,</span> <span class='ocrx_word' id='word_1_340' title='bbox 1697 2474 1773 2530; x_wconf 89' lang='lat' dir='ltr'>sedet</span> 
     </span>
     <span class='ocr_line' id='line_1_27' title="bbox 125 2558 1773 2635; baseline 0 -18"><span class='ocrx_word' id='word_1_341' title='bbox 125 2561 184 2620; x_wconf 84' lang='lat' dir='ltr'>lieri</span> <span class='ocrx_word' id='word_1_342' title='bbox 197 2576 280 2634; x_wconf 90' lang='lat' dir='ltr'>posse</span> <span class='ocrx_word' id='word_1_343' title='bbox 294 2563 329 2617; x_wconf 92' lang='lat' dir='ltr'>ab</span> <span class='ocrx_word' id='word_1_344' title='bbox 344 2561 555 2634; x_wconf 85' lang='lat' dir='ltr'>imperatoribus</span> <span class='ocrx_word' id='word_1_345' title='bbox 570 2558 719 2633; x_wconf 69' lang='lat' dir='ltr'>petierant,</span> <span class='ocrx_word' id='word_1_346' title='bbox 728 2577 788 2632; x_wconf 84' lang='lat' dir='ltr'>quae</span> <span class='ocrx_word' id='word_1_347' title='bbox 803 2569 829 2616; x_wconf 93' lang='lat' dir='ltr'>et</span> <span class='ocrx_word' id='word_1_348' title='bbox 843 2561 877 2615; x_wconf 89' lang='lat' dir='ltr'>ab</span> <span class='ocrx_word' id='word_1_349' title='bbox 888 2560 928 2616; x_wconf 92' lang='lat' dir='ltr'>eis</span> <span class='ocrx_word' id='word_1_350' title='bbox 978 2575 1039 2630; x_wconf 80' lang='lat' dir='ltr'>quta</span> <span class='ocrx_word' id='word_1_351' title='bbox 1052 2559 1200 2630; x_wconf 69' lang='lat' dir='ltr'>praenotavi</span> <span class='ocrx_word' id='word_1_352' title='bbox 1225 2560 1259 2614; x_wconf 92' lang='lat' dir='ltr'>de</span> <span class='ocrx_word' id='word_1_353' title='bbox 1285 2559 1389 2632; x_wconf 86' lang='lat' dir='ltr'>regalis</span> <span class='ocrx_word' id='word_1_354' title='bbox 1414 2560 1613 2617; x_wconf 87' lang='lat' dir='ltr'>ecclesiasticis</span> <span class='ocrx_word' id='word_1_355' title='bbox 1629 2571 1657 2617; x_wconf 87' lang='lat' dir='ltr'>et</span> <span class='ocrx_word' id='word_1_356' title='bbox 1670 2563 1773 2635; x_wconf 81' lang='lat' dir='ltr'>synoda·</span> 
     </span>
     <span class='ocr_line' id='line_1_28' title="bbox 125 2647 1773 2722; baseline -0.001 -14"><span class='ocrx_word' id='word_1_357' title='bbox 125 2665 259 2708; x_wconf 88' lang='lat' dir='ltr'>concessa</span> <span class='ocrx_word' id='word_1_358' title='bbox 273 2658 324 2720; x_wconf 85' lang='lat' dir='ltr'>est,</span> <span class='ocrx_word' id='word_1_359' title='bbox 341 2658 393 2706; x_wconf 88' lang='lat' dir='ltr'>eta</span> <span class='ocrx_word' id='word_1_360' title='bbox 405 2659 528 2722; x_wconf 91' lang='lat' dir='ltr'>tempore</span> <span class='ocrx_word' id='word_1_361' title='bbox 542 2650 628 2722; x_wconf 89' lang='lat' dir='ltr'>ipsius</span> <span class='ocrx_word' id='word_1_362' title='bbox 642 2649 829 2706; x_wconf 89' lang='lat' dir='ltr'>concessionis</span> <span class='ocrx_word' id='word_1_363' title='bbox 845 2666 928 2722; x_wconf 83' lang='lat' dir='ltr'>regu·</span> <span class='ocrx_word' id='word_1_364' title='bbox 977 2647 1048 2701; x_wconf 90' lang='lat' dir='ltr'>libus</span> <span class='ocrx_word' id='word_1_365' title='bbox 1072 2647 1197 2716; x_wconf 88' lang='lat' dir='ltr'>capitalis</span> <span class='ocrx_word' id='word_1_366' title='bbox 1219 2648 1390 2704; x_wconf 84' lang='lat' dir='ltr'>transtulisti.</span> <span class='ocrx_word' id='word_1_367' title='bbox 1412 2649 1581 2705; x_wconf 89' lang='lat' dir='ltr'>Sententiam</span> <span class='ocrx_word' id='word_1_368' title='bbox 1596 2650 1673 2706; x_wconf 88' lang='lat' dir='ltr'>beati</span> <span class='ocrx_word' id='word_1_369' title='bbox 1688 2652 1773 2707; x_wconf 83' lang='lat' dir='ltr'>Leonis</span> 
     </span>
     <span class='ocr_line' id='line_1_29' title="bbox 124 2735 1773 2812; baseline 0.001 -18"><span class='ocrx_word' id='word_1_370' title='bbox 124 2739 169 2810; x_wconf 84' lang='lat' dir='ltr'>lae,</span> <span class='ocrx_word' id='word_1_371' title='bbox 186 2748 213 2796; x_wconf 92' lang='lat' dir='ltr'>et</span> <span class='ocrx_word' id='word_1_372' title='bbox 227 2754 290 2796; x_wconf 90' lang='lat' dir='ltr'>mox</span> <span class='ocrx_word' id='word_1_373' title='bbox 312 2739 515 2797; x_wconf 88' lang='lat' dir='ltr'>ecclesiasticus</span> <span class='ocrx_word' id='word_1_374' title='bbox 538 2740 669 2796; x_wconf 88' lang='lat' dir='ltr'>hactenus</span> <span class='ocrx_word' id='word_1_375' title='bbox 692 2755 739 2794; x_wconf 89' lang='lat' dir='ltr'>eas</span> <span class='ocrx_word' id='word_1_376' title='bbox 755 2739 884 2807; x_wconf 83' lang='lat' dir='ltr'>servavit,</span> <span class='ocrx_word' id='word_1_377' title='bbox 901 2745 928 2793; x_wconf 91' lang='lat' dir='ltr'>et</span> <span class='ocrx_word' id='word_1_378' title='bbox 977 2735 1011 2790; x_wconf 94' lang='lat' dir='ltr'>ad</span> <span class='ocrx_word' id='word_1_379' title='bbox 1040 2735 1159 2791; x_wconf 87' lang='lat' dir='ltr'>Leonem</span> <span class='ocrx_word' id='word_1_380' title='bbox 1183 2738 1336 2808; x_wconf 81' lang='lat' dir='ltr'>Augustum</span> <span class='ocrx_word' id='word_1_381' title='bbox 1365 2736 1557 2808; x_wconf 88' lang='lat' dir='ltr'>depromptam</span> <span class='ocrx_word' id='word_1_382' title='bbox 1586 2740 1773 2812; x_wconf 85' lang='lat' dir='ltr'>parvipendere</span> 
     </span>
     <span class='ocr_line' id='line_1_30' title="bbox 124 2823 1773 2898; baseline 0 -15"><span class='ocrx_word' id='word_1_383' title='bbox 124 2836 224 2884; x_wconf 82' lang='lat' dir='ltr'>servat.</span> <span class='ocrx_word' id='word_1_384' title='bbox 245 2828 352 2885; x_wconf 74' lang='lat' dir='ltr'>»onae</span> <span class='ocrx_word' id='word_1_385' title='bbox 380 2828 511 2898; x_wconf 88' lang='lat' dir='ltr'>scriptum</span> <span class='ocrx_word' id='word_1_386' title='bbox 539 2835 581 2883; x_wconf 89' lang='lat' dir='ltr'>est</span> <span class='ocrx_word' id='word_1_387' title='bbox 604 2827 631 2881; x_wconf 92' lang='lat' dir='ltr'>in</span> <span class='ocrx_word' id='word_1_388' title='bbox 655 2827 726 2882; x_wconf 91' lang='lat' dir='ltr'>libro</span> <span class='ocrx_word' id='word_1_389' title='bbox 750 2827 927 2898; x_wconf 88' lang='lat' dir='ltr'>capitulorum</span> <span class='ocrx_word' id='word_1_390' title='bbox 977 2823 1149 2880; x_wconf 92' lang='lat' dir='ltr'>nullomodo</span> <span class='ocrx_word' id='word_1_391' title='bbox 1165 2824 1260 2890; x_wconf 89' lang='lat' dir='ltr'>debes,</span> <span class='ocrx_word' id='word_1_392' title='bbox 1276 2841 1354 2896; x_wconf 90' lang='lat' dir='ltr'>quam</span> <span class='ocrx_word' id='word_1_393' title='bbox 1370 2825 1518 2898; x_wconf 91' lang='lat' dir='ltr'>iasynodo</span> <span class='ocrx_word' id='word_1_394' title='bbox 1538 2828 1613 2898; x_wconf 90' lang='lat' dir='ltr'>apud</span> <span class='ocrx_word' id='word_1_395' title='bbox 1629 2828 1773 2884; x_wconf 85' lang='lat' dir='ltr'>Suessionis</span> 
     </span>
     <span class='ocr_line' id='line_1_31' title="bbox 123 2912 1771 2990; baseline 0.001 -18"><span class='ocrx_word' id='word_1_396' title='bbox 123 2915 296 2989; x_wconf 84' lang='lat' dir='ltr'>synodalium</span> <span class='ocrx_word' id='word_1_397' title='bbox 317 2916 415 2987; x_wconf 91' lang='lat' dir='ltr'>primo,</span> <span class='ocrx_word' id='word_1_398' title='bbox 442 2932 504 2988; x_wconf 80' lang='lat' dir='ltr'>quat</span> <span class='ocrx_word' id='word_1_399' title='bbox 528 2924 652 2987; x_wconf 88' lang='lat' dir='ltr'>tempore</span> <span class='ocrx_word' id='word_1_400' title='bbox 675 2919 928 2988; x_wconf 81' lang='lat' dir='ltr'>Augustoramno-</span> <span class='ocrx_word' id='word_1_401' title='bbox 977 2912 1093 2979; x_wconf 76' lang='lat' dir='ltr'>audisti,</span> <span class='ocrx_word' id='word_1_402' title='bbox 1110 2921 1136 2968; x_wconf 90' lang='lat' dir='ltr'>et</span> <span class='ocrx_word' id='word_1_403' title='bbox 1151 2913 1178 2967; x_wconf 91' lang='lat' dir='ltr'>in</span> <span class='ocrx_word' id='word_1_404' title='bbox 1194 2913 1240 2969; x_wconf 94' lang='lat' dir='ltr'>illo</span> <span class='ocrx_word' id='word_1_405' title='bbox 1256 2913 1326 2968; x_wconf 93' lang='lat' dir='ltr'>libro</span> <span class='ocrx_word' id='word_1_406' title='bbox 1347 2930 1427 2985; x_wconf 91' lang='lat' dir='ltr'>quem</span> <span class='ocrx_word' id='word_1_407' title='bbox 1450 2914 1497 2970; x_wconf 93' lang='lat' dir='ltr'>tibi</span> <span class='ocrx_word' id='word_1_408' title='bbox 1520 2916 1587 2971; x_wconf 88' lang='lat' dir='ltr'>dedi</span> <span class='ocrx_word' id='word_1_409' title='bbox 1609 2916 1672 2988; x_wconf 87' lang='lat' dir='ltr'>ipse</span> <span class='ocrx_word' id='word_1_410' title='bbox 1690 2917 1771 2990; x_wconf 85' lang='lat' dir='ltr'>legere</span> 
     </span>
     <span class='ocr_line' id='line_1_32' title="bbox 122 3002 1771 3116; baseline 0.001 -56"><span class='ocrx_word' id='word_1_411' title='bbox 122 3012 239 3061; x_wconf 91' lang='lat' dir='ltr'>stroram</span> <span class='ocrx_word' id='word_1_412' title='bbox 262 3004 352 3060; x_wconf 89' lang='lat' dir='ltr'>Caroli</span> <span class='ocrx_word' id='word_1_413' title='bbox 380 3012 407 3059; x_wconf 91' lang='lat' dir='ltr'>et</span> <span class='ocrx_word' id='word_1_414' title='bbox 422 3003 552 3060; x_wconf 82' lang='lat' dir='ltr'>Ladotici</span> <span class='ocrx_word' id='word_1_415' title='bbox 566 3004 673 3060; x_wconf 89' lang='lat' dir='ltr'>luemnt</span> <span class='ocrx_word' id='word_1_416' title='bbox 687 3004 796 3060; x_wconf 87' lang='lat' dir='ltr'>condita</span> <span class='ocrx_word' id='word_1_417' title='bbox 810 3003 927 3075; x_wconf 87' lang='lat' dir='ltr'>capitula</span> <span class='ocrx_word' id='word_1_418' title='bbox 938 3053 963 3116; x_wconf 73' lang='lat' dir='ltr'>c</span> <span class='ocrx_word' id='word_1_419' title='bbox 977 3009 1064 3074; x_wconf 92' lang='lat' dir='ltr'>potes.</span> <span class='ocrx_word' id='word_1_420' title='bbox 1082 3002 1120 3068; x_wconf 89' lang='lat' dir='ltr'>Si,</span> <span class='ocrx_word' id='word_1_421' title='bbox 1137 3002 1233 3087; x_wconf 86' lang='lat' dir='ltr'>inquit,</span> <span class='ocrx_word' id='word_1_422' title='bbox 1251 3019 1312 3074; x_wconf 88' lang='lat' dir='ltr'>quae</span> <span class='ocrx_word' id='word_1_423' title='bbox 1331 3003 1489 3059; x_wconf 81' lang='lat' dir='ltr'>destruxisti</span> <span class='ocrx_word' id='word_1_424' title='bbox 1502 3004 1562 3061; x_wconf 79' lang='lat' dir='ltr'>haec</span> <span class='ocrx_word' id='word_1_425' title='bbox 1577 3005 1697 3073; x_wconf 83' lang='lat' dir='ltr'>aedilico,</span> <span class='ocrx_word' id='word_1_426' title='bbox 1711 3022 1771 3078; x_wconf 85' lang='lat' dir='ltr'>pre·</span> 
     </span>
     <span class='ocr_line' id='line_1_33' title="bbox 122 3090 1767 3166; baseline 0 -18"><span class='ocrx_word' id='word_1_427' title='bbox 122 3092 321 3166; x_wconf 86' lang='lat' dir='ltr'>quinquaginta</span> <span class='ocrx_word' id='word_1_428' title='bbox 349 3092 479 3165; x_wconf 91' lang='lat' dir='ltr'>quinque.</span> <span class='ocrx_word' id='word_1_429' title='bbox 501 3092 608 3163; x_wconf 89' lang='lat' dir='ltr'>Nullus,</span> <span class='ocrx_word' id='word_1_430' title='bbox 630 3092 763 3164; x_wconf 88' lang='lat' dir='ltr'>inquiant,</span> <span class='ocrx_word' id='word_1_431' title='bbox 782 3092 927 3164; x_wconf 89' lang='lat' dir='ltr'>episcopas</span> <span class='ocrx_word' id='word_1_432' title='bbox 979 3090 1158 3147; x_wconf 87' lang='lat' dir='ltr'>varicatorem</span> <span class='ocrx_word' id='word_1_433' title='bbox 1193 3107 1238 3146; x_wconf 90' lang='lat' dir='ltr'>me</span> <span class='ocrx_word' id='word_1_434' title='bbox 1275 3092 1420 3159; x_wconf 89' lang='lat' dir='ltr'>constituo,</span> <span class='ocrx_word' id='word_1_435' title='bbox 1451 3100 1478 3149; x_wconf 91' lang='lat' dir='ltr'>ct</span> <span class='ocrx_word' id='word_1_436' title='bbox 1506 3093 1548 3149; x_wconf 91' lang='lat' dir='ltr'>eis</span> <span class='ocrx_word' id='word_1_437' title='bbox 1575 3110 1620 3150; x_wconf 88' lang='lat' dir='ltr'>me</span> <span class='ocrx_word' id='word_1_438' title='bbox 1652 3095 1767 3151; x_wconf 89' lang='lat' dir='ltr'>ultionum</span> 
     </span>
    </p>

    <p class='ocr_par' dir='ltr' id='par_1_4' title="bbox 49 3180 1764 3434">
     <span class='ocr_line' id='line_1_34' title="bbox 49 3180 1764 3253; baseline 0 -15"><span class='ocrx_word' id='word_1_439' title='bbox 49 3211 52 3215; x_wconf 96' lang='lat'>·</span> <span class='ocrx_word' id='word_1_440' title='bbox 122 3198 231 3239; x_wconf 87' lang='lat' dir='ltr'>servum</span> <span class='ocrx_word' id='word_1_441' title='bbox 255 3180 368 3238; x_wconf 87' lang='lat' dir='ltr'>alterius</span> <span class='ocrx_word' id='word_1_442' title='bbox 388 3181 423 3237; x_wconf 90' lang='lat' dir='ltr'>ad</span> <span class='ocrx_word' id='word_1_443' title='bbox 444 3181 589 3238; x_wconf 87' lang='lat' dir='ltr'>clericatus</span> <span class='ocrx_word' id='word_1_444' title='bbox 613 3181 731 3238; x_wconf 88' lang='lat' dir='ltr'>officium</span> <span class='ocrx_word' id='word_1_445' title='bbox 751 3181 810 3237; x_wconf 90' lang='lat' dir='ltr'>sine</span> <span class='ocrx_word' id='word_1_446' title='bbox 825 3181 928 3241; x_wconf 89' lang='lat' dir='ltr'>domini</span> <span class='ocrx_word' id='word_1_447' title='bbox 979 3180 1179 3236; x_wconf 90' lang='lat' dir='ltr'>conditionibus</span> <span class='ocrx_word' id='word_1_448' title='bbox 1206 3180 1304 3247; x_wconf 90' lang='lat' dir='ltr'>subdo,</span> <span class='ocrx_word' id='word_1_449' title='bbox 1336 3199 1403 3253; x_wconf 87' lang='lat' dir='ltr'>quas</span> <span class='ocrx_word' id='word_1_450' title='bbox 1427 3196 1482 3237; x_wconf 94' lang='lat' dir='ltr'>non</span> <span class='ocrx_word' id='word_1_451' title='bbox 1515 3182 1607 3238; x_wconf 90' lang='lat' dir='ltr'>solam</span> <span class='ocrx_word' id='word_1_452' title='bbox 1636 3184 1764 3240; x_wconf 85' lang='lat' dir='ltr'>auctoritas</span> 
     </span>
     <span class='ocr_line' id='line_1_35' title="bbox 122 3268 1761 3343; baseline 0.001 -16"><span class='ocrx_word' id='word_1_453' title='bbox 122 3270 164 3328; x_wconf 89' lang='lat' dir='ltr'>sui</span> <span class='ocrx_word' id='word_1_454' title='bbox 189 3270 326 3329; x_wconf 87' lang='lat' dir='ltr'>voluntate</span> <span class='ocrx_word' id='word_1_455' title='bbox 351 3286 515 3342; x_wconf 86' lang='lat' dir='ltr'>promovere</span> <span class='ocrx_word' id='word_1_456' title='bbox 538 3278 692 3342; x_wconf 82' lang='lat' dir='ltr'>praesumat.</span> <span class='ocrx_word' id='word_1_457' title='bbox 718 3271 753 3325; x_wconf 86' lang='lat' dir='ltr'>Et</span> <span class='ocrx_word' id='word_1_458' title='bbox 777 3272 829 3327; x_wconf 91' lang='lat' dir='ltr'>hoc</span> <span class='ocrx_word' id='word_1_459' title='bbox 850 3271 927 3327; x_wconf 88' lang='lat' dir='ltr'>Gan·</span> <span class='ocrx_word' id='word_1_460' title='bbox 978 3268 1064 3325; x_wconf 81' lang='lat' dir='ltr'>beatae</span> <span class='ocrx_word' id='word_1_461' title='bbox 1086 3269 1226 3325; x_wconf 86' lang='lat' dir='ltr'>memoriae</span> <span class='ocrx_word' id='word_1_462' title='bbox 1250 3270 1382 3341; x_wconf 90' lang='lat' dir='ltr'>principis</span> <span class='ocrx_word' id='word_1_463' title='bbox 1405 3271 1540 3341; x_wconf 84' lang='lat' dir='ltr'>Martiam,</span> <span class='ocrx_word' id='word_1_464' title='bbox 1564 3272 1614 3328; x_wconf 90' lang='lat' dir='ltr'>sed</span> <span class='ocrx_word' id='word_1_465' title='bbox 1633 3273 1761 3343; x_wconf 86' lang='lat' dir='ltr'>etiamego</span> 
     </span>
     <span class='ocr_line' id='line_1_36' title="bbox 123 3358 1758 3434; baseline -0.001 -17"><span class='ocrx_word' id='word_1_466' title='bbox 123 3376 225 3433; x_wconf 60' lang='lat' dir='ltr'>mense</span> <span class='ocrx_word' id='word_1_467' title='bbox 240 3359 385 3417; x_wconf 90' lang='lat' dir='ltr'>concilium</span> <span class='ocrx_word' id='word_1_468' title='bbox 400 3359 525 3432; x_wconf 91' lang='lat' dir='ltr'>prohibet</span> <span class='ocrx_word' id='word_1_469' title='bbox 542 3367 568 3416; x_wconf 92' lang='lat' dir='ltr'>et</span> <span class='ocrx_word' id='word_1_470' title='bbox 581 3359 699 3431; x_wconf 89' lang='lat' dir='ltr'>capitulo</span> <span class='ocrx_word' id='word_1_471' title='bbox 715 3363 748 3416; x_wconf 75' lang='lat'>82</span> <span class='ocrx_word' id='word_1_472' title='bbox 763 3360 799 3415; x_wconf 92' lang='lat' dir='ltr'>ad</span> <span class='ocrx_word' id='word_1_473' title='bbox 813 3358 925 3426; x_wconf 83' lang='lat' dir='ltr'>loeum;</span> <span class='ocrx_word' id='word_1_474' title='bbox 977 3373 1039 3413; x_wconf 89' lang='lat' dir='ltr'>mea</span> <span class='ocrx_word' id='word_1_475' title='bbox 1053 3358 1233 3414; x_wconf 90' lang='lat' dir='ltr'>consensione</span> <span class='ocrx_word' id='word_1_476' title='bbox 1249 3359 1355 3414; x_wconf 89' lang='lat' dir='ltr'>tirmavi</span> <span class='ocrx_word' id='word_1_477' title='bbox 1367 3379 1374 3426; x_wconf 88' lang='lat'>;</span> <span class='ocrx_word' id='word_1_478' title='bbox 1386 3367 1413 3414; x_wconf 90' lang='lat' dir='ltr'>et</span> <span class='ocrx_word' id='word_1_479' title='bbox 1428 3359 1497 3416; x_wconf 89' lang='lat' dir='ltr'>sicat</span> <span class='ocrx_word' id='word_1_480' title='bbox 1511 3361 1676 3434; x_wconf 88' lang='lat' dir='ltr'>presbytero</span> <span class='ocrx_word' id='word_1_481' title='bbox 1687 3367 1758 3416; x_wconf 77' lang='lat' dir='ltr'>acero</span> 
     </span>
    </p>

    <p class='ocr_par' dir='ltr' id='par_1_5' title="bbox 116 3446 1809 5479">
     <span class='ocr_line' id='line_1_37' title="bbox 123 3446 1755 3522; baseline -0.002 -17"><span class='ocrx_word' id='word_1_482' title='bbox 123 3451 157 3505; x_wconf 89' lang='lat' dir='ltr'>de</span> <span class='ocrx_word' id='word_1_483' title='bbox 171 3449 354 3506; x_wconf 90' lang='lat' dir='ltr'>ecclesiarum</span> <span class='ocrx_word' id='word_1_484' title='bbox 376 3465 441 3505; x_wconf 87' lang='lat' dir='ltr'>vero</span> <span class='ocrx_word' id='word_1_485' title='bbox 464 3448 552 3505; x_wconf 88' lang='lat' dir='ltr'>servis</span> <span class='ocrx_word' id='word_1_486' title='bbox 571 3448 710 3506; x_wconf 91' lang='lat' dir='ltr'>communi</span> <span class='ocrx_word' id='word_1_487' title='bbox 725 3449 859 3505; x_wconf 89' lang='lat' dir='ltr'>sententia</span> <span class='ocrx_word' id='word_1_488' title='bbox 874 3449 925 3505; x_wconf 92' lang='lat' dir='ltr'>de·</span> <span class='ocrx_word' id='word_1_489' title='bbox 976 3446 1114 3518; x_wconf 78' lang='lat' dir='ltr'>parochia</span> <span class='ocrx_word' id='word_1_490' title='bbox 1142 3447 1177 3501; x_wconf 89' lang='lat' dir='ltr'>ad</span> <span class='ocrx_word' id='word_1_491' title='bbox 1206 3454 1232 3503; x_wconf 93' lang='lat' dir='ltr'>te</span> <span class='ocrx_word' id='word_1_492' title='bbox 1253 3447 1338 3503; x_wconf 90' lang='lat' dir='ltr'>misso</span> <span class='ocrx_word' id='word_1_493' title='bbox 1360 3449 1535 3520; x_wconf 90' lang='lat' dir='ltr'>respondisti,</span> <span class='ocrx_word' id='word_1_494' title='bbox 1558 3450 1623 3522; x_wconf 89' lang='lat' dir='ltr'>quia</span> <span class='ocrx_word' id='word_1_495' title='bbox 1648 3448 1755 3506; x_wconf 77' lang='lat' dir='ltr'>sicuttibi</span> 
     </span>
     <span class='ocr_line' id='line_1_38' title="bbox 121 3535 1752 3612; baseline -0.003 -16"><span class='ocrx_word' id='word_1_496' title='bbox 121 3547 225 3596; x_wconf 90' lang='lat' dir='ltr'>cretum</span> <span class='ocrx_word' id='word_1_497' title='bbox 240 3546 281 3595; x_wconf 92' lang='lat' dir='ltr'>est</span> <span class='ocrx_word' id='word_1_498' title='bbox 295 3547 322 3595; x_wconf 92' lang='lat' dir='ltr'>ut</span> <span class='ocrx_word' id='word_1_499' title='bbox 345 3538 546 3611; x_wconf 86' lang='lat' dir='ltr'>archiepiscopi</span> <span class='ocrx_word' id='word_1_500' title='bbox 568 3555 619 3609; x_wconf 90' lang='lat' dir='ltr'>per</span> <span class='ocrx_word' id='word_1_501' title='bbox 633 3538 756 3612; x_wconf 83' lang='lat' dir='ltr'>singulas</span> <span class='ocrx_word' id='word_1_502' title='bbox 769 3538 926 3609; x_wconf 80' lang='lat' dir='ltr'>provincias</span> <span class='ocrx_word' id='word_1_503' title='bbox 976 3535 1090 3592; x_wconf 88' lang='lat' dir='ltr'>lecimus</span> <span class='ocrx_word' id='word_1_504' title='bbox 1104 3536 1132 3589; x_wconf 94' lang='lat' dir='ltr'>in</span> <span class='ocrx_word' id='word_1_505' title='bbox 1147 3543 1237 3591; x_wconf 88' lang='lat' dir='ltr'>nostra</span> <span class='ocrx_word' id='word_1_506' title='bbox 1255 3537 1388 3607; x_wconf 87' lang='lat' dir='ltr'>parochia</span> <span class='ocrx_word' id='word_1_507' title='bbox 1403 3537 1438 3593; x_wconf 91' lang='lat' dir='ltr'>de</span> <span class='ocrx_word' id='word_1_508' title='bbox 1453 3546 1501 3593; x_wconf 91' lang='lat' dir='ltr'>tua</span> <span class='ocrx_word' id='word_1_509' title='bbox 1515 3539 1644 3609; x_wconf 88' lang='lat' dir='ltr'>ecclesia,</span> <span class='ocrx_word' id='word_1_510' title='bbox 1659 3539 1692 3594; x_wconf 90' lang='lat' dir='ltr'>ita</span> <span class='ocrx_word' id='word_1_511' title='bbox 1702 3544 1752 3594; x_wconf 89' lang='lat' dir='ltr'>etta</span> 
     </span>
     <span class='ocr_line' id='line_1_39' title="bbox 119 3624 1751 3700; baseline -0.005 -15"><span class='ocrx_word' id='word_1_512' title='bbox 119 3627 258 3685; x_wconf 91' lang='lat' dir='ltr'>constituti</span> <span class='ocrx_word' id='word_1_513' title='bbox 286 3634 408 3684; x_wconf 90' lang='lat' dir='ltr'>nostram</span> <span class='ocrx_word' id='word_1_514' title='bbox 439 3627 635 3692; x_wconf 87' lang='lat' dir='ltr'>auctoritatem,</span> <span class='ocrx_word' id='word_1_515' title='bbox 665 3625 830 3698; x_wconf 85' lang='lat' dir='ltr'>suffraganei</span> <span class='ocrx_word' id='word_1_516' title='bbox 859 3643 924 3684; x_wconf 84' lang='lat' dir='ltr'>vero</span> <span class='ocrx_word' id='word_1_517' title='bbox 975 3625 1053 3680; x_wconf 89' lang='lat' dir='ltr'>nobis</span> <span class='ocrx_word' id='word_1_518' title='bbox 1078 3624 1163 3680; x_wconf 85' lang='lat' dir='ltr'>iacies</span> <span class='ocrx_word' id='word_1_519' title='bbox 1178 3624 1212 3680; x_wconf 90' lang='lat' dir='ltr'>de</span> <span class='ocrx_word' id='word_1_520' title='bbox 1227 3633 1323 3681; x_wconf 86' lang='lat' dir='ltr'>nostra</span> <span class='ocrx_word' id='word_1_521' title='bbox 1345 3625 1461 3682; x_wconf 87' lang='lat' dir='ltr'>ecclesia</span> <span class='ocrx_word' id='word_1_522' title='bbox 1484 3626 1512 3681; x_wconf 90' lang='lat' dir='ltr'>in</span> <span class='ocrx_word' id='word_1_523' title='bbox 1525 3628 1751 3700; x_wconf 85' lang='lat' dir='ltr'>tnapnroehianon</span> 
     </span>
     <span class='ocr_line' id='line_1_40' title="bbox 118 3712 1749 3788; baseline -0.004 -16"><span class='ocrx_word' id='word_1_524' title='bbox 118 3717 227 3774; x_wconf 90' lang='lat' dir='ltr'>illomm</span> <span class='ocrx_word' id='word_1_525' title='bbox 241 3717 381 3788; x_wconf 84' lang='lat' dir='ltr'>exemplar</span> <span class='ocrx_word' id='word_1_526' title='bbox 405 3716 479 3772; x_wconf 90' lang='lat' dir='ltr'>illius</span> <span class='ocrx_word' id='word_1_527' title='bbox 494 3732 580 3787; x_wconf 88' lang='lat' dir='ltr'>penes</span> <span class='ocrx_word' id='word_1_528' title='bbox 596 3732 626 3771; x_wconf 92' lang='lat' dir='ltr'>se</span> <span class='ocrx_word' id='word_1_529' title='bbox 640 3716 769 3770; x_wconf 90' lang='lat' dir='ltr'>habeant.</span> <span class='ocrx_word' id='word_1_530' title='bbox 786 3716 819 3770; x_wconf 88' lang='lat' dir='ltr'>Et</span> <span class='ocrx_word' id='word_1_531' title='bbox 833 3731 924 3787; x_wconf 88' lang='lat' dir='ltr'>quan·</span> <span class='ocrx_word' id='word_1_532' title='bbox 975 3712 1063 3768; x_wconf 90' lang='lat' dir='ltr'>solum</span> <span class='ocrx_word' id='word_1_533' title='bbox 1078 3729 1133 3768; x_wconf 92' lang='lat' dir='ltr'>non</span> <span class='ocrx_word' id='word_1_534' title='bbox 1148 3714 1298 3780; x_wconf 91' lang='lat' dir='ltr'>consentio,</span> <span class='ocrx_word' id='word_1_535' title='bbox 1311 3731 1408 3770; x_wconf 83' lang='lat' dir='ltr'>veram</span> <span class='ocrx_word' id='word_1_536' title='bbox 1422 3723 1449 3770; x_wconf 92' lang='lat' dir='ltr'>et</span> <span class='ocrx_word' id='word_1_537' title='bbox 1462 3714 1558 3772; x_wconf 92' lang='lat' dir='ltr'>hortor</span> <span class='ocrx_word' id='word_1_538' title='bbox 1571 3723 1600 3771; x_wconf 90' lang='lat' dir='ltr'>at</span> <span class='ocrx_word' id='word_1_539' title='bbox 1613 3716 1699 3780; x_wconf 89' lang='lat' dir='ltr'>lacias,</span> <span class='ocrx_word' id='word_1_540' title='bbox 1712 3713 1749 3768; x_wconf 89' lang='lat' dir='ltr'>sci·</span> 
     </span>
     <span class='ocr_line' id='line_1_41' title="bbox 118 3801 1748 3879; baseline -0.005 -18"><span class='ocrx_word' id='word_1_541' title='bbox 118 3805 262 3879; x_wconf 90' lang='lat' dir='ltr'>docunque</span> <span class='ocrx_word' id='word_1_542' title='bbox 286 3805 321 3860; x_wconf 90' lang='lat' dir='ltr'>de</span> <span class='ocrx_word' id='word_1_543' title='bbox 344 3803 445 3860; x_wconf 78' lang='lat' dir='ltr'>familia</span> <span class='ocrx_word' id='word_1_544' title='bbox 468 3804 592 3860; x_wconf 81' lang='lat' dir='ltr'>ecciesiae</span> <span class='ocrx_word' id='word_1_545' title='bbox 614 3803 688 3859; x_wconf 94' lang='lat' dir='ltr'>utilis</span> <span class='ocrx_word' id='word_1_546' title='bbox 717 3804 843 3859; x_wconf 86' lang='lat' dir='ltr'>inventas</span> <span class='ocrx_word' id='word_1_547' title='bbox 871 3804 923 3859; x_wconf 89' lang='lat' dir='ltr'>ali·</span> <span class='ocrx_word' id='word_1_548' title='bbox 974 3801 1037 3859; x_wconf 91' lang='lat' dir='ltr'>licet</span> <span class='ocrx_word' id='word_1_549' title='bbox 1051 3809 1079 3856; x_wconf 93' lang='lat' dir='ltr'>ut</span> <span class='ocrx_word' id='word_1_550' title='bbox 1093 3802 1216 3874; x_wconf 87' lang='lat' dir='ltr'>inquiras</span> <span class='ocrx_word' id='word_1_551' title='bbox 1232 3803 1379 3876; x_wconf 87' lang='lat' dir='ltr'>diiigenter</span> <span class='ocrx_word' id='word_1_552' title='bbox 1393 3804 1443 3858; x_wconf 92' lang='lat' dir='ltr'>sub</span> <span class='ocrx_word' id='word_1_553' title='bbox 1458 3804 1581 3860; x_wconf 86' lang='lat' dir='ltr'>veritatis</span> <span class='ocrx_word' id='word_1_554' title='bbox 1590 3803 1748 3861; x_wconf 84' lang='lat' dir='ltr'>testificatione</span> 
     </span>
     <span class='ocr_line' id='line_1_42' title="bbox 119 3886 1747 3965; baseline 0.003 -19"><span class='ocrx_word' id='word_1_555' title='bbox 119 3890 181 3961; x_wconf 90' lang='lat' dir='ltr'>quis</span> <span class='ocrx_word' id='word_1_556' title='bbox 202 3886 371 3944; x_wconf 88' lang='lat' dir='ltr'>ordinandus</span> <span class='ocrx_word' id='word_1_557' title='bbox 386 3894 438 3955; x_wconf 92' lang='lat' dir='ltr'>est,</span> <span class='ocrx_word' id='word_1_558' title='bbox 453 3888 482 3942; x_wconf 92' lang='lat' dir='ltr'>in</span> <span class='ocrx_word' id='word_1_559' title='bbox 496 3887 612 3943; x_wconf 90' lang='lat' dir='ltr'>ambone</span> <span class='ocrx_word' id='word_1_560' title='bbox 634 3887 694 3958; x_wconf 88' lang='lat' dir='ltr'>ipsa</span> <span class='ocrx_word' id='word_1_561' title='bbox 707 3887 857 3944; x_wconf 88' lang='lat' dir='ltr'>auctoritas</span> <span class='ocrx_word' id='word_1_562' title='bbox 872 3904 922 3944; x_wconf 92' lang='lat' dir='ltr'>eo·</span> <span class='ocrx_word' id='word_1_563' title='bbox 974 3890 1002 3945; x_wconf 94' lang='lat' dir='ltr'>in</span> <span class='ocrx_word' id='word_1_564' title='bbox 1017 3906 1066 3946; x_wconf 91' lang='lat' dir='ltr'>sao</span> <span class='ocrx_word' id='word_1_565' title='bbox 1081 3891 1237 3947; x_wconf 88' lang='lat' dir='ltr'>sacerdotio</span> <span class='ocrx_word' id='word_1_566' title='bbox 1252 3908 1303 3963; x_wconf 91' lang='lat' dir='ltr'>per</span> <span class='ocrx_word' id='word_1_567' title='bbox 1317 3892 1534 3965; x_wconf 72' lang='lat' dir='ltr'>ingelrannum,</span> <span class='ocrx_word' id='word_1_568' title='bbox 1546 3909 1596 3965; x_wconf 91' lang='lat' dir='ltr'>per</span> <span class='ocrx_word' id='word_1_569' title='bbox 1606 3893 1747 3950; x_wconf 85' lang='lat' dir='ltr'>Grimcnen.</span> 
     </span>
     <span class='ocr_line' id='line_1_43' title="bbox 118 3975 1748 4054; baseline -0.001 -22"><span class='ocrx_word' id='word_1_570' title='bbox 118 3992 180 4032; x_wconf 90' lang='lat' dir='ltr'>rum</span> <span class='ocrx_word' id='word_1_571' title='bbox 196 3975 298 4048; x_wconf 92' lang='lat' dir='ltr'>populo</span> <span class='ocrx_word' id='word_1_572' title='bbox 313 3975 428 4048; x_wconf 89' lang='lat' dir='ltr'>legatur,</span> <span class='ocrx_word' id='word_1_573' title='bbox 444 3983 471 4031; x_wconf 93' lang='lat' dir='ltr'>et</span> <span class='ocrx_word' id='word_1_574' title='bbox 485 3990 577 4032; x_wconf 88' lang='lat' dir='ltr'>coram</span> <span class='ocrx_word' id='word_1_575' title='bbox 599 3975 797 4044; x_wconf 90' lang='lat' dir='ltr'>sacerdotibus,</span> <span class='ocrx_word' id='word_1_576' title='bbox 813 3977 857 4033; x_wconf 82' lang='lat' dir='ltr'>tel</span> <span class='ocrx_word' id='word_1_577' title='bbox 872 3992 922 4034; x_wconf 95' lang='lat' dir='ltr'>co·</span> <span class='ocrx_word' id='word_1_578' title='bbox 973 3980 1210 4052; x_wconf 88' lang='lat' dir='ltr'>perFrnumaram</span> <span class='ocrx_word' id='word_1_579' title='bbox 1220 3982 1405 4053; x_wconf 91' lang='lat' dir='ltr'>presbyteros,</span> <span class='ocrx_word' id='word_1_580' title='bbox 1416 3982 1466 4037; x_wconf 90' lang='lat' dir='ltr'>sed</span> <span class='ocrx_word' id='word_1_581' title='bbox 1477 3989 1564 4053; x_wconf 91' lang='lat' dir='ltr'>etper</span> <span class='ocrx_word' id='word_1_582' title='bbox 1574 3980 1748 4054; x_wconf 88' lang='lat' dir='ltr'>ipsamliairac·</span> 
     </span>
     <span class='ocr_line' id='line_1_44' title="bbox 117 4063 1747 4141; baseline 0.002 -21"><span class='ocrx_word' id='word_1_583' title='bbox 117 4081 175 4120; x_wconf 88' lang='lat' dir='ltr'>ram</span> <span class='ocrx_word' id='word_1_584' title='bbox 202 4063 329 4120; x_wconf 88' lang='lat' dir='ltr'>fidelibus</span> <span class='ocrx_word' id='word_1_585' title='bbox 355 4063 431 4121; x_wconf 89' lang='lat' dir='ltr'>lalcis</span> <span class='ocrx_word' id='word_1_586' title='bbox 444 4071 507 4120; x_wconf 87' lang='lat' dir='ltr'>ante</span> <span class='ocrx_word' id='word_1_587' title='bbox 528 4078 614 4120; x_wconf 91' lang='lat' dir='ltr'>corna</span> <span class='ocrx_word' id='word_1_588' title='bbox 629 4063 733 4132; x_wconf 87' lang='lat' dir='ltr'>altaris,</span> <span class='ocrx_word' id='word_1_589' title='bbox 744 4064 814 4122; x_wconf 90' lang='lat' dir='ltr'>sicat</span> <span class='ocrx_word' id='word_1_590' title='bbox 830 4064 858 4122; x_wconf 89' lang='lat' dir='ltr'>in</span> <span class='ocrx_word' id='word_1_591' title='bbox 873 4082 923 4122; x_wconf 91' lang='lat' dir='ltr'>ao-</span> <span class='ocrx_word' id='word_1_592' title='bbox 972 4069 1066 4124; x_wconf 87' lang='lat' dir='ltr'>redum</span> <span class='ocrx_word' id='word_1_593' title='bbox 1076 4069 1150 4141; x_wconf 89' lang='lat' dir='ltr'>quod</span> <span class='ocrx_word' id='word_1_594' title='bbox 1160 4069 1195 4125; x_wconf 92' lang='lat' dir='ltr'>de</span> <span class='ocrx_word' id='word_1_595' title='bbox 1206 4069 1265 4141; x_wconf 88' lang='lat' dir='ltr'>ipsa</span> <span class='ocrx_word' id='word_1_596' title='bbox 1276 4069 1393 4127; x_wconf 87' lang='lat' dir='ltr'>ecclesia</span> <span class='ocrx_word' id='word_1_597' title='bbox 1410 4069 1569 4127; x_wconf 83' lang='lat' dir='ltr'>testificatus</span> <span class='ocrx_word' id='word_1_598' title='bbox 1591 4079 1633 4128; x_wconf 91' lang='lat' dir='ltr'>est</span> <span class='ocrx_word' id='word_1_599' title='bbox 1643 4067 1747 4127; x_wconf 77' lang='lat' dir='ltr'>Pardalts</span> 
     </span>
     <span class='ocr_line' id='line_1_45' title="bbox 119 4152 1747 4230; baseline 0.005 -22"><span class='ocrx_word' id='word_1_600' title='bbox 119 4160 176 4210; x_wconf 89' lang='lat' dir='ltr'>stra</span> <span class='ocrx_word' id='word_1_601' title='bbox 191 4152 350 4209; x_wconf 87' lang='lat' dir='ltr'>auctoritate</span> <span class='ocrx_word' id='word_1_602' title='bbox 377 4152 540 4222; x_wconf 90' lang='lat' dir='ltr'>continetur,</span> <span class='ocrx_word' id='word_1_603' title='bbox 558 4162 664 4210; x_wconf 87' lang='lat' dir='ltr'>remota</span> <span class='ocrx_word' id='word_1_604' title='bbox 678 4153 797 4226; x_wconf 87' lang='lat' dir='ltr'>qualibet</span> <span class='ocrx_word' id='word_1_605' title='bbox 812 4154 921 4211; x_wconf 89' lang='lat' dir='ltr'>callidi·</span> <span class='ocrx_word' id='word_1_606' title='bbox 972 4158 1101 4214; x_wconf 87' lang='lat' dir='ltr'>decessor</span> <span class='ocrx_word' id='word_1_607' title='bbox 1114 4165 1176 4213; x_wconf 88' lang='lat' dir='ltr'>tuus</span> <span class='ocrx_word' id='word_1_608' title='bbox 1190 4174 1280 4214; x_wconf 88' lang='lat' dir='ltr'>coram</span> <span class='ocrx_word' id='word_1_609' title='bbox 1295 4159 1366 4230; x_wconf 90' lang='lat' dir='ltr'>ipsis</span> <span class='ocrx_word' id='word_1_610' title='bbox 1377 4167 1439 4216; x_wconf 91' lang='lat' dir='ltr'>ante</span> <span class='ocrx_word' id='word_1_611' title='bbox 1455 4160 1561 4216; x_wconf 90' lang='lat' dir='ltr'>obitam</span> <span class='ocrx_word' id='word_1_612' title='bbox 1575 4177 1663 4216; x_wconf 88' lang='lat' dir='ltr'>saum.</span> <span class='ocrx_word' id='word_1_613' title='bbox 1677 4157 1747 4215; x_wconf 79' lang='lat' dir='ltr'>Sedet</span> 
     </span>
     <span class='ocr_line' id='line_1_46' title="bbox 120 4240 1747 4319; baseline 0.001 -21"><span class='ocrx_word' id='word_1_614' title='bbox 120 4249 175 4298; x_wconf 91' lang='lat' dir='ltr'>tate</span> <span class='ocrx_word' id='word_1_615' title='bbox 202 4240 357 4298; x_wconf 89' lang='lat' dir='ltr'>libertatem</span> <span class='ocrx_word' id='word_1_616' title='bbox 384 4250 566 4315; x_wconf 89' lang='lat' dir='ltr'>consequatur</span> <span class='ocrx_word' id='word_1_617' title='bbox 581 4261 587 4297; x_wconf 93' lang='lat'><strong>:</strong></span> <span class='ocrx_word' id='word_1_618' title='bbox 603 4249 630 4299; x_wconf 92' lang='lat' dir='ltr'>et</span> <span class='ocrx_word' id='word_1_619' title='bbox 656 4250 720 4300; x_wconf 91' lang='lat' dir='ltr'>tanc</span> <span class='ocrx_word' id='word_1_620' title='bbox 748 4243 857 4299; x_wconf 90' lang='lat' dir='ltr'>demum</span> <span class='ocrx_word' id='word_1_621' title='bbox 887 4244 920 4299; x_wconf 91' lang='lat' dir='ltr'>ad</span> <span class='ocrx_word' id='word_1_622' title='bbox 970 4262 1021 4317; x_wconf 89' lang='lat' dir='ltr'>per</span> <span class='ocrx_word' id='word_1_623' title='bbox 1034 4245 1102 4301; x_wconf 87' lang='lat' dir='ltr'>alios</span> <span class='ocrx_word' id='word_1_624' title='bbox 1115 4247 1300 4319; x_wconf 91' lang='lat' dir='ltr'>presbyteros,</span> <span class='ocrx_word' id='word_1_625' title='bbox 1315 4256 1341 4303; x_wconf 88' lang='lat' dir='ltr'>et</span> <span class='ocrx_word' id='word_1_626' title='bbox 1355 4248 1461 4304; x_wconf 84' lang='lat' dir='ltr'>vicinos</span> <span class='ocrx_word' id='word_1_627' title='bbox 1476 4264 1509 4305; x_wconf 91' lang='lat' dir='ltr'>ac</span> <span class='ocrx_word' id='word_1_628' title='bbox 1522 4248 1637 4306; x_wconf 90' lang='lat' dir='ltr'>idoneos</span> <span class='ocrx_word' id='word_1_629' title='bbox 1650 4241 1747 4304; x_wconf 86' lang='lat' dir='ltr'>laicoslt</span> 
     </span>
     <span class='ocr_line' id='line_1_47' title="bbox 119 4330 1809 4406; baseline 0 -19"><span class='ocrx_word' id='word_1_630' title='bbox 119 4331 224 4405; x_wconf 88' lang='lat' dir='ltr'>gradus</span> <span class='ocrx_word' id='word_1_631' title='bbox 233 4330 433 4388; x_wconf 88' lang='lat' dir='ltr'>ecclesiasticos</span> <span class='ocrx_word' id='word_1_632' title='bbox 442 4331 618 4403; x_wconf 86' lang='lat' dir='ltr'>provehetur.</span> <span class='ocrx_word' id='word_1_633' title='bbox 631 4331 760 4388; x_wconf 90' lang='lat' dir='ltr'>Similiter</span> <span class='ocrx_word' id='word_1_634' title='bbox 768 4349 877 4405; x_wconf 92' lang='lat' dir='ltr'>qaoque</span> <span class='ocrx_word' id='word_1_635' title='bbox 887 4334 921 4389; x_wconf 93' lang='lat' dir='ltr'>de</span> <span class='ocrx_word' id='word_1_636' title='bbox 970 4335 1030 4406; x_wconf 89' lang='lat' dir='ltr'>ipsa</span> <span class='ocrx_word' id='word_1_637' title='bbox 1046 4335 1109 4391; x_wconf 89' lang='lat' dir='ltr'>villa</span> <span class='ocrx_word' id='word_1_638' title='bbox 1137 4343 1351 4404; x_wconf 89' lang='lat' dir='ltr'>commanentes,</span> <span class='ocrx_word' id='word_1_639' title='bbox 1377 4345 1404 4393; x_wconf 91' lang='lat' dir='ltr'>et</span> <span class='ocrx_word' id='word_1_640' title='bbox 1429 4337 1674 4395; x_wconf 87' lang='lat' dir='ltr'>circummanentes</span> <span class='ocrx_word' id='word_1_641' title='bbox 1693 4336 1748 4406; x_wconf 84' lang='lat' dir='ltr'>lcgt·</span> <span class='ocrx_word' id='word_1_642' title='bbox 1806 4351 1809 4388; x_wconf 72' lang='lat' dir='ltr'>f</span> 
     </span>
     <span class='ocr_line' id='line_1_48' title="bbox 117 4413 1747 4502; baseline 0.002 -26"><span class='ocrx_word' id='word_1_643' title='bbox 117 4421 159 4478; x_wconf 92' lang='lat' dir='ltr'>his</span> <span class='ocrx_word' id='word_1_644' title='bbox 173 4421 312 4494; x_wconf 85' lang='lat' dir='ltr'>agendam</span> <span class='ocrx_word' id='word_1_645' title='bbox 327 4427 369 4477; x_wconf 91' lang='lat' dir='ltr'>est</span> <span class='ocrx_word' id='word_1_646' title='bbox 383 4436 451 4493; x_wconf 93' lang='lat' dir='ltr'>quos</span> <span class='ocrx_word' id='word_1_647' title='bbox 466 4420 572 4477; x_wconf 91' lang='lat' dir='ltr'>laicide</span> <span class='ocrx_word' id='word_1_648' title='bbox 583 4420 686 4477; x_wconf 83' lang='lat' dir='ltr'>familia</span> <span class='ocrx_word' id='word_1_649' title='bbox 696 4421 876 4478; x_wconf 89' lang='lat' dir='ltr'>ecclesiaram</span> <span class='ocrx_word' id='word_1_650' title='bbox 887 4421 921 4477; x_wconf 89' lang='lat' dir='ltr'>ad</span> <span class='ocrx_word' id='word_1_651' title='bbox 935 4413 959 4476; x_wconf 85' lang='lat' dir='ltr'>C</span> <span class='ocrx_word' id='word_1_652' title='bbox 972 4424 1032 4479; x_wconf 92' lang='lat' dir='ltr'>liter</span> <span class='ocrx_word' id='word_1_653' title='bbox 1055 4424 1173 4497; x_wconf 88' lang='lat' dir='ltr'>require,</span> <span class='ocrx_word' id='word_1_654' title='bbox 1195 4425 1268 4496; x_wconf 92' lang='lat' dir='ltr'>quod</span> <span class='ocrx_word' id='word_1_655' title='bbox 1283 4426 1347 4482; x_wconf 91' lang='lat' dir='ltr'>inde</span> <span class='ocrx_word' id='word_1_656' title='bbox 1362 4442 1395 4482; x_wconf 87' lang='lat' dir='ltr'>cx</span> <span class='ocrx_word' id='word_1_657' title='bbox 1414 4426 1531 4483; x_wconf 87' lang='lat' dir='ltr'>veritate</span> <span class='ocrx_word' id='word_1_658' title='bbox 1557 4432 1714 4502; x_wconf 81' lang='lat' dir='ltr'>cognoscant</span> <span class='ocrx_word' id='word_1_659' title='bbox 1724 4419 1747 4475; x_wconf 88' lang='lat' dir='ltr'>dc</span> 
     </span>
     <span class='ocr_line' id='line_1_49' title="bbox 117 4510 1809 4587; baseline 0 -21"><span class='ocrx_word' id='word_1_660' title='bbox 117 4525 212 4567; x_wconf 89' lang='lat' dir='ltr'>sacros</span> <span class='ocrx_word' id='word_1_661' title='bbox 235 4510 347 4566; x_wconf 90' lang='lat' dir='ltr'>ordines</span> <span class='ocrx_word' id='word_1_662' title='bbox 371 4510 525 4582; x_wconf 83' lang='lat' dir='ltr'>promoveri</span> <span class='ocrx_word' id='word_1_663' title='bbox 547 4511 701 4566; x_wconf 85' lang='lat' dir='ltr'>voluemnt.</span> <span class='ocrx_word' id='word_1_664' title='bbox 719 4511 774 4566; x_wconf 89' lang='lat' dir='ltr'>Sed</span> <span class='ocrx_word' id='word_1_665' title='bbox 789 4519 816 4567; x_wconf 91' lang='lat' dir='ltr'>et</span> <span class='ocrx_word' id='word_1_666' title='bbox 831 4512 864 4566; x_wconf 91' lang='lat' dir='ltr'>de</span> <span class='ocrx_word' id='word_1_667' title='bbox 879 4511 922 4566; x_wconf 91' lang='lat' dir='ltr'>his</span> <span class='ocrx_word' id='word_1_668' title='bbox 971 4513 1013 4568; x_wconf 92' lang='lat' dir='ltr'>his</span> <span class='ocrx_word' id='word_1_669' title='bbox 1028 4529 1089 4584; x_wconf 80' lang='lat' dir='ltr'>quae</span> <span class='ocrx_word' id='word_1_670' title='bbox 1103 4514 1267 4586; x_wconf 86' lang='lat' dir='ltr'>praescripsi,</span> <span class='ocrx_word' id='word_1_671' title='bbox 1279 4523 1305 4570; x_wconf 93' lang='lat' dir='ltr'>et</span> <span class='ocrx_word' id='word_1_672' title='bbox 1319 4515 1390 4570; x_wconf 90' lang='lat' dir='ltr'>sicut</span> <span class='ocrx_word' id='word_1_673' title='bbox 1403 4516 1548 4587; x_wconf 90' lang='lat' dir='ltr'>episcopus</span> <span class='ocrx_word' id='word_1_674' title='bbox 1559 4515 1747 4573; x_wconf 82' lang='lat' dir='ltr'>eamteritatetn</span> <span class='ocrx_word' id='word_1_675' title='bbox 1805 4564 1809 4576; x_wconf 54' lang='grc'>,,</span> 
     </span>
     <span class='ocr_line' id='line_1_50' title="bbox 117 4597 1809 4675; baseline 0.005 -19"><span class='ocrx_word' id='word_1_676' title='bbox 117 4616 187 4672; x_wconf 90' lang='lat' dir='ltr'>quos</span> <span class='ocrx_word' id='word_1_677' title='bbox 209 4597 348 4671; x_wconf 85' lang='lat' dir='ltr'>praepositi</span> <span class='ocrx_word' id='word_1_678' title='bbox 380 4598 571 4655; x_wconf 87' lang='lat' dir='ltr'>canonicorum</span> <span class='ocrx_word' id='word_1_679' title='bbox 609 4606 691 4671; x_wconf 88' lang='lat' dir='ltr'>atque</span> <span class='ocrx_word' id='word_1_680' title='bbox 726 4600 921 4655; x_wconf 89' lang='lat' dir='ltr'>monachorum</span> <span class='ocrx_word' id='word_1_681' title='bbox 958 4602 1107 4658; x_wconf 74' lang='lat' dir='ltr'>‘inveneris</span> <span class='ocrx_word' id='word_1_682' title='bbox 1122 4602 1185 4658; x_wconf 90' lang='lat' dir='ltr'>inde</span> <span class='ocrx_word' id='word_1_683' title='bbox 1190 4603 1430 4672; x_wconf 88' lang='lat' dir='ltr'>justumjadiciam</span> <span class='ocrx_word' id='word_1_684' title='bbox 1438 4605 1540 4675; x_wconf 91' lang='lat' dir='ltr'>judica,</span> <span class='ocrx_word' id='word_1_685' title='bbox 1553 4606 1626 4661; x_wconf 89' lang='lat' dir='ltr'>velat</span> <span class='ocrx_word' id='word_1_686' title='bbox 1635 4611 1749 4675; x_wconf 74' lang='lat' dir='ltr'>etagota</span> <span class='ocrx_word' id='word_1_687' title='bbox 1806 4658 1809 4665; x_wconf 95' lang='lat'><em>.</em></span> 
     </span>
     <span class='ocr_line' id='line_1_51' title="bbox 117 4683 1809 4765; baseline 0.001 -21"><span class='ocrx_word' id='word_1_688' title='bbox 117 4687 283 4744; x_wconf 90' lang='lat' dir='ltr'>ordinandos</span> <span class='ocrx_word' id='word_1_689' title='bbox 308 4686 479 4759; x_wconf 88' lang='lat' dir='ltr'>expetierint,</span> <span class='ocrx_word' id='word_1_690' title='bbox 496 4688 591 4742; x_wconf 91' lang='lat' dir='ltr'>eadem</span> <span class='ocrx_word' id='word_1_691' title='bbox 614 4687 703 4743; x_wconf 90' lang='lat' dir='ltr'>lorma</span> <span class='ocrx_word' id='word_1_692' title='bbox 718 4689 853 4744; x_wconf 88' lang='lat' dir='ltr'>servanda</span> <span class='ocrx_word' id='word_1_693' title='bbox 868 4697 919 4744; x_wconf 89' lang='lat' dir='ltr'>est.</span> <span class='ocrx_word' id='word_1_694' title='bbox 969 4706 1029 4746; x_wconf 88' lang='lat' dir='ltr'>ram</span> <span class='ocrx_word' id='word_1_695' title='bbox 1049 4690 1140 4746; x_wconf 89' lang='lat' dir='ltr'>missis</span> <span class='ocrx_word' id='word_1_696' title='bbox 1158 4691 1209 4746; x_wconf 90' lang='lat' dir='ltr'>tais</span> <span class='ocrx_word' id='word_1_697' title='bbox 1225 4692 1259 4747; x_wconf 90' lang='lat' dir='ltr'>de</span> <span class='ocrx_word' id='word_1_698' title='bbox 1282 4693 1388 4763; x_wconf 86' lang='lat' dir='ltr'>capella</span> <span class='ocrx_word' id='word_1_699' title='bbox 1402 4692 1535 4764; x_wconf 90' lang='lat' dir='ltr'>episcopii</span> <span class='ocrx_word' id='word_1_700' title='bbox 1550 4693 1588 4749; x_wconf 93' lang='lat' dir='ltr'>tui</span> <span class='ocrx_word' id='word_1_701' title='bbox 1602 4694 1631 4749; x_wconf 94' lang='lat' dir='ltr'>in</span> <span class='ocrx_word' id='word_1_702' title='bbox 1644 4686 1748 4765; x_wconf 83' lang='lat' dir='ltr'>parocbi¹</span> <span class='ocrx_word' id='word_1_703' title='bbox 1807 4683 1809 4690; x_wconf 78' lang='lat'>&#39;</span> 
     </span>
     <span class='ocr_line' id='line_1_52' title="bbox 118 4771 1750 4854; baseline -0.001 -22"><span class='ocrx_word' id='word_1_704' title='bbox 118 4775 238 4832; x_wconf 90' lang='lat' dir='ltr'>Ostende</span> <span class='ocrx_word' id='word_1_705' title='bbox 253 4775 336 4850; x_wconf 88' lang='lat' dir='ltr'>igitar</span> <span class='ocrx_word' id='word_1_706' title='bbox 350 4775 430 4831; x_wconf 92' lang='lat' dir='ltr'>nobis</span> <span class='ocrx_word' id='word_1_707' title='bbox 448 4776 526 4830; x_wconf 86' lang='lat' dir='ltr'>istam</span> <span class='ocrx_word' id='word_1_708' title='bbox 537 4771 779 4833; x_wconf 87' lang='lat' dir='ltr'>manumissionem</span> <span class='ocrx_word' id='word_1_709' title='bbox 790 4777 920 4834; x_wconf 89' lang='lat' dir='ltr'>ecclesia·</span> <span class='ocrx_word' id='word_1_710' title='bbox 970 4787 1063 4835; x_wconf 87' lang='lat' dir='ltr'>nostra</span> <span class='ocrx_word' id='word_1_711' title='bbox 1077 4778 1205 4853; x_wconf 83' lang='lat' dir='ltr'>legaliter</span> <span class='ocrx_word' id='word_1_712' title='bbox 1221 4790 1248 4836; x_wconf 93' lang='lat' dir='ltr'>et</span> <span class='ocrx_word' id='word_1_713' title='bbox 1264 4782 1429 4854; x_wconf 81' lang='lat' dir='ltr'>regulariter</span> <span class='ocrx_word' id='word_1_714' title='bbox 1440 4782 1579 4854; x_wconf 88' lang='lat' dir='ltr'>inquisivi,</span> <span class='ocrx_word' id='word_1_715' title='bbox 1591 4791 1619 4838; x_wconf 93' lang='lat' dir='ltr'>et</span> <span class='ocrx_word' id='word_1_716' title='bbox 1628 4779 1750 4839; x_wconf 81' lang='lat' dir='ltr'>secandam</span> 
     </span>
     <span class='ocr_line' id='line_1_53' title="bbox 118 4858 1751 4939; baseline 0.004 -21"><span class='ocrx_word' id='word_1_717' title='bbox 118 4864 215 4919; x_wconf 90' lang='lat' dir='ltr'>sticam</span> <span class='ocrx_word' id='word_1_718' title='bbox 228 4864 262 4920; x_wconf 90' lang='lat' dir='ltr'>de</span> <span class='ocrx_word' id='word_1_719' title='bbox 277 4864 388 4936; x_wconf 83' lang='lat' dir='ltr'>praelato</span> <span class='ocrx_word' id='word_1_720' title='bbox 403 4864 503 4921; x_wconf 92' lang='lat' dir='ltr'>clerico</span> <span class='ocrx_word' id='word_1_721' title='bbox 519 4873 576 4920; x_wconf 89' lang='lat' dir='ltr'>ate</span> <span class='ocrx_word' id='word_1_722' title='bbox 592 4864 718 4938; x_wconf 85' lang='lat' dir='ltr'>acolytho</span> <span class='ocrx_word' id='word_1_723' title='bbox 741 4865 875 4936; x_wconf 93' lang='lat' dir='ltr'>ordinato,</span> <span class='ocrx_word' id='word_1_724' title='bbox 894 4875 922 4923; x_wconf 91' lang='lat' dir='ltr'>et</span> <span class='ocrx_word' id='word_1_725' title='bbox 969 4858 1046 4939; x_wconf 83' lang='lat' dir='ltr'>leges</span> <span class='ocrx_word' id='word_1_726' title='bbox 1062 4877 1088 4923; x_wconf 92' lang='lat' dir='ltr'>et</span> <span class='ocrx_word' id='word_1_727' title='bbox 1103 4883 1198 4925; x_wconf 88' lang='lat' dir='ltr'>sacros</span> <span class='ocrx_word' id='word_1_728' title='bbox 1223 4885 1343 4926; x_wconf 87' lang='lat' dir='ltr'>canones</span> <span class='ocrx_word' id='word_1_729' title='bbox 1368 4886 1401 4926; x_wconf 92' lang='lat' dir='ltr'>ac</span> <span class='ocrx_word' id='word_1_730' title='bbox 1423 4872 1536 4927; x_wconf 90' lang='lat' dir='ltr'>decreta</span> <span class='ocrx_word' id='word_1_731' title='bbox 1558 4871 1634 4928; x_wconf 88' lang='lat' dir='ltr'>sedis</span> <span class='ocrx_word' id='word_1_732' title='bbox 1648 4873 1751 4927; x_wconf 74' lang='lat' dir='ltr'>honnus</span> 
     </span>
     <span class='ocr_line' id='line_1_54' title="bbox 116 4952 1809 5032; baseline 0.001 -24"><span class='ocrx_word' id='word_1_733' title='bbox 116 4952 184 5008; x_wconf 89' lang='lat' dir='ltr'>nihil</span> <span class='ocrx_word' id='word_1_734' title='bbox 208 4959 309 5023; x_wconf 90' lang='lat' dir='ltr'>repeto.</span> <span class='ocrx_word' id='word_1_735' title='bbox 334 4953 441 5010; x_wconf 85' lang='lat' dir='ltr'>Dictum</span> <span class='ocrx_word' id='word_1_736' title='bbox 462 4960 504 5009; x_wconf 90' lang='lat' dir='ltr'>est</span> <span class='ocrx_word' id='word_1_737' title='bbox 524 4953 605 5010; x_wconf 87' lang='lat' dir='ltr'>etlam</span> <span class='ocrx_word' id='word_1_738' title='bbox 637 4954 703 5010; x_wconf 90' lang='lat' dir='ltr'>mihi</span> <span class='ocrx_word' id='word_1_739' title='bbox 727 4954 801 5027; x_wconf 91' lang='lat' dir='ltr'>quod</span> <span class='ocrx_word' id='word_1_740' title='bbox 817 4962 856 5010; x_wconf 89' lang='lat' dir='ltr'>ter</span> <span class='ocrx_word' id='word_1_741' title='bbox 870 4972 920 5028; x_wconf 91' lang='lat' dir='ltr'>per</span> <span class='ocrx_word' id='word_1_742' title='bbox 969 4957 1127 5028; x_wconf 90' lang='lat' dir='ltr'>pontilicum</span> <span class='ocrx_word' id='word_1_743' title='bbox 1142 4957 1266 5025; x_wconf 84' lang='lat' dir='ltr'>diffinivi,</span> <span class='ocrx_word' id='word_1_744' title='bbox 1289 4959 1421 5016; x_wconf 88' lang='lat' dir='ltr'>sicuttibi</span> <span class='ocrx_word' id='word_1_745' title='bbox 1436 4960 1538 5032; x_wconf 91' lang='lat' dir='ltr'>scripto</span> <span class='ocrx_word' id='word_1_746' title='bbox 1553 4960 1749 5016; x_wconf 84' lang='lat' dir='ltr'>veritateetat·</span> <span class='ocrx_word' id='word_1_747' title='bbox 1807 4959 1809 5020; x_wconf 77' lang='grc' dir='ltr'><strong><em>ζ</em></strong></span> 
     </span>
     <span class='ocr_line' id='line_1_55' title="bbox 117 5040 1809 5121; baseline 0.004 -24"><span class='ocrx_word' id='word_1_748' title='bbox 117 5050 173 5097; x_wconf 90' lang='lat' dir='ltr'>tres</span> <span class='ocrx_word' id='word_1_749' title='bbox 196 5040 369 5113; x_wconf 89' lang='lat' dir='ltr'>presbyteros</span> <span class='ocrx_word' id='word_1_750' title='bbox 391 5043 480 5112; x_wconf 90' lang='lat' dir='ltr'>ipsum</span> <span class='ocrx_word' id='word_1_751' title='bbox 499 5041 630 5099; x_wconf 89' lang='lat' dir='ltr'>clericum</span> <span class='ocrx_word' id='word_1_752' title='bbox 644 5044 678 5099; x_wconf 88' lang='lat' dir='ltr'>ad</span> <span class='ocrx_word' id='word_1_753' title='bbox 693 5051 766 5100; x_wconf 86' lang='lat' dir='ltr'>tuam</span> <span class='ocrx_word' id='word_1_754' title='bbox 786 5044 920 5116; x_wconf 83' lang='lat' dir='ltr'>synodum</span> <span class='ocrx_word' id='word_1_755' title='bbox 969 5046 1093 5102; x_wconf 90' lang='lat' dir='ltr'>ctoritate</span> <span class='ocrx_word' id='word_1_756' title='bbox 1108 5047 1224 5102; x_wconf 91' lang='lat' dir='ltr'>subnixo</span> <span class='ocrx_word' id='word_1_757' title='bbox 1246 5048 1391 5103; x_wconf 91' lang='lat' dir='ltr'>ostendam</span> <span class='ocrx_word' id='word_1_758' title='bbox 1414 5049 1476 5105; x_wconf 93' lang='lat' dir='ltr'>loco</span> <span class='ocrx_word' id='word_1_759' title='bbox 1490 5057 1518 5105; x_wconf 91' lang='lat' dir='ltr'>et</span> <span class='ocrx_word' id='word_1_760' title='bbox 1533 5057 1656 5121; x_wconf 89' lang='lat' dir='ltr'>tempore</span> <span class='ocrx_word' id='word_1_761' title='bbox 1668 5053 1748 5118; x_wconf 73' lang='lat' dir='ltr'>oppor-</span> <span class='ocrx_word' id='word_1_762' title='bbox 1806 5094 1809 5114; x_wconf 72' lang='lat'>,</span> 
     </span>
     <span class='ocr_line' id='line_1_56' title="bbox 117 5124 1809 5210; baseline 0.007 -23"><span class='ocrx_word' id='word_1_763' title='bbox 117 5130 211 5187; x_wconf 84' lang='lat' dir='ltr'>vocari</span> <span class='ocrx_word' id='word_1_764' title='bbox 232 5129 338 5200; x_wconf 89' lang='lat' dir='ltr'>jussisti</span> <span class='ocrx_word' id='word_1_765' title='bbox 362 5137 391 5185; x_wconf 90' lang='lat' dir='ltr'>ut</span> <span class='ocrx_word' id='word_1_766' title='bbox 412 5132 508 5187; x_wconf 90' lang='lat' dir='ltr'>reddat</span> <span class='ocrx_word' id='word_1_767' title='bbox 536 5133 668 5189; x_wconf 90' lang='lat' dir='ltr'>rationem</span> <span class='ocrx_word' id='word_1_768' title='bbox 693 5133 722 5188; x_wconf 90' lang='lat' dir='ltr'>ia</span> <span class='ocrx_word' id='word_1_769' title='bbox 736 5141 781 5189; x_wconf 91' lang='lat' dir='ltr'>tua</span> <span class='ocrx_word' id='word_1_770' title='bbox 803 5135 917 5206; x_wconf 90' lang='lat' dir='ltr'>synodo,</span> <span class='ocrx_word' id='word_1_771' title='bbox 969 5144 1034 5191; x_wconf 93' lang='lat' dir='ltr'>tuno</span> <span class='ocrx_word' id='word_1_772' title='bbox 1051 5135 1074 5190; x_wconf 96' lang='lat' dir='ltr'>si</span> <span class='ocrx_word' id='word_1_773' title='bbox 1088 5136 1241 5191; x_wconf 86' lang='lat' dir='ltr'>necessitas</span> <span class='ocrx_word' id='word_1_774' title='bbox 1256 5136 1346 5193; x_wconf 84' lang='lat' dir='ltr'>luerit.</span> <span class='ocrx_word' id='word_1_775' title='bbox 1370 5139 1442 5193; x_wconf 90' lang='lat' dir='ltr'>Nam</span> <span class='ocrx_word' id='word_1_776' title='bbox 1464 5137 1559 5210; x_wconf 89' lang='lat' dir='ltr'>plures</span> <span class='ocrx_word' id='word_1_777' title='bbox 1575 5129 1752 5195; x_wconf 70' lang='lat' dir='ltr'>ecclesiasta</span> <span class='ocrx_word' id='word_1_778' title='bbox 1804 5124 1809 5199; x_wconf 77' lang='lat' dir='ltr'>l</span> 
     </span>
     <span class='ocr_line' id='line_1_57' title="bbox 118 5218 1809 5302; baseline 0.002 -26"><span class='ocrx_word' id='word_1_779' title='bbox 118 5220 195 5289; x_wconf 78' lang='lat' dir='ltr'>quas</span> <span class='ocrx_word' id='word_1_780' title='bbox 210 5219 372 5276; x_wconf 90' lang='lat' dir='ltr'>auctoritate</span> <span class='ocrx_word' id='word_1_781' title='bbox 388 5219 530 5276; x_wconf 89' lang='lat' dir='ltr'>ecclesiam</span> <span class='ocrx_word' id='word_1_782' title='bbox 546 5220 573 5276; x_wconf 92' lang='lat' dir='ltr'>in</span> <span class='ocrx_word' id='word_1_783' title='bbox 587 5222 716 5295; x_wconf 88' lang='lat' dir='ltr'>parochia</span> <span class='ocrx_word' id='word_1_784' title='bbox 735 5230 780 5279; x_wconf 89' lang='lat' dir='ltr'>tua</span> <span class='ocrx_word' id='word_1_785' title='bbox 793 5224 917 5295; x_wconf 88' lang='lat' dir='ltr'>accepit:</span> <span class='ocrx_word' id='word_1_786' title='bbox 968 5221 995 5278; x_wconf 92' lang='lat' dir='ltr'>in</span> <span class='ocrx_word' id='word_1_787' title='bbox 1011 5240 1071 5280; x_wconf 90' lang='lat' dir='ltr'>mea</span> <span class='ocrx_word' id='word_1_788' title='bbox 1086 5225 1217 5297; x_wconf 89' lang='lat' dir='ltr'>parochia</span> <span class='ocrx_word' id='word_1_789' title='bbox 1232 5226 1266 5281; x_wconf 91' lang='lat' dir='ltr'>de</span> <span class='ocrx_word' id='word_1_790' title='bbox 1281 5226 1421 5302; x_wconf 90' lang='lat' dir='ltr'>episcopio</span> <span class='ocrx_word' id='word_1_791' title='bbox 1434 5226 1608 5284; x_wconf 79' lang='lat' dir='ltr'>laudunensi</span> <span class='ocrx_word' id='word_1_792' title='bbox 1621 5229 1656 5283; x_wconf 94' lang='lat' dir='ltr'>de</span> <span class='ocrx_word' id='word_1_793' title='bbox 1670 5223 1748 5299; x_wconf 81' lang='lat' dir='ltr'>quibu</span> <span class='ocrx_word' id='word_1_794' title='bbox 1807 5218 1809 5223; x_wconf 77' lang='grc'><strong>’</strong></span> 
     </span>
     <span class='ocr_line' id='line_1_58' title="bbox 117 5302 1750 5388; baseline 0.004 -27"><span class='ocrx_word' id='word_1_795' title='bbox 117 5308 189 5364; x_wconf 91' lang='lat' dir='ltr'>ande</span> <span class='ocrx_word' id='word_1_796' title='bbox 211 5307 258 5363; x_wconf 91' lang='lat' dir='ltr'>tibi</span> <span class='ocrx_word' id='word_1_797' title='bbox 272 5317 337 5381; x_wconf 91' lang='lat' dir='ltr'>pato</span> <span class='ocrx_word' id='word_1_798' title='bbox 353 5323 435 5381; x_wconf 88' lang='lat' dir='ltr'>supra</span> <span class='ocrx_word' id='word_1_799' title='bbox 450 5309 582 5365; x_wconf 89' lang='lat' dir='ltr'>rationem</span> <span class='ocrx_word' id='word_1_800' title='bbox 597 5311 713 5381; x_wconf 89' lang='lat' dir='ltr'>reddidi,</span> <span class='ocrx_word' id='word_1_801' title='bbox 729 5313 806 5382; x_wconf 85' lang='lat' dir='ltr'>cajus</span> <span class='ocrx_word' id='word_1_802' title='bbox 822 5321 918 5370; x_wconf 89' lang='lat' dir='ltr'>aucto·</span> <span class='ocrx_word' id='word_1_803' title='bbox 969 5329 1023 5369; x_wconf 92' lang='lat' dir='ltr'>non</span> <span class='ocrx_word' id='word_1_804' title='bbox 1038 5314 1086 5369; x_wconf 93' lang='lat' dir='ltr'>tibi</span> <span class='ocrx_word' id='word_1_805' title='bbox 1102 5330 1153 5370; x_wconf 90' lang='lat' dir='ltr'>nec</span> <span class='ocrx_word' id='word_1_806' title='bbox 1170 5314 1251 5372; x_wconf 89' lang='lat' dir='ltr'>alicui</span> <span class='ocrx_word' id='word_1_807' title='bbox 1266 5323 1374 5372; x_wconf 91' lang='lat' dir='ltr'>tuorum</span> <span class='ocrx_word' id='word_1_808' title='bbox 1387 5315 1474 5372; x_wconf 91' lang='lat' dir='ltr'>allum</span> <span class='ocrx_word' id='word_1_809' title='bbox 1484 5316 1669 5388; x_wconf 73' lang='lat' dir='ltr'>prejudicium</span> <span class='ocrx_word' id='word_1_810' title='bbox 1682 5302 1750 5368; x_wconf 66' lang='lat' dir='ltr'>intulit</span> 
     </span>
     <span class='ocr_line' id='line_1_59' title="bbox 118 5395 1753 5479; baseline 0.007 -30"><span class='ocrx_word' id='word_1_811' title='bbox 118 5395 205 5463; x_wconf 83' lang='lat' dir='ltr'>ritate,</span> <span class='ocrx_word' id='word_1_812' title='bbox 244 5405 271 5453; x_wconf 93' lang='lat' dir='ltr'>et</span> <span class='ocrx_word' id='word_1_813' title='bbox 305 5413 359 5471; x_wconf 89' lang='lat' dir='ltr'>qua</span> <span class='ocrx_word' id='word_1_814' title='bbox 395 5397 499 5455; x_wconf 86' lang='lat' dir='ltr'>ratione</span> <span class='ocrx_word' id='word_1_815' title='bbox 526 5400 682 5470; x_wconf 87' lang='lat' dir='ltr'>praedictam</span> <span class='ocrx_word' id='word_1_816' title='bbox 718 5402 863 5459; x_wconf 89' lang='lat' dir='ltr'>ecclesiam</span> <span class='ocrx_word' id='word_1_817' title='bbox 890 5403 918 5459; x_wconf 89' lang='lat' dir='ltr'>in</span> <span class='ocrx_word' id='word_1_818' title='bbox 967 5419 1057 5474; x_wconf 92' lang='lat' dir='ltr'>neque</span> <span class='ocrx_word' id='word_1_819' title='bbox 1071 5403 1171 5459; x_wconf 83' lang='lat' dir='ltr'>inferre</span> <span class='ocrx_word' id='word_1_820' title='bbox 1199 5404 1272 5471; x_wconf 85' lang='lat' dir='ltr'>volo,</span> <span class='ocrx_word' id='word_1_821' title='bbox 1290 5405 1423 5477; x_wconf 89' lang='lat' dir='ltr'>quianon</span> <span class='ocrx_word' id='word_1_822' title='bbox 1447 5405 1753 5479; x_wconf 67' lang='lat' dir='ltr'>dehemetqraaexw</span> 
     </span>
    </p>
   </div>
   <div class='ocr_carea' id='block_1_3' title="bbox 117 5484 1752 5577">
    <p class='ocr_par' dir='ltr' id='par_1_6' title="bbox 117 5484 1752 5577">
     <span class='ocr_line' id='line_1_60' title="bbox 117 5484 1752 5577; baseline 0.012 -37"><span class='ocrx_word' id='word_1_823' title='bbox 117 5484 249 5562; x_wconf 88' lang='lat' dir='ltr'>parochia</span> <span class='ocrx_word' id='word_1_824' title='bbox 272 5492 315 5542; x_wconf 87' lang='lat' dir='ltr'>tua</span> <span class='ocrx_word' id='word_1_825' title='bbox 340 5487 468 5563; x_wconf 88' lang='lat' dir='ltr'>suscepit,</span> <span class='ocrx_word' id='word_1_826' title='bbox 493 5503 575 5566; x_wconf 87' lang='lat' dir='ltr'>qnam</span> <span class='ocrx_word' id='word_1_827' title='bbox 598 5490 624 5546; x_wconf 92' lang='lat' dir='ltr'>ei</span> <span class='ocrx_word' id='word_1_828' title='bbox 638 5506 688 5566; x_wconf 89' lang='lat' dir='ltr'>per</span> <span class='ocrx_word' id='word_1_829' title='bbox 705 5499 780 5550; x_wconf 85' lang='lat' dir='ltr'>tanta</span> <span class='ocrx_word' id='word_1_830' title='bbox 794 5498 918 5566; x_wconf 88' lang='lat' dir='ltr'>tempora</span> <span class='ocrx_word' id='word_1_831' title='bbox 967 5501 1041 5576; x_wconf 84' lang='lat' dir='ltr'>pella</span> <span class='ocrx_word' id='word_1_832' title='bbox 1056 5501 1090 5558; x_wconf 89' lang='lat' dir='ltr'>de</span> <span class='ocrx_word' id='word_1_833' title='bbox 1104 5517 1157 5577; x_wconf 89' lang='lat' dir='ltr'>qna</span> <span class='ocrx_word' id='word_1_834' title='bbox 1170 5503 1304 5562; x_wconf 85' lang='lat' dir='ltr'>mandasti</span> <span class='ocrx_word' id='word_1_835' title='bbox 1318 5510 1372 5562; x_wconf 82' lang='lat' dir='ltr'>tuae</span> <span class='ocrx_word' id='word_1_836' title='bbox 1388 5503 1539 5565; x_wconf 84' lang='lat' dir='ltr'>intentioni</span> <span class='ocrx_word' id='word_1_837' title='bbox 1551 5518 1608 5563; x_wconf 83' lang='lat' dir='ltr'>nott</span> <span class='ocrx_word' id='word_1_838' title='bbox 1620 5499 1708 5570; x_wconf 80' lang='lat' dir='ltr'>amul,</span> <span class='ocrx_word' id='word_1_839' title='bbox 1718 5504 1752 5552; x_wconf 74' lang='lat' dir='ltr'>tt·</span> 
     </span>
    </p>
   </div>
   <div class='ocr_carea' id='block_1_4' title="bbox 0 0 1902 6104">
    <p class='ocr_par' dir='ltr' id='par_1_7' title="bbox 0 0 1902 6104">
     <span class='ocr_line' id='line_1_61' title="bbox 0 0 1902 6104; baseline 0 0"><span class='ocrx_word' id='word_1_840' title='bbox 0 0 1902 6104; x_wconf 95' lang='lat' dir='ltr'> </span> 
     </span>
    </p>
   </div>
  </div>
 </body>
</html>
