3794 6104
177 209 228 262 tre
560 166 567 181 '
663 205 832 262 nvucuxar
860 202 1061 260 armamusrs
1087 205 1364 263 uncurnrvscorr.
1791 212 1843 263 reo

178 330 347 398 bonifacius,
364 344 397 388 ac
411 331 504 388 caeteri
523 345 608 388 sacrae
632 330 705 387 sedis
727 330 855 389 annana
868 327 1111 400 pontifi-Anione
1132 331 1176 387 vel
1203 331 1351 402 prasentia
1374 332 1545 399 subtraxero,
1570 332 1668 389 dicunt
1690 333 1842 390 secundum

178 435 228 476 ces
242 419 271 474 in
285 418 403 476 decretis
417 420 474 476 suis
488 435 522 476 ex
536 419 623 476 sacris
637 419 787 475 canonibus
800 417 981 490 promulgatis
1031 418 1175 475 concilium
1199 419 1356 476 Africanum
1380 421 1455 487 (can.
1484 421 1557 494 too),
1585 421 1710 493 quandiu
1732 421 1842 478 illinon

179 506 285 574 dicunt,
317 522 486 581 unaquaque
517 508 659 581 provincia
691 522 741 562 suo
770 507 980 578 metropolitano
1031 507 1279 575 communicavero,
1294 515 1325 564 ut
1338 508 1405 564 mibi
1420 509 1456 565 ab
1471 509 1524 564 illis
1541 524 1597 565 non
1621 510 1843 566 communicetur

182 594 264 652 debet
279 609 341 651 esse
365 603 503 653 contenta.
528 597 568 652 De
580 597 634 652 hoc
648 595 721 667 quod
740 595 898 667 scripsistis,
914 601 943 649 ut
957 593 981 649 si
1031 594 1178 665 episcopis.
1195 596 1350 652 Praesertim
1364 612 1427 652 oum
1441 597 1500 668 ipse
1516 613 1563 652 rex
1578 613 1609 652 sc
1622 596 1768 670 perjurum
1778 614 1840 653 esse

182 683 242 757 ipse
257 699 306 739 rex
320 683 434 740 Carolus
448 684 477 739 in
491 682 680 740 obstinationis
704 699 760 740 suae
781 681 896 755 perfidia
918 689 980 753 post
1030 682 1158 756 deneget,
1175 699 1205 739 se
1219 683 1377 740 invasorem
1398 684 1510 740 alterins
1532 693 1559 740 et
1579 701 1637 741 non
1651 685 1686 740 ad
1703 701 1734 741 se
1753 686 1840 758 perti-

182 785 273 828 meam
286 771 494 829 conventionem
507 772 653 842 persistere
666 771 800 841 maluerit,
817 786 897 842 quarn
905 771 981 840 juxta
1031 771 1119 826 nentis
1133 771 1211 842 regni
1226 771 1380 839 diffiteatur,
1396 789 1427 830 se
1441 781 1587 845 tyrannum
1610 788 1667 830 non
1688 790 1753 831 esse
1772 790 1839 831 con-

180 867 272 916 vestra
286 860 388 915 monita
402 860 576 931 resipiscere,
592 859 627 916 ab
642 859 715 914 illius
730 874 774 914 me
789 859 981 916 communione
1031 858 1129 925 firmet,
1160 876 1189 914 se
1227 861 1385 917 haereticum
1411 862 1455 918 vol
1484 861 1702 930 schismaticum,
1740 863 1839 937 quibus

181 955 262 1019 atqua
283 948 419 1004 consortio
438 956 616 1020 sequestrem,
642 956 669 1003 et
690 947 840 1003 secundum
868 955 980 1018 aposto·
1031 947 1170 1018 apostolus
1192 964 1243 1004 nec
1268 963 1319 1003 ave
1343 965 1360 1004 a
1383 966 1521 1022 quoquam
1544 950 1600 1007 dici
1623 951 1768 1023 praecepit,
1786 967 1839 1008 non

182 1035 238 1092 lum
254 1053 261 1092 τ
277 1038 315 1093 Nc
330 1054 379 1093 cve
393 1038 420 1093 ei
434 1038 527 1094 dicam
542 1038 633 1101 (loon.
650 1052 670 1102 1,
688 1037 743 1107 to),
760 1036 783 1092 si
797 1044 981 1093 vestraecom-
1031 1051 1092 1090 esse
1116 1034 1276 1092 confiteatur
1302 1055 1308 1090 :
1333 1037 1383 1092 sed
1405 1037 1578 1094 confessione
1602 1046 1688 1095 rectae
1712 1038 1788 1105 fidei,
1813 1048 1839 1096 et

182 1125 318 1181 munionis
332 1124 396 1181 volo
404 1140 465 1180 esse
480 1125 627 1195 particeps,
642 1124 815 1195 presentiam
826 1125 884 1194 ejus
892 1125 981 1181 modis
1030 1123 1201 1194 amplexione
1222 1124 1416 1182 ecclesiastica
1439 1126 1524 1197 pacis,
1541 1143 1571 1181 se
1587 1125 1757 1184 catholicum
1771 1136 1798 1184 et
1813 1128 1839 1183 in

182 1213 309 1270 omnibus
319 1213 519 1279 devitem,cum
528 1229 629 1286 magno
637 1212 828 1268 cordisdolore
838 1229 869 1269 ae
878 1214 981 1286 gemitu
1031 1228 1097 1283 paco
1122 1213 1309 1270 ecclesiastiea
1328 1229 1441 1270 manere
1464 1223 1490 1270 et
1512 1230 1679 1287 permanere
1701 1216 1774 1273 velle
1789 1216 1838 1273 de-

179 1300 251 1367 dico,
278 1301 406 1372 quoniam
428 1308 455 1356 et
480 1300 660 1357 ecclesiastici
673 1309 701 1356 et
715 1301 855 1357 saecularis
876 1302 981 1357 ordinis
1030 1309 1160 1356 monstret
1179 1317 1185 1355 :
1202 1309 1230 1357 et
1243 1302 1393 1358 secuudum
1415 1302 1493 1376 leges
1507 1319 1540 1359 ac
1554 1318 1687 1371 canones,
1716 1321 1837 1377 praesens

181 1390 242 1454 viri,
260 1389 306 1461 qui
321 1389 436 1444 diversis
450 1388 485 1444 de
499 1390 593 1462 regnis
603 1389 714 1446 Rhamis
727 1390 862 1446 civitatem
872 1390 980 1462 plurimi
1030 1388 1182 1458 injudicio,
1198 1391 1293 1445 autad
1315 1391 1424 1461 objecta
1446 1393 1624 1463 respondero,
1651 1402 1701 1448 aut
1725 1394 1837 1464 objectis

183 1477 371 1545 convenerint,
388 1492 456 1549 quos
475 1478 632 1534 mandatum
655 1487 775 1535 vestrum
799 1479 901 1535 ibidem
915 1480 982 1535 mihi
1031 1477 1166 1543 convinci,
1183 1495 1212 1533 se
1228 1494 1282 1533 non
1297 1478 1425 1550 reingere
1440 1480 1520 1535 dicat.
1536 1481 1569 1535 Et
1584 1489 1612 1536 ut
1627 1481 1663 1536 de
1679 1483 1761 1555 regia
1776 1500 1837 1554 per-

184 1564 315 1635 delatum,
333 1565 394 1637 quia
409 1581 464 1622 non
479 1567 580 1631 debuit,
594 1567 679 1623 latere
694 1582 750 1623 non
763 1568 858 1638 potuit,
876 1568 982 1641 exigui-
1031 1580 1107 1634 sona,
1123 1567 1257 1638 inquiunt,
1274 1567 1444 1636 reticeamus,
1462 1584 1512 1624 nec
1527 1569 1596 1625 sicut
1611 1570 1765 1642 quemlibet
1779 1571 1837 1642 ple·

183 1653 232 1709 tati
246 1669 325 1721 meae,
341 1654 386 1726 qui
401 1663 531 1727 quantum
546 1656 612 1711 scivi
624 1663 651 1710 et
663 1656 740 1726 potui
754 1672 861 1728 semper
875 1665 1017 1739 apostoB
1033 1655 1124 1710 beinm
1148 1655 1192 1710 rel
1211 1655 1290 1711 liberi
1313 1657 1409 1727 capitis
1432 1657 1529 1723 virum,
1546 1658 1574 1713 iri
1589 1658 1649 1713 istis
1665 1660 1836 1732 regionibus,

183 1741 245 1799 licae
258 1742 331 1798 sedis
342 1742 619 1816 privilegiumextuli,
632 1745 840 1816 improperando
855 1745 982 1801 dixerunt
1033 1744 1183 1798 secundum
1198 1744 1398 1801 ecclesiasticas
1423 1746 1533 1818 regulas
1548 1753 1574 1801 ot
1590 1747 1745 1803 secundum
1764 1747 1837 1819 leges

184 1837 212 1887 et
235 1830 327 1886 dicunt
344 1832 512 1903 :Nunquam
535 1832 690 1901 hujusmodi
711 1833 924 1904 preceptionem
947 1834 982 1889 ab
1032 1831 1164 1903 publicas,
1194 1832 1270 1887 illurn
1298 1841 1455 1888 accusatum
1481 1834 1525 1889 vcl
1546 1843 1643 1906 sponte
1668 1837 1836 1903 confessum,

184 1917 230 1974 illa
250 1919 316 1975 aede
339 1919 387 1975 ulli
405 1919 582 1976 decessorum
602 1936 727 1976 meorum
750 1921 863 1977 missam
886 1921 982 1993 fuisse,
1033 1928 1078 1975 aut
1093 1921 1215 1993 legaiiter
1229 1936 1262 1977 ac
1277 1921 1438 1992 regulariter
1461 1929 1554 1994 aperte
1578 1924 1738 1980 convictum
1762 1926 1836 1980 audi-

186 2022 249 2064 cum
269 2007 339 2063 inter
359 2023 439 2081 reges
462 2009 642 2065 sacramentis
666 2010 746 2065 etiarn
771 2009 980 2078 conledoeratos,
1033 2010 1134 2064 vinrus.
1151 2009 1205 2065 Sed
1221 2009 1247 2063 ln
1263 2009 1340 2064 libris
1355 2010 1400 2065 illa
1415 2012 1480 2066 satis
1492 2011 1634 2067 notissima
1644 2013 1679 2067 ad
1689 2012 1835 2087 legendum

186 2095 319 2151 sedinter
334 2105 439 2168 patrem
453 2096 573 2166 etfilios,
589 2113 622 2154 ac
637 2098 706 2154 iuter
728 2099 828 2154 fratros
849 2099 942 2170 praelia
957 2107 984 2154 et
1034 2097 1120 2153 oculis
1143 2097 1281 2169 ingerunt,
1305 2098 1420 2169 qualiter
1441 2115 1560 2171 proavus
1589 2117 1656 2155 suus
1687 2103 1836 2174 Pipinusa

186 2183 334 2241 seditiones
357 2200 453 2241 eorum
475 2186 643 2257 temporibus
663 2187 746 2241 luisse
775 2195 928 2243 noscantur.
950 2189 984 2243 Et
1035 2187 1173 2256 Stephano
1188 2186 1273 2256 ipsius
1288 2187 1417 2241 auxilium
1432 2196 1551 2259 petente,
1568 2198 1596 2243 et
1609 2205 1661 2260 pro
1674 2189 1834 2247 liberatione

186 2272 246 2328 aliis
260 2274 382 2344 peccatis
394 2273 464 2329 mais
478 2283 582 2344 reputo,
599 2290 643 2330 me
657 2275 709 2331 hac
719 2275 875 2330 intentionis
885 2283 984 2333 vestrae
1034 2275 1165 2330 Romanae
1180 2274 1310 2330 Ecclesiae
1325 2275 1353 2329 in
1368 2275 1485 2331 Galliam
1499 2277 1636 2342 veniente,
1653 2277 1683 2333 in
1698 2295 1796 2352 regom
1805 2280 1836 2334 sit

186 2361 396 2417 comminatione
417 2361 591 2432 singulariter
605 2363 639 2417 ab
653 2363 814 2419 auctoritate
828 2373 919 2419 vestra
935 2365 984 2419 im·
1035 2370 1140 2428 unctus,
1167 2380 1228 2418 cum
1251 2364 1339 2419 adhuc
1361 2365 1476 2437 degeret
1496 2366 1620 2421 Romana
1641 2367 1771 2423 Ecclesia
1790 2369 1835 2423 sub

187 2448 310 2521 petitum,
327 2464 389 2505 cum
403 2457 518 2505 caeteros
543 2449 686 2521 episcopos
710 2451 788 2524 regni
803 2452 854 2517 sui,
876 2452 984 2508 confra—
1035 2452 1145 2507 nomino
1160 2460 1186 2506 et
1200 2467 1254 2507 non
1269 2452 1368 2508 auxilio
1383 2452 1550 2508 defensionis
1575 2455 1736 2511 Graecorum
1750 2456 1836 2528 impe·

188 2544 244 2593 tres
259 2537 402 2594 scilicetet
416 2539 626 2595 consacerdotes
640 2555 726 2606 meos,
750 2548 854 2595 tanturn
868 2556 984 2597 monue-
1034 2541 1140 2607 ratoris,
1171 2549 1198 2595 et
1224 2541 1296 2595 idern
1330 2541 1440 2611 Pipinus
1466 2557 1522 2598 non
1554 2544 1835 2600 excommunicatione

187 2625 257 2694 ritis,
284 2626 483 2698 increpueritis,
513 2627 709 2701 redargueritis
735 2636 762 2683 et
789 2628 981 2699 instruxeritis,
1035 2628 1193 2699 apostolica,
1219 2629 1267 2683 sed
1291 2630 1389 2685 virtute
1413 2630 1514 2695 hostili,
1531 2631 1696 2686 Haistullum
1711 2634 1836 2706 qualern-

188 2722 349 2772 nontamen
368 2716 495 2772 sicutme
509 2715 571 2771 illos
586 2717 620 2772 de
634 2716 840 2788 participatione
863 2733 984 2773 commu·
1035 2733 1142 2789 cunque
1171 2733 1267 2790 regem
1289 2718 1469 2773 Christianum
1496 2720 1643 2791 oppressit,
1674 2728 1702 2776 et
1730 2722 1836 2778 ltaliam

186 2803 276 2859 nionis
297 2812 396 2860 vestrae
419 2804 575 2860 intentando
598 2805 759 2861 comminari
780 2805 913 2873 voluistis,
935 2822 986 2865 nee
1035 2805 1147 2872 domuit,
1164 2814 1244 2878 atque
1255 2805 1374 2876 justitias
1388 2807 1473 2863 sancti
1488 2807 1560 2863 Petri
1574 2807 1701 2864 obtinuit.

188 2891 270 2947 etiarn
285 2892 404 2963 eosqui,
419 2892 690 2963 utquidamdicunt,
706 2908 800 2965 regern
821 2901 944 2949 uostmm
957 2896 992 2950 in.
1071 2894 1198 2950 Similiter
1219 2903 1246 2949 ct
1269 2911 1329 2966 quan
1353 2911 1421 2951 avus
1449 2896 1507 2964 cius
1530 2897 1643 2952 Carolus
1668 2899 1839 2970 temporibus

188 2994 305 3051 regnum
328 2979 466 3052 quondam
488 2981 607 3036 lotharii
630 2997 679 3052 pro
694 2995 744 3037 sua
766 2982 930 3038 necessitate
944 2984 984 3039 in·
996 3031 1021 3094 C
1035 2983 1147 3038 Adriani
1163 2990 1189 3039 et
1203 2983 1337 3038 Desiderii
1352 2984 1429 3056 regis
1444 2984 1690 3057 Longobardorum
1700 2989 1800 3061 egerit,
1817 2996 1842 3044 et

188 3067 348 3138 vitaverunt,
366 3075 392 3124 et
406 3070 525 3125 honoros
540 3086 572 3124 ex
587 3070 684 3126 eodem
699 3085 786 3142 regno
800 3069 984 3140 obtinuerunt,
1037 3071 1175 3143 quomodo
1187 3071 1356 3142 patriciatum
1376 3072 1528 3128 Romanum
1552 3074 1681 3146 suscepit,
1699 3076 1839 3148 quomodo

189 3171 277 3229 neque
304 3155 367 3212 illos
395 3157 440 3230 qui
464 3158 577 3229 regibus
600 3166 627 3214 et
650 3174 800 3231 regnorum
823 3158 987 3229 primoribus
1037 3159 1119 3215 etiarn
1133 3160 1302 3230 temporibus
1321 3161 1418 3215 Leonis
1442 3178 1519 3232 pape
1541 3177 1641 3218 nomen
1664 3163 1839 3236 imperatoris

188 3244 260 3307 sicut
280 3261 333 3319 ego
356 3251 475 3303 vestram
497 3247 708 3319 preceptionem
722 3254 749 3303 et
763 3247 797 3302 de
816 3246 876 3317 ipso
900 3264 987 3321 regno
1036 3250 1151 3319 adeptus
1165 3247 1225 3316 fuit,
1239 3256 1265 3303 et
1281 3264 1342 3321 quac
1357 3249 1384 3303 in
1399 3249 1485 3316 ltalia,
1501 3258 1528 3305 et
1543 3259 1645 3322 quanta
1659 3268 1728 3325 erga
1743 3252 1840 3309 liorna·

188 3334 407 3392 interdictionem
438 3351 493 3391 non
530 3336 730 3405 intimavemnt,
759 3343 785 3391 et
811 3352 844 3392 ex
872 3337 986 3392 adverso
1037 3352 1101 3393 narn
1125 3337 1276 3392 Ecclesiam
1300 3336 1413 3404 facerit,
1430 3346 1456 3393 et
1479 3338 1615 3410 quomodo
1641 3341 1798 3412 Stephanus
1812 3342 1839 3398 in

188 3424 369 3480 ascendentes
391 3439 446 3481 non
470 3425 624 3482 restitemnt
637 3435 667 3481 ut
681 3441 744 3499 ego,
768 3427 815 3498 qui
836 3425 987 3482 secundum
1037 3425 1174 3499 Belgicam
1190 3425 1312 3492 veniens,
1329 3434 1356 3481 et
1370 3426 1466 3482 Ehemi
1480 3435 1587 3498 patrem
1602 3444 1681 3483 suurn
1692 3428 1838 3501 imperato·

188 3513 261 3585 quod
275 3513 350 3584 potui
363 3513 512 3584 jussionem
524 3524 643 3571 vestram
652 3514 787 3586 perficere
796 3514 951 3587 procurari,
960 3523 987 3571 et
1038 3530 1095 3569 rem
1119 3529 1253 3570 coronans
1277 3515 1442 3582 sacraverit;
1468 3525 1495 3571 et
1519 3517 1656 3588 quomodo
1685 3518 1839 3591 Gregorius

187 3601 253 3657 nibil
268 3602 453 3668 emolumenti,
470 3611 496 3659 et
513 3611 643 3674 quantum
657 3620 753 3675 passus
765 3611 807 3660 est
817 3604 895 3674 pedis
907 3603 935 3659 in
943 3619 986 3661 re·
1037 3602 1183 3674 subreptus
1206 3618 1267 3658 cnm
1292 3603 1418 3659 Lotlrario
1442 3612 1519 3675 patre
1543 3620 1592 3660 suo
1616 3615 1789 3678 repugnante
1811 3609 1839 3663 iu

188 3690 239 3747 bus
254 3691 420 3763 cumplures
435 3708 468 3747 ex
483 3691 606 3747 Ecclesia
620 3692 687 3747 mihi
695 3692 842 3749 commissa
851 3692 987 3748 diuturnis
1037 3691 1180 3746 Franciam
1196 3691 1279 3757 venit,
1306 3699 1332 3746 et
1353 3706 1405 3762 pax
1429 3701 1524 3763 postea
1536 3692 1564 3747 in
1583 3694 1698 3750 Francia
1713 3702 1744 3750 ut
1758 3704 1839 3753 antea

186 3781 355 3850 temporibus
377 3780 519 3835 abstractae
544 3780 571 3834 in
595 3781 691 3835 eodem
716 3796 801 3854 regno
823 3781 984 3850 habeantur,
1037 3795 1092 3834 non
1107 3778 1165 3845 luit,
1184 3787 1210 3834 et
1223 3780 1283 3850 ipse
1303 3796 1373 3852 papa
1396 3795 1458 3836 cum
1473 3781 1519 3835 tali
1534 3781 1638 3838 bonore
1653 3782 1723 3838 sicut
1738 3784 1838 3841 decue-

187 3882 239 3925 nec
252 3867 325 3923 aliud
340 3867 522 3940 quodcunque
538 3870 720 3935 commodum,
732 3869 784 3925 nisi
795 3868 987 3940 impedimenta
1036 3876 1078 3923 rat
1092 3877 1119 3922 et
1133 3867 1174 3922 sui
1188 3876 1377 3924 antecessores
1391 3867 1523 3936 lecerunt,
1546 3871 1660 3926 Romam
1675 3887 1731 3927 non
1745 3874 1836 3930 rediit.

189 3965 215 4011 et
229 3955 373 4028 dispendia
387 3956 439 4012 sim
454 3957 579 4028 adeptus.
1036 3958 1071 4012 Et
1091 3965 1247 4028 computant
1268 3965 1369 4029 quanta
1391 3957 1442 4012 iste
1466 3959 1501 4012 ab
1526 3957 1661 4030 episcopis
1689 3968 1716 4016 et
1736 3963 1839 4033 populo

223 4043 278 4100 Sed
286 4045 418 4100 etdomno
427 4053 521 4101 nostro
531 4045 590 4117 regi
599 4045 695 4103 Carolo
703 4047 985 4122 adexaggerationem
1037 4047 1082 4118 qui
1095 4062 1188 4117 regern
1211 4061 1265 4100 non
1288 4045 1435 4111 habebant,
1452 4054 1477 4102 et
1491 4060 1507 4100 a
1521 4047 1636 4118 paganis
1658 4055 1685 4102 et
1701 4049 1839 4107 seditiosis

188 4132 315 4190 dicituro
330 4132 502 4204 quibusdam,
527 4134 600 4208 quod
624 4151 675 4192 nec
688 4151 740 4207 pro
763 4136 903 4205 lothario,
916 4136 986 4194 sicut
1036 4135 1243 4206 impetebantur,
1275 4135 1302 4188 iu
1330 4150 1445 4207 regnum
1473 4135 1545 4206 quod
1572 4135 1716 4192 Lotbarius
1742 4138 1839 4194 hebuit

188 4221 334 4278 multorum
354 4229 427 4279 certa
450 4223 554 4291 notitia,
571 4233 598 4279 et
611 4223 729 4282 infantes
743 4225 807 4282 iude
821 4226 906 4299 geniti
921 4242 986 4297 pro·
1036 4224 1165 4280 invitatus
1186 4222 1346 4278 exordinata
1367 4214 1555 4279 ordinaverit:
1573 4232 1599 4278 et
1613 4223 1707 4281 dicunt
1722 4228 1838 4282 saecula-

187 4311 276 4368 testati
299 4318 371 4381 sunt,
394 4312 504 4384 publico
533 4313 665 4370 adulterio
695 4315 833 4381 denotato,
864 4321 889 4370 et
912 4315 986 4388 apud
1036 4329 1094 4368 rom
1117 4312 1280 4383 scripturam
1301 4311 1401 4381 dicore,
1419 4311 1483 4384 quia
1504 4327 1583 4367 omne
1607 4328 1725 4386 regnum
1746 4315 1840 4372 saeculi

187 4402 282 4458 sedern
305 4402 482 4474 apostolicam
508 4411 645 4470 accusato,
661 4404 689 4458 in
703 4405 780 4474 ornus
804 4411 882 4475 parte
907 4390 1019 4478 regniD
1033 4402 1114 4473 hujus
1136 4401 1215 4456 bellis
1239 4400 1379 4473 quaritur,
1403 4400 1523 4456 victoriis
1546 4409 1723 4473 propagatur,
1742 4412 1838 4461 elnon

186 4506 242 4547 non
255 4489 345 4547 solum
366 4507 432 4562 pars
452 4491 590 4558 dioecesis,
613 4508 707 4548 verum
722 4500 751 4549 et
763 4507 827 4565 pars
849 4493 986 4565 parochiae
1035 4490 1176 4563 apostolici
1204 4490 1247 4546 vel
1280 4490 1471 4561 episcoporum
1508 4490 1838 4549 excommunicationibus

187 4595 256 4636 meae
270 4580 414 4650 conjacuit,
430 4579 511 4636 talem
532 4580 743 4651 praeceptionem
755 4589 782 4637 et
794 4580 985 4637 comminatio·
1036 4580 1182 4646 obtinetur,
1198 4587 1224 4635 et
1240 4579 1407 4649 scripturam
1423 4577 1542 4633 divinam
1557 4587 1711 4649 proponunt
1724 4580 1837 4637 dicere:

187 4683 251 4723 nem
272 4668 307 4723 ab
329 4676 501 4726 antecessore
522 4675 613 4724 vestro
636 4667 725 4724 nullus
749 4669 940 4741 cpiscoporum
958 4669 987 4724 in
1038 4667 1273 4736 Qninllominiest
1283 4683 1411 4739 reprcunt,
1419 4683 1562 4739 perque-m
1572 4683 1650 4736 repes
1661 4673 1799 4740 reprcunt,
1809 4674 1837 4726 ct

187 4754 240 4810 isto
268 4771 355 4827 regno
385 4758 532 4831 acceperit,
557 4772 608 4815 nec
633 4757 712 4813 etiam
728 4757 762 4812 ab
783 4758 985 4827 hereticorum,
1037 4757 1084 4812 cui
1098 4757 1219 4812 voluerit
1230 4755 1279 4809 dcl
1290 4755 1363 4810 illud
1378 4755 1470 4826 (Psnl.
1482 4770 1544 4822 xxv,
1554 4758 1698 4822 293Proo.
1709 4772 1771 4824 vrrr,
1786 4762 1837 4826 15,

187 4840 231 4897 vel
258 4842 502 4914 schismaticorum,
530 4846 587 4903 sive
610 4845 813 4919 tyrannicorum
836 4846 986 4917 imperato·
1037 4846 1110 4900 Dan.
1132 4859 1170 4913 rv,
1195 4844 1240 4912 29)
1257 4861 1264 4908 3
1280 4843 1428 4899 ministerio
1450 4842 1610 4915 angolorum
1634 4851 1661 4899 et
1684 4845 1837 4900 hominurn.

187 4943 249 4984 rum
263 4943 295 4984 ac
309 4945 415 5002 regum,
431 4935 525 5006 quales
539 4934 648 4991 luemnt
662 4933 836 4992 Constantius
861 4935 985 5000 brianus,
1038 4931 1143 5002 Quibus
1159 4947 1220 4988 cum
1235 4931 1320 4987 verba
1333 4932 1405 4987 beati
1422 4931 1517 4988 iacobi
1532 4933 1648 5002 apostoli
1663 4935 1836 5004 opponimus,

188 5031 222 5074 ac
235 5022 360 5089 apostata
371 5020 503 5087 lulianus,
520 5033 546 5078 et
561 5025 692 5081 hlaximus
706 5031 849 5096 tyrannus,
866 5039 988 5094 praesen·
1037 5020 1172 5077 dicentis:
1192 5020 1266 5077 Unde
1282 5020 1355 5076 bella
1364 5025 1392 5076 el
1403 5022 1467 5076 litas
1480 5021 1557 5076 inter
1568 5038 1613 5077 voa
1622 5025 1633 5076 ?
1643 5022 1742 5078 Nonne
1754 5024 1840 5079 hinc?

188 5105 225 5161 tia
239 5113 266 5162 et
280 5104 441 5162 salutatione
456 5109 506 5164 sivi
523 5113 713 5178 collocutione,
734 5112 808 5168 sedis
831 5110 989 5183 apostolicae
1039 5111 1067 5166 id
1080 5118 1169 5166 estex
1191 5110 1427 5182 corvcnpiscentiis
1450 5111 1562 5177 vestris,
1579 5126 1639 5182 qaue
1659 5111 1836 5167 militantia

189 5193 341 5266 pontifices,
359 5194 402 5251 vel
417 5195 463 5251 alii
476 5212 584 5268 magnae
602 5200 769 5258 auctoritatis
790 5208 870 5274 atque
886 5201 989 5257 sancti·
1039 5199 1171 5254 membris
1186 5199 1310 5253 vestris?
1333 5199 1461 5269 liliqatis
1485 5202 1513 5253 et
1537 5198 1719 5269 belligeratis,
1737 5204 1766 5255 et
1779 5216 1836 5256 non

189 5283 253 5338 tatis
267 5283 397 5355 episcopi,
414 5298 476 5342 cum
491 5283 566 5341 locus
580 5295 607 5343 et
619 5290 690 5347 ratio
705 5306 739 5346 ac
752 5305 836 5347 causa
850 5289 943 5364 exigit,
960 5304 990 5345 se
1040 5288 1156 5353 habetis,
1180 5291 1329 5359 propterea
1350 5286 1421 5358 quod
1444 5303 1499 5342 non
1525 5287 1676 5354 postulatis
1700 5288 1770 5358 (loc.
1797 5303 1834 5357 rv,

190 5370 359 5429 subtraxisse
391 5374 528 5448 leguntur.
557 5375 592 5430 Et
622 5378 655 5442 si,
681 5379 741 5434 aliis
768 5379 904 5451 episcopis
930 5379 990 5452 regi
1041 5380 1066 5439 l.
1082 5375 1120 5446 2)-

191 5466 286 5517 nostro
300 5463 575 5532 communicantibus,
590 5483 644 5542 ego
661 5482 706 5523 me
720 5467 753 5522 ab
777 5467 851 5525 illius
865 5484 989 5527 commu·
1073 5465 1106 5520 Et
1117 5464 1188 5535 ideo,
1201 5465 1388 5538 petebamini
1397 5468 1576 5535 ostrearum,
1587 5468 1616 5520 ct
1624 5480 1675 5537 per
1684 5481 1751 5524 cum
1760 5482 1836 5538 repes
