3794 6104
125 130 177 185 739
763 123 912 183 toaNNIS
940 123 1036 182 Phra
1065 128 1136 186 v111.
1725 134 1773 190 'tlt

125 253 233 310 tualiter
247 251 406 309 habeantur.
423 251 537 322 Insuper
546 251 688 306 statuimus
696 250 783 318 vobis,
793 258 820 307 ct
828 257 920 306 aucto·
934 248 1027 309 Atem
1043 261 1068 309 et
1083 255 1118 310 ad
1132 254 1285 326 proiectum
1306 257 1417 314 honoris
1441 263 1543 314 sancta
1563 263 1618 313 taae
1640 256 1771 328 pertinere

125 343 202 398 ritate
223 339 374 414 apostolica
396 340 557 406 stabilimus,
586 347 614 394 ut
635 340 709 408 juxta
738 337 811 411 quod
837 338 924 393 nostri
973 350 1121 398 noscuntur
1135 344 1276 414 Ecclesia,
1289 345 1333 402 cui
1347 361 1383 401 ex
1397 344 1488 400 divina
1513 344 1643 417 largitate
1657 361 1771 417 praesse

124 447 307 504 praecessores
320 429 376 484 suis
391 428 439 483 tibi
454 428 604 500 privilegiis
619 428 791 483 concessisse
806 435 832 482 et
846 426 924 483 robo
974 429 1155 502 dignosceris,
1171 433 1346 504 enucleanter
1358 432 1490 505 perficere
1505 433 1679 499 studeamus,
1704 433 1773 490 inoli-

32 515 35 520 ’
125 536 203 576 rasse
218 520 353 586 ridentur,
376 517 501 572 universa
522 531 582 586 quae
603 516 668 570 olim
691 516 762 572 divae
782 515 923 572 memoriae
972 519 1027 572 nati
1051 520 1179 590 precibus
1200 521 1253 576 tuis
1278 522 1394 592 perhoc
1408 529 1532 577 nostram
1546 521 1708 593 apostolica
1727 537 1771 577 au-

125 609 278 665 Ludovicus
302 604 494 661 serenissimus
519 604 666 675 imperator
681 613 708 658 et
722 604 764 659 vir
785 611 846 659 tuns
873 619 924 675 per
973 607 1104 661 claritatis
1128 609 1300 681 priiilegium
1320 608 1513 665 confirmamus
1528 608 1578 663 tibi
1607 609 1772 665 successori-

124 714 203 754 suam
217 693 427 751 munificentiam
443 691 630 764 augustalibus
645 692 767 764 apicibus
789 692 837 747 tibi
858 693 922 747 dum
972 695 1078 767 busque
1088 696 1141 751 tuis
1156 697 1249 753 omnia
1262 697 1406 770 privilegia
1420 705 1477 753 tarn
1493 713 1640 754 sacrorum
1669 697 1772 768 pontili-

125 787 272 849 adviveret,
298 782 445 838 contulisse
464 781 605 852 probatur,
630 797 679 836 seu
702 781 784 835 etiam
808 796 840 836 ea
861 796 923 852 quae
972 799 1034 839 curn
1047 801 1128 857 quarn
1142 785 1323 857 gloriosorum
1345 789 1530 858 Augustorum
1545 792 1699 858 praecepta,
1719 801 1770 859 qua

124 875 184 946 ipsa
197 870 373 944 postmodum
384 871 571 941 imperialibus
582 869 782 941 largitionibus,
792 869 922 924 releliarn
971 888 1022 943 pro
1032 874 1136 929 honore
1151 883 1254 930 sancta
1275 884 1328 930 tuae
1352 876 1492 942 Ecclesia,
1509 880 1536 931 et
1550 891 1647 931 rerum
1660 875 1771 930 omniurn

123 961 286 1035 quibuslibet
311 959 391 1028 iustis
412 958 646 1030 acquisitionibus,
676 958 858 1029 emptionibus
878 957 921 1012 vel
971 962 1113 1017 mobilium
1133 971 1157 1018 et
1182 963 1361 1019 immobilium
1386 963 1532 1019 stabilitate
1563 963 1670 1019 collata
1698 973 1769 1030 sunt;

123 1047 377 1110 commutationibus
392 1048 419 1103 in
433 1048 570 1119 proprios,
587 1048 645 1103 sive
657 1047 713 1116 jam
736 1046 800 1102 dicti
824 1061 921 1102 mona·
970 1065 1022 1105 nec
1037 1066 1092 1106 uon
1105 1058 1132 1106 et
1145 1052 1294 1122 apostolica
1307 1067 1422 1107 censura
1433 1051 1577 1106 statuimus
1587 1060 1617 1106 ut
1626 1050 1770 1108 secundam

122 1141 198 1198 sterii
210 1140 248 1195 tui
262 1154 327 1192 usus
337 1137 487 1208 acquisisti,
506 1152 554 1191 seu
568 1136 596 1191 in
606 1144 747 1206 posterum
755 1135 922 1206 acquisitura
971 1153 1065 1195 sacros
1087 1154 1214 1205 canones,
1247 1140 1347 1210 Spiritu
1369 1140 1420 1195 Dei
1447 1140 1583 1207 conditas,
1616 1139 1711 1195 clerici
1731 1139 1769 1195 vel

123 1248 171 1297 es;
186 1226 320 1300 simulque
344 1233 370 1280 et
391 1241 500 1297 eaquae
515 1225 549 1280 ad
565 1225 784 1295 supplementum
799 1223 921 1293 ejusdem
970 1227 1198 1294 sanctimoniales,
1215 1236 1262 1283 aut
1275 1228 1364 1284 vidua
1379 1228 1429 1283 sub
1444 1236 1491 1283 tua
1513 1236 1625 1299 tuaeque
1645 1227 1770 1284 Ecclesia

121 1318 222 1375 sacrati
236 1317 299 1380 loci,
317 1323 344 1371 et
368 1324 423 1370 tam
446 1330 541 1385 regum
562 1329 641 1385 quam
660 1312 774 1368 aliorum
790 1326 921 1384 quorum·
969 1331 1036 1370 cura
1051 1323 1077 1371 et
1091 1316 1271 1373 sollicitudine
1293 1324 1365 1371 stare
1389 1316 1516 1383 debeant,
1542 1315 1692 1387 nullusque
1718 1315 1767 1370 lam

122 1408 187 1463 libet
209 1404 329 1461 fidelium
352 1402 498 1458 donatione
517 1401 560 1457 rel
582 1400 751 1465 liberalitate,
776 1416 850 1457 nunc
877 1400 920 1456 vel
969 1403 1041 1459 sacri
1056 1404 1160 1459 ordinis
1175 1405 1305 1475 praeditus
1321 1406 1426 1461 honore
1445 1419 1528 1476 quarn
1553 1403 1640 1459 etiam
1664 1404 1767 1460 saecula·

121 1496 235 1568 posthac
255 1493 346 1547 addita
374 1491 457 1546 luisse
478 1490 689 1562 comprobatur;
703 1489 801 1544 eodem
823 1497 919 1544 tenore
969 1491 1040 1547 rium
1067 1493 1191 1547 minister
1228 1492 1397 1565 dignitatum,
1425 1508 1589 1564 quocunque
1615 1491 1698 1547 modo
1725 1508 1768 1548 eos

122 1592 148 1641 et
164 1584 260 1640 ordine
283 1596 337 1653 quo
360 1580 408 1635 tibi
431 1580 474 1636 rel
501 1587 546 1634 tuo
569 1577 763 1649 praenominato
792 1577 918 1634 coenobio
931 1596 1070 1661 Deasque
1084 1581 1118 1635 ad
1132 1580 1268 1651 publicum
1283 1582 1441 1651 pertrahere
1454 1581 1598 1650 iudicium,
1616 1588 1665 1635 aut
1679 1581 1713 1636 ob
1723 1581 1768 1637 hoc

120 1673 299 1736 advenerunt,
323 1669 427 1723 illibata
445 1675 471 1723 ct
496 1667 624 1723 inviolata
646 1674 725 1738 atque
755 1666 918 1722 inconcussa
969 1668 1765 1740 resillorumillarumqueinbannumponercpraesumant;

121 1766 298 1834 permaneant
312 1766 338 1813 et
363 1756 512 1813 secuudum
536 1763 589 1810 tuae
610 1754 789 1810 ordinationis
819 1762 918 1809 statuta
968 1758 1017 1812 sed
1033 1774 1112 1828 aquo
1124 1756 1226 1827 judicio
1241 1758 1408 1830 specialique
1422 1758 1567 1829 praesentia
1579 1765 1628 1812 tua
1636 1772 1768 1813 successo

121 1849 276 1921 persistant.
293 1846 364 1902 Etsi
379 1845 450 1917 quis,
466 1844 742 1916 quodnouoptamns,
753 1850 849 1898 contra
859 1843 918 1898 haec
967 1862 1082 1917 rumque
1096 1854 1203 1901 tuorum
1218 1845 1252 1901 de
1267 1845 1474 1918 quibuscunque
1489 1845 1580 1901 causis
1598 1845 1643 1900 vel
1658 1845 1767 1916 negotiis

122 1945 220 1993 statuta
248 1935 276 1989 in
303 1934 352 1990 Dei
376 1932 568 2003 omnipotentis
594 1932 686 1988 oblata
714 1930 758 1988 rel
785 1945 918 1987 concessa
968 1949 1028 2006 quae
1043 1935 1192 1990 secundum
1213 1935 1343 2006 temporis
1366 1934 1520 2007 qualitatem
1542 1933 1706 2000 acciderint,
1729 1935 1765 2003 iu·

120 2025 259 2082 servitium
286 2036 370 2096 agere
395 2021 550 2092 tentaverit,
580 2021 624 2076 vel
654 2020 792 2092 quippiam
820 2020 917 2075 horum
968 2023 1065 2077 stitiaru
1090 2023 1275 2094 iudiciumque
1306 2022 1413 2078 saciant.
1451 2022 1598 2078 Sancimns
1635 2023 1717 2077 etiarn
1741 2029 1764 2076 nt

119 2115 271 2187 iufringere
293 2111 437 2168 temerario
454 2126 520 2165 ausu
542 2109 666 2176 voluerit,
695 2108 917 2164 excommunica·
966 2111 1128 2166 monasteria
1143 2128 1204 2183 quae
1217 2112 1287 2166 intra
1301 2119 1354 2167 tuae
1368 2110 1495 2166 dioecesis
1518 2109 1589 2165 fines
1610 2111 1761 2177 consistunt,

119 2204 185 2259 tioni
200 2201 352 2258 submissus
366 2199 440 2255 omni
455 2197 642 2255 ecclesiastico
662 2198 800 2254 consortio
815 2204 934 2267 clareat,⁸
968 2199 1018 2255 sub
1033 2206 1079 2255 tuo
1094 2208 1120 2255 et
1135 2215 1229 2254 eorum
1252 2198 1297 2271 qui
1312 2198 1359 2254 tibi
1373 2198 1556 2255 successerint
1567 2198 1761 2268 jurecanonico

121 2300 148 2349 et
171 2291 225 2346 nisi
239 2307 269 2346 se
294 2289 421 2346 continuo
435 2303 451 2343 a
466 2287 512 2341 tali
526 2286 646 2358 nequitia
661 2286 792 2359 corrigat,
809 2294 835 2341 et
851 2285 918 2340 resi·
968 2295 1147 2359 permancant
1159 2288 1357 2358 inperpetuum
1372 2286 1506 2354 videlicet,
1524 2295 1551 2342 et
1565 2286 1761 2343 consecratione

120 2380 215 2453 piscat,
238 2378 324 2434 sancti
345 2377 416 2433 Petri
437 2375 577 2446 nostrique
600 2375 768 2446 apostolatus
796 2373 918 2430 auctori·
969 2376 1098 2432 abbatum
1112 2375 1155 2432 vel
1169 2375 1377 2442 abbatissarum,
1402 2383 1429 2431 et
1449 2376 1479 2431 in
1501 2390 1601 2432 eorum
1625 2390 1759 2447 earumque

122 2477 176 2525 tate
196 2467 376 2524 anathematis
395 2465 504 2521 vinculo
526 2463 671 2519 innodatus
694 2479 758 2518 reus
780 2463 807 2517 in
830 2462 918 2518 futuro
969 2465 1112 2521 criminum
1122 2464 1308 2530 discussione;
1325 2464 1361 2518 ita
1384 2478 1450 2519 sane
1473 2470 1502 2518 ut
1522 2463 1593 2518 nulli
1616 2463 1645 2518 in
1668 2463 1758 2519 amera

117 2558 219 2628 judicio
233 2564 402 2630 permaneat,
419 2563 447 2610 et
458 2571 507 2626 pro
522 2569 638 2610 excessu
653 2568 708 2608 suae
723 2559 803 2608 tanta
826 2559 918 2607 trans·
969 2554 1168 2610 venerabilibus
1180 2552 1257 2618 locis,
1274 2553 1379 2625 quoties
1401 2560 1587 2623 opportunum
1601 2551 1691 2620 inerit,
1712 2552 1757 2606 sinc

102 2686 104 2689 -
119 2646 271 2720 gressionis
286 2662 348 2702 cum
362 2645 431 2699 iuda
445 2643 576 2698 traditore
598 2641 752 2709 infrunitus,
777 2650 858 2713 atque
872 2657 919 2696 re·
969 2650 1015 2697 tua
1028 2650 1189 2714 tuorumque
1201 2657 1391 2698 successorum
1411 2639 1584 2712 providentia
1605 2649 1686 2713 atque
1704 2655 1755 2696 eon·

119 2736 199 2792 bellis
214 2734 298 2790 sancti
313 2733 423 2805 spiritus
438 2732 581 2800 sententia,
597 2731 643 2803 qui
658 2746 768 2802 semper
783 2727 874 2786 fictum
892 2736 920 2784 et
970 2747 1052 2787 sensu
1073 2730 1119 2785 fiat
1143 2731 1250 2797 electio,
1271 2730 1340 2786 sicut
1361 2729 1492 2786 canomca
1509 2729 1589 2798 jubet
1613 2728 1753 2792 annonas,

119 2824 280 2880 mendacem
290 2821 394 2894 effugit,
411 2820 517 2876 novarit
538 2835 568 2874 se
588 2818 742 2874 habiturum
765 2817 918 2889 portionem
970 2820 1045 2876 salvo
1059 2819 1163 2876 scilicet
1177 2819 1205 2874 in
1219 2819 1345 2875 omnibus
1360 2818 1433 2874 sedis
1448 2817 1608 2888 apostolicae
1628 2814 1754 2889 privilegio

119 2913 278 2986 ingebertus
293 2910 365 2981 iguis
379 2908 483 2965 aterni.
497 2907 631 2978 Scriptum
646 2922 810 2978 permanum
820 2905 918 2961 Leonis
932 2951 958 3016 C
970 2908 1100 2980 speciali3
1116 2909 1267 2979 harumque
1278 2915 1372 2963 tenore
1382 2905 1575 2978 precipientes
1589 2914 1619 2961 ut
1632 2912 1752 2961 monaste

119 2999 217 3057 notarii
245 2997 400 3071 regionarii,
431 3006 457 3053 et
494 2995 631 3053 scriniarii
658 3003 760 3051 sanctae
787 2995 917 3050 Romanae
968 2997 1037 3053 rium
1060 2997 1089 3052 S.
1113 2995 1222 3066 Donati,
1247 2995 1389 3052 fundatum
1403 3010 1419 3050 a
1434 2994 1605 3067 Luitprando
1629 2994 1752 3066 episcopo,

119 3087 260 3156 Ecclesia,
275 3087 406 3143 inmense
415 3088 549 3157 Augusto,
559 3084 707 3140 indictione
718 3083 833 3139 decima.
844 3083 916 3139 Bene
967 3087 1113 3143 decessore
1136 3093 1191 3152 tuo,
1213 3084 1241 3139 ia
1262 3084 1324 3141 loco
1347 3084 1395 3156 qui
1419 3083 1520 3139 dicitur
1544 3083 1683 3156 scogialo,
1705 3095 1753 3138 cum

118 3178 216 3236 valete.
229 3175 359 3232 Kalendis
366 3174 481 3247 Augusti
491 3189 658 3245 permanum
666 3171 915 3243 loannisepiscopi,
966 3175 1093 3231 omnibus
1107 3173 1189 3230 rebus
1204 3172 1350 3229 mobilibus
1366 3180 1392 3228 ct
1414 3171 1601 3228 immobilibus
1621 3170 1752 3229 secundun

117 3266 194 3323 missi
213 3273 239 3322 et
255 3263 424 3337 apocrisiarii
448 3270 549 3319 sanctae
573 3262 647 3318 sedis
667 3260 834 3333 apostolica,
862 3260 916 3316 im·
966 3262 1121 3320 testamenti
1136 3263 1177 3317 sui
1193 3261 1293 3318 seriem
1305 3261 1418 3330 collatis,
1434 3268 1462 3316 et
1474 3259 1549 3315 ahud
1572 3259 1752 3317 monasterium

117 3362 232 3428 perante
256 3354 357 3410 domno
389 3360 483 3408 nostro
512 3351 618 3417 Carolo,
642 3366 659 3405 a
690 3351 748 3406 Deo
772 3356 914 3414 coronato,
967 3353 995 3411 S.
1011 3353 1105 3408 llariae
1117 3351 1237 3423 positum
1251 3350 1278 3405 in
1294 3349 1411 3418 Cariata,
1428 3349 1559 3420 quaejuri
1572 3349 1751 3405 Ecclesiatna

117 3460 217 3517 magno
226 3443 390 3514 imperatore
404 3441 536 3507 secundo,
552 3447 654 3511 etpost
667 3438 836 3496 consulatum
859 3437 916 3506 ojus
965 3441 1059 3513 procul
1074 3440 1156 3497 dubio
1171 3448 1197 3496 et
1212 3439 1348 3512 pertinere
1362 3437 1497 3505 videntur,
1515 3445 1542 3493 te
1557 3450 1752 3508 sucessoresque

118 3549 190 3589 anno
203 3531 334 3598 secundo,
349 3529 498 3587 indictione
512 3547 538 3585 x.
965 3539 1026 3586 tuos
1059 3529 1199 3602 perpetuis
1234 3528 1400 3600 temporibus
1437 3526 1645 3596 juridictionem
1674 3533 1751 3582 tenera

491 3636 551 3691 xc,
964 3619 1120 3691 habereque
1134 3617 1318 3683 decernimus,
1335 3624 1362 3672 et
1377 3614 1502 3689 quamvis
1522 3615 1552 3670 in
1573 3614 1670 3672 alienis
1690 3627 1754 3686 paro-

316 3761 353 3802 m
367 3757 537 3801 mmmm
551 3754 705 3797 mmm
966 3708 1034 3763 chiis
1057 3706 1217 3774 consistant,
1240 3704 1387 3778 apostolica
1408 3704 1537 3773 jubemus
1558 3699 1753 3760 auctoritatein

419 3775 509 3904 (Αὲῃο
524 3831 598 3899 377.)
710 3781 716 3793 ”
964 3796 1091 3852 omnibus
1106 3792 1539 3867 quaeibiagendavelordinanda
1550 3800 1643 3859 erunt,
1653 3790 1751 3847 liberam

119 3923 378 3998 archiepiscopalia
404 3919 531 3991 insignia
558 3916 665 3973 utenda
687 3914 816 3972 coneedit
848 3929 915 3970 eam
964 3881 1484 3954 ⁸1⁰⁰³¹³⁰¹¹j¹¹⁵⁰⁰¹¹¹mdi⁰¹i⁰¹¹⁰h⁸be⁸⁸
1500 3888 1754 3952 P⁰t⁶⁸m⁸m3psp

73 4012 77 4023 ¹
154 3996 295 4070 facultate
313 3992 431 4049 vocandi
455 3990 490 4044 ad
510 4005 592 4044 suam
605 3986 741 4058 synodum
755 3985 913 4057 archiepis·
964 3973 1090 4046 Sbyteros
1114 3987 1181 4029 vero
1210 3980 1236 4028 et
1255 3971 1405 4027 monachos
1432 3969 1631 4041 predictorum
1653 3967 1756 4025 man

153 4082 233 4139 copas
249 4063 531 4121 Rauennatenscmct
545 4058 792 4115 Mediolanensem.
964 4061 1151 4119 caenobiorum
1161 4062 1196 4117 ad
1210 4070 1284 4117 suum
1301 4059 1471 4129 canonicum,
1484 4065 1567 4130 prout
1581 4055 1752 4116 ecclesiastica
1768 4095 1772 4103 ,

151 4174 279 4228 roms
289 4169 443 4241 episwpug
454 4180 550 4223 servus
560 4179 702 4220 servorum
713 4160 774 4228 Dei,
785 4176 915 4233 reveren.
962 4150 1112 4207 necessitas
1127 4150 1258 4223 exegerit,
1275 4149 1334 4205 sine
1344 4147 1458 4217 alicujus
1473 4146 1688 4204 contradictione
1704 4151 1751 4200 sta-

118 4261 231 4318 dissimo
243 4257 346 4315 tolum
361 4258 390 4313 S.
405 4254 557 4314 Ticinensis
570 4251 713 4319 Ecclesia,
730 4259 795 4318 etc,
811 4250 839 4305 iu
853 4266 913 4323 per·
962 4240 1061 4295 luimus
1089 4239 1181 4296 Venire
1196 4238 1351 4295 concilium.
1368 4235 1448 4306 Qu⁰d
1461 4235 1486 4292 δί
1500 4234 1594 4308 aliqua
1612 4236 1642 4291 in
1664 4233 1755 4291 Esdffl

116 4358 238 4424 potuum.
927 4311 1135 4384 Dmonasreriis
1149 4334 1295 4399 precepta,
1312 4342 1371 4398 quae
1381 4323 1519 4382 canonicis
1529 4323 1558 4379 in
1572 4324 1666 4398 aliquo
1686 4335 1756 4393 regu·

152 4441 284 4511 snpemae
307 4433 490 4492 miserationis
514 4433 548 4489 id
576 4433 629 4488 1200
652 4429 791 4503 regiminis
819 4442 915 4485 curam
965 4415 1000 4472 lis
1009 4416 1121 4473 obviare
1131 4416 1268 4482 ridentur,
1283 4414 1384 4472 fuerint
1397 4421 1518 4485 reperta,
1530 4413 1619 4483 major
1628 4413 1755 4469 baccano-

116 4527 298 4600 suscepimus,
326 4533 353 4581 et
372 4522 527 4596 apostolica
550 4520 734 4577 miserationis
756 4516 915 4574 sollicitudi·
965 4506 1026 4561 nice
1041 4501 1570 4561 iactum²abillishahereauctoritatem
1583 4500 1753 4558 decernimus.

116 4634 179 4675 nem
194 4616 324 4693 gerimus,
340 4613 453 4682 utjuste
467 4606 915 4682 precantiumvotislibentianimo
967 4596 1004 4650 lta
1019 4594 1100 4649 etiam
1114 4592 1323 4650 decoemeteriis
1338 4608 1399 4664 qua
1421 4591 1491 4648 intra
1509 4591 1554 4646 rel
1577 4599 1654 4647 extra
1671 4587 1754 4645 ciria·

115 4707 275 4775 habeamus,
292 4711 318 4760 et
333 4700 476 4758 libramine
486 4698 620 4771 aequitatis
633 4697 738 4754 cunctis
747 4696 775 4751 in
792 4695 915 4752 necessi·
965 4690 1021 4738 tem
1036 4682 1207 4738 Tissifltsssem
1222 4681 1382 4746 ⁰⁰¹²Si⁵2¹¹¹1¹2
1404 4679 1580 4751 llls'fflil’ifflus
1602 4687 1632 4734 m
1654 4677 1701 4732 ⁵⁰¹³
1714 4682 1756 4774 ‘F'

117 4795 217 4851 tatibus
239 4793 336 4865 positi,
360 4789 506 4847 subvenire
528 4788 688 4844 debeamus,
712 4787 782 4841 Nam
803 4800 917 4840 summae
965 4770 1096 4827 Ecclesia
1110 4787 1173 4827 cura
1188 4777 1214 4826 et
1228 4776 1362 4842 potestate
1377 4766 1516 4839 antistitis,
1532 4768 1639 4840 absque
1656 4766 1754 4861 alicuius

117 4878 530 4955 sedisgerentesauctoritatom,
540 4876 576 4933 de
586 4874 782 4932 venerabilium
793 4874 917 4930 locorum
967 4860 1149 4917 00111t0l0tsia
1163 4866 1353 4931 lemanem&
1374 4856 1518 4913 Sancimns
1532 4852 1754 4928 ellam⁸l>⁰⁸i⁰l¹⁰¹

117 4971 272 5037 stabilitate,
296 4976 427 5042 quantum
442 4984 475 5025 ex
490 4966 582 5023 divino
601 4963 735 5034 adjutorio
749 4962 917 5036 possibilitas
967 4950 1127 5006 ⁸¹1020lil⁸¹ss
1141 4947 1282 5019 largiendi)
1296 4945 1345 5003 fibi
1359 4945 1467 5016 “lisque
1489 4943 1694 5002 ⁸⁰0⁰0⁸⁵0f5b¹¹³
1706 4955 1754 4997 ΕΝ·

116 5061 206 5127 datur,
224 5067 350 5132 satagere
365 5058 516 5123 debemus3
532 5056 709 5126 bocnamque
720 5050 918 5109 studioetdivi-
968 5037 1138 5095 cssfflhahefe
1151 5051 1314 5108 qu⁰⁰⁰¹¹<l¹1⁰
1328 5032 1445 5091 V⁰l¹¹0li⁸
1460 5031 1545 5098 fem·
1562 5032 1677 5104 pallium
1696 5041 1752 5102 ‘lii

117 5165 151 5204 na
174 5149 295 5222 placatur
317 5145 469 5213 elementia,
493 5152 520 5200 et
533 5145 594 5200 laus
609 5151 691 5215 atque
706 5141 805 5197 utilitas
820 5138 918 5195 Christi
969 5142 1021 5198 ‘lue
1043 5125 1168 5180 Similiter
1187 5123 1372 5184 ⁰⁰ss⁰edim¹¹⁵·
1398 5137 1450 5178 ¹100
1471 5137 1527 5177 1¹⁰⁰
1552 5120 1645 5178 ³lbl¹¹¹¹
1669 5129 1753 5191 e(llum

117 5237 249 5294 Ecclesia
268 5242 440 5308 procuretur.
464 5233 551 5306 lgilur
573 5231 728 5304 postulante
748 5229 858 5286 anobis
872 5237 920 5284 tua
968 5222 1127 5285 GOOPerium
1146 5213 1268 5286 e‘inimi
1283 5212 1311 5267 in
1325 5211 1407 5267 lfflnis
1422 5209 1586 5283 palmarum·
1604 5217 1631 5266 0²
1652 5203 1757 5264 Secund*

119 5325 281 5393 reverentia,
295 5333 424 5398 quantum
439 5339 472 5378 ea
487 5339 547 5395 quae
561 5321 595 5377 ad
610 5319 764 5377 stabilitatis
780 5317 919 5390 integrita·
970 5302 1036 5359 serii
1060 5311 1122 5375 1¹0³t
1145 5304 1262 5359 Pascha·
1292 5301 1436 5358 &mimus
1460 5300 1543 5355 emm
1569 5307 1600 5355 ¹¹²
1623 5295 1759 5356 ⁸²de

178 5500 257 5553 Locos
269 5507 408 5568 corruptus,
