3826 6098
196 215 248 269 963
617 219 765 279 tOdNNlS
793 222 890 278 PAPAE
913 223 975 279 Vlll
1000 224 1242 286 EPISTOLAE‘ET
1268 230 1444 289 DECRETA.

1793 241 1841 296 act

194 338 363 407 commoniti,
389 341 412 396 ri
443 343 606 416 regulariter
626 345 822 403 satisfacientes
842 362 897 402 non
919 347 992 403 resi·
1007 349 1118 410 Amino
1133 353 1252 421 Petrum,
1281 364 1424 429 spretoque
1450 357 1554 415 sancitu
1576 359 1719 417 canonicae
1738 362 1844 418 auctori

195 427 312 497 pnerint,
344 432 523 486 anathematis
552 433 660 489 vinculo
688 435 809 492 innodati
838 452 924 508 usque
962 437 997 491 ad
1047 441 1120 506 tatis,
1154 442 1188 496 de
1208 443 1308 499 minori
1335 445 1370 500 ad
1393 446 1522 516 majorem
1550 447 1670 504 ambitus
1692 465 1778 505 causa
1798 451 1842 507 dc-

197 515 410 574 satisfactionem
424 530 607 591 permaneant.
624 523 695 578 Etsi
716 523 744 578 in
767 524 825 596 ipsa
849 524 997 596 pertinacia
1045 529 1164 601 migrant
1189 530 1370 603 episcopalem
1397 534 1565 592 cathedram.
1595 535 1703 607 Quibus
1731 554 1843 596 cananea

195 615 386 675 permanentes
409 608 536 676 obierint,
566 626 647 667 nemo
668 627 782 684 corpora
804 612 911 669 illorum
932 629 996 670 cum
1046 616 1163 688 Spiritus
1194 620 1280 676 sancti
1312 622 1397 693 gratia
1429 625 1601 681 concorditer
1643 626 1840 684 contradicunt.

193 692 301 764 hymnis
330 703 356 751 et
371 695 483 767 psalmis
510 697 632 770 sepeliat,
663 716 714 756 nec
728 701 859 757 memoria
886 701 995 758 illorum
1045 704 1102 760 Nos
1140 722 1248 779 proque
1281 725 1387 780 eornm,
1413 727 1482 783 quos
1516 723 1683 771 veneranter
1711 714 1842 772 imitamur

195 779 230 837 ad
254 797 361 839 sacmm
385 784 472 842 altare
500 786 572 843 inter
593 786 690 844 fideles
711 796 835 846 mortuos
849 790 993 858 habeatur,
1043 801 1124 866 atque
1136 796 1352 867 complectimur,
1378 815 1549 874 quorumque
1573 804 1684 858 statutis
1709 804 1842 860 consenti-

195 868 310 926 docente
325 873 449 944 apostolo
472 882 499 930 et
514 876 682 950 evangelista
696 878 800 935 loanne
816 894 822 932 :
839 880 995 951 Estpcccu-
1043 898 1113 945 mus,
1130 883 1370 960 Ecclesiammque
1393 889 1618 961 gubernationem
1634 898 1774 961 tenemus,
1789 891 1843 948 fulti

195 963 256 1014 tum
278 960 314 1016 ud
335 967 456 1019 mortem
471 983 481 1019 .·
494 978 546 1037 pro
566 966 617 1022 illo
640 983 698 1022 nora
714 967 774 1023 dico
789 970 822 1024 ut
845 969 994 1041 quisrogct
1043 971 1141 1028 virtute
1169 973 1364 1043 interdicimus,
1390 985 1417 1032 et
1451 978 1479 1032 in
1506 979 1634 1036 herendo
1662 981 1840 1051 prohibimus,

194 1048 217 1116 (l
231 1050 311 1105 loun.
324 1051 364 1120 v).
378 1052 524 1108 Peccatum
540 1053 612 1109 enim
625 1054 659 1108 ad
676 1063 790 1110 mortem
805 1063 846 1110 εει
860 1071 993 1126 perseve·
1042 1076 1077 1116 ne
1106 1061 1249 1133 quisquam
1273 1065 1467 1121 catholicorum
1498 1067 1587 1124 taliter
1618 1069 1718 1124 audeat
1747 1069 1842 1126 amodo

194 1137 279 1192 rantia
303 1138 331 1193 in
344 1149 458 1209 peccato
472 1158 560 1213 usque
576 1143 611 1198 ad
631 1150 758 1199 mortem.
774 1144 808 1199 Et
826 1144 899 1200 sacri
919 1143 992 1199 anti·
1043 1149 1069 1204 e't
1084 1149 1215 1222 deinceps
1239 1167 1335 1225 agere,
1357 1160 1384 1209 ει
1406 1154 1439 1220 si,
1459 1164 1562 1211 utnon
1582 1164 1720 1227 optamus,
1751 1158 1856 1214 hacte-.

193 1241 309 1298 quorrun
329 1228 437 1283 Patrum
464 1244 584 1285 canones
612 1231 647 1286 de
670 1231 715 1285 his
736 1232 782 1303 qui
805 1232 857 1287 sibi
877 1241 992 1288 mortem
1042 1253 1094 1292 nus
1108 1237 1255 1311 quidquam
1270 1240 1361 1297 taliter
1385 1250 1475 1299 actum
1491 1251 1543 1311 est,
1569 1244 1654 1316 digna
1673 1246 1841 1316 poenitudine

192 1314 345 1371 voluntarie
370 1316 498 1385 inferunt,
519 1326 546 1373 ct
569 1318 614 1390 qui
629 1335 678 1390 pro
694 1319 750 1375 suis
772 1319 923 1377 sceleribus
938 1338 991 1392 pu·
1042 1326 1227 1384 ecclesiastica
1255 1330 1414 1402 corrigatur.
1448 1332 1570 1404 Denique
1607 1333 1660 1390 hac
1684 1335 1841 1390 auctoritate

193 1402 314 1473 niuntur,
338 1412 433 1460 sancto
454 1404 603 1476 inspirante
625 1407 734 1477 Spiritu,
761 1408 947 1476 decreverunt,
964 1416 993 1464 ut
1041 1415 1188 1485 apostolica
1198 1417 1297 1474 virtute
1308 1418 1357 1473 Dei
1367 1419 1450 1475 nostri
1465 1420 1660 1477 intercedimus
1678 1429 1708 1477 ut
1722 1423 1841 1493 episcopi

192 1505 255 1547 cum
270 1492 378 1563 hymnis
388 1500 414 1548 et
429 1493 542 1564 psalmis
555 1510 651 1551 eorum
670 1510 782 1567 corpora
793 1513 848 1552 non
862 1496 991 1555 deferan-
1042 1503 1077 1557 ad
1105 1504 1247 1574 pristinam
1278 1512 1371 1562 sedem
1400 1507 1459 1564 sinc
1486 1524 1561 1564 mora
1588 1510 1715 1576 redeant,
1742 1512 1841 1582 quiesi

192 1588 235 1634 tur
243 1579 277 1634 ad
294 1580 470 1651 sepulturam.
496 1581 618 1652 Quorum
641 1584 751 1641 decreta
772 1592 928 1658 sequentes,
958 1600 991 1641 ea
1041 1592 1219 1660 tardaverint,
1255 1595 1384 1651 continno
1429 1598 1504 1652 omni
1544 1597 1709 1654 sacerdotali
1739 1599 1840 1655 honore

193 1684 255 1740 quae
282 1669 464 1740 praemisimus
493 1672 527 1727 de
552 1674 746 1744 pervasoribus
783 1683 808 1729 et
837 1674 990 1746 raptoribus
1005 1680 1242 1767 Bspoliabuntur;
1267 1691 1294 1739 ct
1323 1683 1386 1741 laici
1409 1686 1524 1741 redeant
1559 1686 1593 1741 ad
1623 1686 1744 1757 primum
1774 1703 1844 1744 con-

191 1772 282 1812 rerum
297 1765 323 1812 et
336 1757 492 1814 facultatem
520 1761 784 1832 ecclesiasticarum,
805 1763 828 1818 si
847 1778 902 1818 non
916 1763 988 1818 resi·
1036 1769 1143 1840 jugium
1172 1787 1179 1826 ε
1205 1770 1248 1826 sin
1271 1780 1372 1840 autem,
1404 1773 1513 1831 vinculo
1547 1775 1733 1831 anathematis
1759 1775 1838 1832 innc-

191 1845 309 1916 puerint,
330 1847 433 1915 judicio
457 1848 573 1920 Spiritus
597 1850 683 1907 sancti
710 1851 893 1919 decernimus,
919 1852 989 1908 sicut
1039 1858 1145 1935 dentur.

191 1934 286 1990 beatus
300 1936 421 1992 decrevit
437 1936 599 2010 Gregorius,
621 1940 716 1996 dicens
745 1941 807 2012 quia
826 1940 895 1996 tales
909 1939 987 1995 Chri·
1335 1966 1539 2024 ggggxxxu,

1110 2066 1145 2107 tn
1161 2069 1270 2110 caaauu
1280 2070 1315 2110 nr
1330 2071 1459 2112 voauuuu
1472 2072 1765 2116 aucusrouurvmvsma.

1371 2145 1435 2214 (An.
1448 2145 1513 2216 inc).

1039 2231 1224 2303 Priuilcgtum
1246 2232 1375 2289 concedit
1395 2251 1486 2290 unum
1502 2251 1539 2291 ea
1554 2235 1625 2303 suis,
1646 2253 1731 2310 guerra
1750 2238 1840 2294 eterna

1074 2306 1102 2356 et
1114 2303 1235 2374 populus
1244 2304 1472 2375 proclamaverit,
1488 2306 1542 2361 siti
1565 2308 1762 2379 praeponendi,
1783 2325 1839 2364 nott

1074 2373 1204 2428 obstante
1219 2376 1365 2430 contrario
1379 2392 1476 2447 regum
1485 2377 1529 2432 vel
1537 2379 1706 2450 principum
1720 2379 1839 2436 detecta.

192 2023 272 2080 stiani
287 2041 342 2079 uon
366 2034 437 2094 sunt,
454 2043 578 2099 quosque
596 2036 622 2082 et
655 2044 717 2102 ego,
744 2038 770 2084 ct
785 2046 880 2085 ornnes
895 2030 991 2085 catho-

189 2111 235 2169 lici
249 2113 381 2185 episcopi,
399 2115 454 2170 imo
469 2124 495 2171 et
511 2115 674 2173 universalis
689 2117 814 2174 Ecclesia
831 2119 989 2175 anathema·

191 2201 265 2257 tizat.

498 2336 676 2393 CCCLXXX.

189 2425 308 2480 loannis
326 2440 407 2496 papea
428 2426 534 2481 iterata
562 2427 820 2483 exconmunicatto
854 2428 987 2483 adversus
1248 2487 1254 2498 ‚

225 2497 388 2551 pormomm
420 2498 591 2569 episcopum,
609 2498 771 2568 gmyorgum
791 2499 986 2554 menam.
1073 2486 1368 2560 toauuaseprscopus,
1385 2492 1840 2560 servasservorumDei,omnibns

223 2583 296 2634 rem,
313 2571 341 2623 ct
357 2567 503 2633 Georgium
511 2569 685 2640 magistrum
694 2569 832 2624 militum.
1039 2573 1101 2629 filiis
1117 2583 1219 2631 saneta
1233 2576 1369 2632 Eduensis
1383 2576 1514 2634 Ecclesia
1528 2587 1555 2634 et
1566 2595 1616 2650 per
1632 2594 1682 2636 ves
1697 2597 1841 2640 successo—

222 2667 388 2723 Auctoritate
409 2668 562 2739 apostolica
583 2684 680 2739 parem
705 2668 868 2724 sententiam
890 2669 987 2724 iterato
1038 2662 1114 2717 ribus
1123 2663 1220 2718 vestris
1230 2663 1255 2717 in
1271 2674 1442 2735 perpetuum·

187 2755 284 2812 damus
291 2756 320 2811 in
343 2757 513 2823 Formosum,
535 2757 863 2828 nuperimel'ol'ltlensem
878 2757 987 2828 episco-
1074 2751 1200 2806 Auditum
1210 2762 1251 2807 est
1266 2754 1366 2809 nostris
1381 2754 1540 2825 apostolicis
1554 2756 1668 2812 duribus
1690 2765 1718 2814 el
1741 2759 1839 2816 crebro

187 2853 305 2914 pumat
326 2843 490 2914 Gregorium
514 2845 674 2917 magistrum
690 2845 814 2911 militnm,
831 2847 987 2901 anathema-
1037 2841 1187 2896 intimatum
1216 2839 1375 2913 frequenter
1402 2843 1533 2900 Ecclesiis
1562 2845 1716 2902 Galliarum
1745 2858 1839 2904 contra

190 2931 225 2986 tis
241 2941 266 2986 et
288 2940 426 3003 perpetuas
454 2932 638 3003 obligationis.
653 2935 686 2988 Et
702 2934 765 3004 quia
781 2949 834 2989 non
860 2934 988 2989 desinunt
1038 2930 1148 2985 decreta
1162 2945 1294 2986 canonum
1310 2930 1337 2984 in
1352 2931 1483 2987 electione
1512 2948 1624 2989 suornm
1645 2935 1837 3008 cpiscoporum

189 3019 341 3091 inquietare
368 3037 446 3075 aures
474 3037 570 3094 regum
607 3037 639 3076 ac
667 3022 831 3093 principum,
856 3030 882 3077 et
909 3022 986 3077 malis
1038 3018 1196 3073 violentiam
1207 3017 1317 3074 inferre.
1335 3018 1415 3088 Quod
1430 3035 1490 3086 nes,
1507 3022 1550 3077 oui
1565 3022 1754 3079 Ecclesiamm
1776 3041 1836 3081 om-

188 3109 334 3180 prioribus,
348 3109 435 3179 juncti
451 3126 512 3166 cum
534 3109 708 3181 pradonibus
730 3120 756 3166 et
780 3111 987 3166 subversoribus
1038 3107 1110 3161 nium
1126 3123 1191 3162 cura
1210 3107 1358 3162 commissa
1372 3117 1414 3163 est
1427 3110 1550 3181 quamvis
1564 3111 1697 3184 indignis,
1714 3113 1836 3169 viscera-

188 3198 376 3264 ccclesiarum,
392 3215 461 3255 nova
475 3207 501 3254 et
516 3200 636 3258 recentia
661 3200 733 3255 mala
752 3199 853 3255 addere
867 3200 986 3272 quotidie
1037 3195 1099 3250 liter
1113 3195 1301 3263 condolentes,
1318 3196 1352 3250 ab
1367 3196 1503 3252 universis
1517 3197 1649 3255 Ecclesiis
1663 3201 1736 3256 hanc
1746 3201 1836 3258 inser·

185 3288 304 3356 student,
330 3287 511 3343 insolubiliter
537 3288 644 3344 vinculo
659 3297 790 3360 perpetuo
805 3297 831 3343 et
846 3289 985 3360 irrecupe-
1036 3292 1091 3339 tam
1101 3283 1254 3339 violentiam
1269 3285 1428 3340 auctoritate
1439 3285 1490 3341 Dei
1506 3295 1533 3342 et
1546 3287 1617 3342 beati
1627 3288 1703 3343 Petri
1713 3289 1836 3346 recidere

185 3377 277 3432 randm
287 3377 355 3449 spei,
368 3378 455 3434 sancti
465 3377 582 3448 Spiritus
597 3377 646 3432 Dei
661 3377 747 3433 nostri
760 3378 858 3433 virtute
872 3378 987 3433 damna-

184 3483 254 3530 mus,
285 3483 446 3538 omnemque
470 3467 523 3521 illis
544 3466 728 3538 suspicionem
758 3466 912 3522 obtinendae
944 3466 986 3520 in·

184 3555 332 3629 dulgentiae
346 3555 552 3611 irreserabiliter
571 3556 751 3625 excludimus,
777 3563 802 3610 et
828 3554 985 3625 omnesqui

185 3643 239 3698 illis
255 3643 516 3700 communicaverint
540 3644 738 3713 adjutoriumve
762 3643 938 3714 praebuerint,
949 3643 984 3697 de

186 3749 346 3805 quocunque
361 3733 467 3801 ordine,
480 3734 537 3788 sive
553 3733 700 3804 episcopali
710 3740 756 3788 aut
772 3733 872 3800 laicali,
884 3740 984 3803 poten-

185 3829 236 3889 tes,
253 3822 407 3878 mediocres
426 3838 458 3877 ac
481 3837 624 3892 pauperes,
640 3821 667 3876 in
684 3838 777 3877 eorum
791 3821 905 3893 prolatis
923 3837 984 3875 ma-

183 3908 373 3966 ledictionibus
410 3909 590 3974 involvantur,
623 3926 736 3982 quorum
775 3909 913 3966 consortio
945 3908 984 3963 uti

183 4012 239 4051 non
268 4004 399 4064 metuant,
430 4005 457 4052 et
484 3997 536 4053 nisi
564 3998 738 4068 resipuerint,
763 3998 817 4053 siut
840 3998 983 4053 anathema

184 4085 351 4140 maranatha.

487 4201 657 4258 cccxxxt.

186 4292 334 4348 Statariam
349 4291 468 4347 loannis
482 4309 563 4363 pupoe
578 4293 711 4348 adversus
722 4292 807 4348 laicos
817 4291 874 4363 qui,
891 4290 983 4347 uiuen-

221 4363 294 4418 tibus
310 4363 455 4427 uaon'bus,
469 4363 542 4418 aliur
551 4362 671 4430 ducunt,
688 4368 717 4419 ct
731 4367 831 4418 contra
841 4363 981 4434 episcopos

220 4435 269 4506 gui
282 4434 315 4489 dc
335 4435 443 4489 minore
458 4435 493 4490 ad
514 4436 650 4506 majorem
675 4435 829 4489 Ecclesium
858 4419 1017 4488 amaitaei)

144 4519 149 4530 ·
220 4521 306 4561 causa
320 4505 491 4575 demigrant.

216 4611 290 4667 luter
313 4611 444 4667 nonnulla
466 4611 659 4667 necessitatum
675 4627 690 4664 a
706 4619 800 4667 sancta
814 4610 920 4682 synodo
935 4624 981 4664 re-

180 4698 324 4756 clamatum
353 4709 393 4756 est
433 4699 505 4772 quod
542 4699 671 4755 laicorum
707 4699 835 4770 quidam,
879 4696 981 4753 sortitis

179 4788 266 4862 primo
290 4789 414 4863 legaliter
450 4787 593 4860 conjugiis,
619 4786 770 4859 postposito
794 4786 844 4842 Dei
872 4786 980 4850 timore,

180 4878 293 4934 secundi
310 4877 352 4933 vel
374 4877 455 4946 tertii,
479 4877 568 4933 adhuc
598 4893 682 4932 uxore
714 4877 831 4941 vivente,
862 4873 982 4945 conjugii

181 4967 306 5040 copulam
329 4968 499 5023 contrahant.
517 4967 556 5021 De
579 4966 677 5038 quibus
695 4964 767 5021 Otilo
781 4964 892 5038 quidam
912 4962 982 5017 intra

180 5056 337 5128 parochiam
353 5055 485 5129 Rostngni
513 5055 681 5111 Arelatensis
700 5052 830 5126 episcopi,
847 5061 874 5108 et
900 5050 983 5106 Eool-

182 5145 234 5200 dus
248 5146 320 5201 intra
342 5144 477 5201 Ottramni
499 5144 660 5200 Viennensis
684 5142 890 5214 archiepiscopi,
917 5139 982 5195 talia

182 5231 281 5290 fecisse
307 5234 454 5290 multorum
493 5230 566 5288 fama
587 5232 714 5288 refertur.
741 5232 784 5287 Ad
806 5237 982 5303 augmentum

182 5336 290 5393 quoque
310 5339 405 5378 earum
426 5321 684 5396 transgressionem,
699 5321 772 5393 quod
796 5319 923 5376 flebiliter
938 5316 981 5373 di-

180 5407 276 5480 chnus,
306 5412 427 5467 additum
456 5421 498 5467 est
536 5411 610 5484 qued
649 5409 842 5482 episcoporum
871 5407 981 5481 quidam

179 5495 251 5554 intra
275 5507 380 5571 septem
404 5499 558 5571 provincias
592 5498 753 5567 Galliarum,
784 5498 890 5556 cdcate
922 5504 981 5552 ter·

1037 3372 1187 3444 cupientes,
1203 3373 1340 3444 praecipue
1353 3373 1440 3441 vobis,
1451 3383 1551 3431 sancta
1571 3376 1701 3432 videlicet
1714 3377 1837 3433 Eduensi

1036 3460 1176 3528 aceresia,
1194 3462 1272 3530 hujus
1299 3462 1383 3517 nostri
1399 3462 1501 3519 decreti
1515 3463 1691 3537 privilegium
1716 3466 1836 3522 scribere

1037 3549 1210 3615 sancivimus,
1224 3566 1303 3621 reges
1321 3552 1488 3607 Francorum
1501 3552 1618 3622 primum
1643 3553 1836 3610 observatores

1036 3646 1164 3702 orantes;
1181 3638 1209 3692 in
1217 3655 1269 3709 quo
1278 3639 1450 3695 decernimus
1465 3648 1490 3695 ct
1506 3640 1669 3713 regulariter
1677 3643 1836 3698 ordinamus

1035 3735 1063 3780 ut
1073 3726 1202 3797 deinceps
1217 3743 1298 3782 nemo
1322 3744 1417 3799 regum
1438 3729 1481 3784 vel
1504 3729 1656 3800 principum
1687 3730 1733 3786 vel
1748 3731 1837 3803 aliqua

1034 3830 1153 3885 persona
1165 3815 1242 3869 vobis
1262 3832 1445 3886 superponere
1459 3815 1502 3871 vel
1517 3817 1646 3874 ordinare
1659 3825 1708 3873 aut
1721 3835 1832 3875 sncces-

1035 3903 1145 3959 sonibus
1159 3904 1257 3957 vestris
1272 3911 1419 3974 prasumat
1428 3904 1480 3960 nisi
1491 3904 1688 3975 exfiliisipsius
1704 3906 1834 3963 Ecclesia

1035 3992 1185 4048 secundum
1203 3991 1303 4062 scripta
1319 4008 1463 4062 canonum,
1481 4009 1560 4064 quem
1570 3992 1660 4048 clerus
1674 3993 1792 4068 elegerit
1807 4002 1831 4050 et

1033 4079 1150 4151 populus
1163 4079 1380 4151 proclamaverit,
1397 4079 1420 4134 si
1435 4082 1462 4134 in
1484 4097 1515 4137 ea
1539 4081 1638 4155 dignus
1651 4083 1770 4154 reperiri
1783 4099 1833 4154 po·

1035 4169 1124 4224 trrerit.
1140 4168 1218 4238 Quod
1234 4168 1257 4223 si
1272 4169 1300 4224 in
1316 4185 1358 4235 ea,
1371 4168 1444 4240 quod
1459 4167 1528 4224 forte
1541 4168 1666 4226 accidere
1676 4186 1733 4226 non
1748 4170 1833 4228 credi

1032 4273 1104 4323 mus,
1121 4256 1245 4313 inventus
1273 4273 1326 4312 nou
1350 4257 1438 4323 fuerit,
1462 4257 1582 4313 unanimi
1604 4274 1701 4313 eorum
1720 4259 1832 4316 consilio

1033 4354 1088 4401 tam
1099 4346 1164 4400 cleri
1180 4361 1261 4416 quam
1277 4345 1368 4416 populi
1384 4346 1417 4401 de
1436 4345 1497 4400 aliis
1511 4345 1690 4419 dignissimus
1706 4354 1832 4419 expecta·

1032 4441 1084 4489 tur.
1097 4434 1278 4505 l'estrumque
1293 4432 1560 4506 deniquebonorem,
1578 4450 1660 4506 quem
1675 4434 1712 4491 de
1728 4435 1831 4491 seniore

1033 4523 1122 4593 adepti
1144 4522 1257 4588 fueritis,
1283 4523 1317 4578 de
1340 4522 1438 4579 vestris
1461 4523 1587 4578 domibus
1617 4529 1644 4577 ει
1672 4523 1709 4578 de
1738 4524 1833 4579 vestris

1033 4611 1156 4666 canoniis
1177 4619 1202 4666 et
1231 4611 1265 4665 de
1279 4611 1415 4667 communi
1439 4627 1521 4667 causa
1540 4610 1651 4665 fratrum
1666 4619 1694 4667 et
1710 4611 1745 4666 dc
1761 4610 1833 4666 omni

1032 4700 1197 4770 proprietate
1213 4706 1305 4754 vestra
1320 4700 1347 4753 in
1360 4700 1513 4755 haeredibus
1526 4699 1656 4772 legitimis
1679 4700 1833 4755 statuendis

1033 4796 1059 4843 et
1074 4787 1209 4861 eligendis
1223 4805 1256 4843 ex
1272 4789 1331 4859 ipsa
1346 4788 1428 4843 domo
1442 4797 1535 4843 nostra
1549 4787 1702 4858 apostolica
1711 4786 1832 4845 anctori-

1033 4885 1086 4932 tate
1110 4877 1247 4933 licentiam
1268 4876 1347 4932 vobis
1362 4877 1537 4932 concedimus
1561 4876 1707 4932 ordinandi
1729 4877 1833 4950 absque

1032 4965 1147 5035 alicujus
1176 4965 1362 5022 controversia
1390 4963 1586 5036 impedimenti.
1612 4963 1641 5019 Si
1668 4965 1733 5036 quis
1756 4982 1832 5032 vero,

1031 5070 1148 5127 magnus
1177 5053 1219 5109 vel
1251 5070 1364 5126 parvus,
1395 5061 1489 5110 contra
1512 5053 1564 5110 hoc
1585 5060 1711 5108 nostrum
1738 5054 1835 5111 decre-

1031 5160 1089 5210 tum
1118 5150 1145 5199 et
1180 5142 1367 5199 concessivam
1391 5141 1563 5215 largitionem
1595 5141 1624 5196 in
1647 5141 1744 5214 aliquo
1779 5159 1836 5198 sur·

1032 5243 1099 5300 gere
1121 5235 1297 5298 nostramque
1315 5226 1493 5297 apostolicam
1516 5224 1705 5281 auctoritatem
1731 5225 1838 5283 violare

1033 5316 1076 5372 vel
1100 5313 1238 5370 infirmare
1264 5315 1478 5386 presumpserit,
1502 5314 1569 5371 sciat
1594 5328 1625 5368 se
1648 5315 1838 5371 anathematis

1032 5403 1140 5460 vinculo
1154 5410 1254 5459 sanctae
1270 5403 1407 5459 Trinitatis
1425 5403 1596 5459 invocatione
1620 5409 1647 5456 ει
1660 5401 1736 5458 beati
1763 5404 1840 5460 Petri

1032 5491 1149 5564 apostoli
1164 5499 1297 5564 potestate
1318 5507 1352 5549 ac
1376 5490 1646 5549 nostraauctoritate
1664 5492 1841 5550 naamatites
