3826 6098
127 254 180 309 709
765 251 943 309 EPlSTOLAE
971 252 1016 308 ET
1035 253 1211 310 nochero.

127 349 277 406 revelatum
289 349 381 417 fuerit,
401 348 480 405 aliter
498 356 525 404 et
539 349 722 421 dispensetur.
744 350 851 405 Etenim
873 365 924 404 nos
943 349 972 410 A
1334 351 1414 407 LVII.

126 445 220 493 vestra
246 439 347 493 damna
370 445 465 494 nostra
493 437 638 504 credimus,
670 439 738 493 sicut
759 438 928 499 econtrario
1084 469 1121 509 A„
1134 471 1243 512 „om
1260 471 1414 512 mmm
1428 471 1666 514 „mmm

123 523 203 580 lucra
216 534 309 581 vestra
324 533 418 581 nostra
426 526 523 596 procul
532 525 616 581 dubio
631 527 803 598 deputamus.
816 526 929 597 Episco
1287 544 1378 616 (Anno
1393 546 1467 615 377.)

120 629 191 684 pum
205 614 311 671 interea
327 614 517 669 surrentinum
534 614 591 669 Sive
605 630 656 685 per
672 622 781 680 ¹⁸rs³m¹
805 614 863 675 sm
877 629 928 684 ⁹⁰¹
981 647 1164 703 Commendat
1178 666 1243 706 eom
1256 651 1288 706 do
1306 652 1366 707 zeto
1388 667 1453 721 erpo
1468 653 1561 707 sedem
1580 669 1596 706 o
1618 653 1767 710 ostaticum

120 717 203 758 mare
217 701 381 773 profectum,
399 702 527 773 quiajam
550 701 641 757 minus
666 704 830 774 recepimus,
856 701 929 757 h⁸l¹d
1015 723 1154 774 raooetat
1168 721 1220 775 sibi
1234 720 1398 790 adjumento
1414 723 1498 778 sitio
1520 669 1698 794 eapeiiendis
1724 697 1778 782 So3

115 805 224 859 parurn
239 790 353 845 moleste
368 790 498 857 tulimus;
514 799 542 845 et
556 790 608 845 nisi
623 791 699 846 ocius
722 790 852 857 mittatur,
870 804 929 846 mo·
1015 789 1280 863 rectissimoque
1289 792 1537 862 [rctremadtdcm
1546 794 1712 863 faciendum
1723 796 1779 851 tm-

115 876 222 933 lestius
247 893 303 933 uon
325 878 460 934 immerito
488 878 701 934 sustinebimus:
718 887 745 934 at
759 893 835 944 vero,
856 877 879 932 si
895 878 929 933 ad
1014 858 1114 928 fellat·

111 981 174 1021 nos
204 965 392 1022 indifferenter
414 966 493 1023 fuerit
516 967 678 1035 destinatus,
702 975 765 1023 tunc
788 982 888 1038 magna
903 973 930 1021 et
1016 962 1245 1023 lieverentissimo
1278 976 1304 1022 et
1332 967 1504 1024 sanctissimo
1532 971 1619 1025 hrorti
1647 971 1777 1045 episeopo

111 1053 206 1109 solita
230 1053 385 1110 devotionis
414 1063 467 1110 tuae
502 1071 733 1129 recognoscemus
762 1055 871 1120 indicia,
903 1062 930 1110 et
980 1050 1179 1120 Beneventano,

109 1157 196 1212 pure
210 1141 335 1213 profecto
350 1143 422 1199 circa
437 1142 604 1214 pontificium
623 1152 747 1199 nostrum
776 1142 929 1198 dilectionis
1017 1139 1158 1212 Susceptis
1180 1149 1261 1213 atque
1283 1142 1391 1199 relectis
1415 1144 1513 1200 litteris
1534 1146 1685 1203 sanctitatis
1712 1155 1776 1219 tuae,

103 1237 176 1285 tuae
208 1230 268 1286 sole
294 1229 395 1287 clarius
419 1231 548 1302 patebunt
562 1231 691 1303 insignia.
714 1230 848 1300 Optamus
864 1229 929 1303 glo·
981 1227 1083 1298 gratias
1102 1228 1280 1299 omnipotenti
1296 1231 1353 1285 Deo
1382 1232 1531 1298 retulimus,
1549 1241 1576 1289 et
1589 1251 1640 1305 pro
1656 1243 1707 1292 tua
1725 1236 1777 1294 de-

108 1317 207 1383 riam,
236 1324 290 1374 eto.
318 1317 387 1374 Data
408 1333 444 1373 xv
464 1319 602 1375 Kalendas
621 1317 752 1386 tannarii,
782 1317 929 1373 indictione
981 1314 1096 1370 sotionis
1111 1314 1209 1371 affectu
1235 1333 1340 1388 proque
1373 1318 1554 1375 sollicitudine
1578 1338 1661 1392 quam
1684 1323 1777 1395 inqui·
1829 1352 1832 1360 -

106 1403 249 1462 decima.
980 1401 1064 1456 rondo
1080 1402 1114 1457 de
1130 1403 1230 1458 nostris
1245 1405 1386 1459 eventibus
1401 1405 1528 1473 habuisti,
1553 1408 1667 1463 multum
1682 1410 1709 1466 in
1722 1411 1778 1468 Do·

494 1502 562 1557 Lvt.
979 1488 1052 1543 mino
1068 1489 1194 1560 gratulati
1205 1506 1309 1546 sumus.
1327 1492 1412 1549 Decet
1431 1493 1513 1560 enim,
1525 1502 1551 1548 et
1565 1496 1779 1554 omninocorom

202 1579 205 1585 ⁴
233 1627 271 1666 Ab
286 1584 642 1668 mmmm'scom
657 1625 820 1667 mmm
979 1576 1065 1632 oculis
1086 1577 1185 1633 divinas
1212 1579 1361 1646 majestatis
1387 1589 1475 1636 exstat
1503 1584 1680 1652 conveniens,
1704 1593 1733 1640 ut
1750 1585 1779 1641 hi

439 1721 529 1789 (ΑΒΠΟ
545 1717 620 1788 876)
940 1664 1780 1832 B(affigidlihlgaehanerrglalcdlaelseiiihnesrsjgthhlhlspidliffihzmss

367 1824 500 1897 Ejffldfm
514 1825 687 1895 “simuli-
981 1841 1045 1896 stris
1064 1841 1216 1911 aflectibus,
1237 1851 1263 1898 et
1277 1843 1369 1899 sinon
1388 1861 1439 1915 per
1465 1862 1575 1918 corpus,
1592 1864 1641 1919 per
1654 1803 1779 1920 spiritum

153 1929 332 1986 Lannocrno
345 1929 474 2000 episcopo
487 1928 627 1999 Capuano.
980 1929 1186 1999 amplectantur,
1212 1938 1238 1985 et
1265 1929 1387 1987 fraterna
1411 1932 1557 1991 dilectione
1581 1936 1658 2004 juxta
1681 1938 1779 1995 merita

153 2017 237 2074 Sicut
252 2017 288 2073 de
301 2016 452 2073 sanctitatis
467 2024 520 2072 tuae
541 2015 687 2074 devotione
717 2014 752 2071 ab
776 2015 840 2072 olim
864 2031 931 2090 erga
981 2016 1150 2088 singulorum
1167 2025 1323 2074 tractentur.
1339 2021 1380 2075 De
1395 2021 1447 2078 hoc
1461 2030 1552 2077 autem
1572 2024 1646 2095 quod
1664 2026 1777 2099 asseris,

104 2101 197 2161 hano
212 2113 338 2162 sancum
346 2105 500 2161 Romanam
514 2104 668 2161 Ecclesiam
689 2104 784 2159 habita
808 2103 931 2177 gratula-
981 2112 1007 2159 te
1021 2105 1055 2160 de
1074 2113 1167 2160 nostra
1182 2107 1297 2162 sanitate
1310 2107 1406 2177 latori,
1432 2109 1502 2165 sicut
1533 2118 1560 2165 et
1587 2112 1724 2169 contrario
1743 2114 1778 2171 de

100 2206 193 2258 mur,
212 2193 254 2249 ita
262 2194 298 2250 de
320 2191 470 2248 infidelium
499 2192 577 2249 etde
606 2191 778 2248 inimicorum
809 2192 932 2249 malevo·
982 2193 1160 2263 oppressione
1175 2194 1372 2251 Saracenorum
1395 2196 1505 2266 tristari,
1532 2198 1632 2270 optime
1656 2201 1777 2274 quidem,

96 2275 209 2338 lentio
248 2281 448 2348 constritarnur,
488 2280 644 2337 nullatenus
672 2281 707 2336 de
735 2281 931 2352 omnipotentis
982 2288 1011 2335 ut
1025 2280 1060 2335 ita
1075 2281 1199 2350 dixerim,
1217 2291 1347 2354 quantum
1361 2283 1427 2339 foris
1442 2293 1494 2351 est,
1510 2287 1678 2358 tangis;sed
1693 2305 1780 2361 quan·

91 2365 166 2426 Dei
185 2369 378 2426 misericordia
392 2367 555 2437 diffidentes,
572 2368 646 2441 quod
671 2377 698 2424 et
723 2368 772 2423 tibi
793 2369 932 2443 condigna
982 2375 1038 2422 tum
1052 2369 1124 2424 intus
1138 2378 1191 2440 est,
1213 2370 1289 2440 juxta
1318 2372 1519 2428 tribulationem
1544 2391 1624 2446 quam
1651 2378 1777 2449 patimur,

88 2457 342 2529 recompensatio
364 2464 392 2512 et
414 2456 468 2512 illis
491 2457 636 2528 repentina
658 2455 784 2512 confusio
808 2465 932 2514 mature-
982 2472 1037 2512 non
1050 2457 1180 2514 advertis.
1197 2459 1335 2532 Praeoipue
1351 2476 1414 2517 curn
1427 2477 1477 2532 pro
1490 2463 1582 2534 populi
1601 2464 1679 2520 nohis
1699 2480 1779 2523 com-

85 2550 166 2604 tur.
190 2545 309 2616 Verum,
326 2552 352 2601 et
373 2545 514 2611 condecet,
545 2544 728 2601 reverentiam
760 2553 813 2601 tusa
837 2544 934 2601 frater·
981 2544 1058 2600 missi
1072 2547 1222 2603 vastatione
1237 2548 1325 2604 solum
1344 2549 1423 2605 nobis
1439 2550 1555 2620 supersit
1571 2553 1735 2623 sepulcrum,
1751 2560 1779 2611 et

85 2635 217 2693 uitatis
231 2632 408 2690 laudabiliter
422 2633 627 2704 amplectentes,
644 2640 670 2687 et
681 2633 786 2705 gratias
812 2634 932 2705 agimus,
982 2632 1089 2703 probis
1103 2634 1147 2705 qui
1162 2634 1305 2691 nobiscum
1323 2645 1429 2692 certare
1444 2638 1603 2709 debuerant,
1620 2649 1645 2695 et
1660 2656 1715 2697 non
1729 2656 1777 2698 so-

85 2733 131 2780 et
149 2732 191 2779 ut
216 2723 249 2778 iu
275 2722 347 2778 bono
374 2737 555 2793 perseverare
578 2719 766 2793 proficereque
796 2722 931 2791 decertes,
983 2719 1039 2775 lum
1053 2720 1169 2777 inimicis
1188 2722 1288 2778 Christi
1308 2723 1423 2794 faveant,
1436 2725 1485 2780 sed
1499 2726 1582 2782 etiarn
1597 2737 1720 2784 nostrum
1734 2729 1779 2785 la·
1835 2768 1842 2780 .

82 2810 283 2885 apostolica
297 2810 503 2865 mansuetudine
521 2810 703 2880 deprecamur
718 2827 725 2864 ε
743 2818 876 2881 quatenus
886 2809 933 2883 qui
982 2808 1077 2863 horem
1104 2809 1261 2879 impediant,
1292 2796 1432 2867 immensis
1459 2815 1592 2886 angustiis
1621 2825 1778 2875 aestuemus.

80 2896 131 2956 in
152 2899 226 2955 illis
243 2897 404 2970 regionibus
419 2905 444 2952 et
463 2897 605 2954 sanctitate
627 2898 774 2954 decoratus
803 2907 830 2953 et
853 2899 935 2955 devo-
983 2898 1038 2952 Sed
1052 2897 1079 2951 in
1095 2897 1136 2952 his
1151 2914 1207 2954 uon
1220 2899 1309 2954 solum
1324 2900 1580 2958 nohisorationibus
1598 2905 1703 2960 avohis
1718 2906 1781 2962 sub·

77 2990 193 3046 tione
226 2985 357 3057 prelatus
385 3001 425 3052 es,
451 2985 490 3040 sis
517 2985 600 3040 etiarn
619 2993 713 3041 contra
740 2985 927 3042 tortitudinem
982 2985 1069 3040 veniri
1084 3001 1239 3056 precamur,
1255 3003 1348 3044 verum
1364 2989 1444 3043 etiam
1460 3006 1528 3061 quos
1543 3006 1560 3046 a
1574 2994 1710 3048 communi
1724 3010 1778 3051 no·

72 3075 232 3152 regula,
250 3080 278 3129 et
297 3073 366 3131 sicut
393 3074 522 3129 hactenus
542 3072 640 3129 fecisse
670 3074 806 3144 probaris,
833 3083 926 3130 contra
978 3081 1035 3128 stro
1048 3074 1198 3129 certamine
1209 3074 1318 3131 deviare
1331 3077 1486 3148 cognoscis,
1503 3086 1530 3133 et
1539 3081 1663 3152 exemplo
1672 3082 1775 3153 operis,

70 3161 250 3223 infelices
266 3161 390 3231 felicitas,
407 3169 435 3217 et
453 3168 548 3218 contra
569 3161 677 3233 iniquos
702 3162 826 3234 aequitas,
843 3171 925 3234 atque
977 3168 1003 3216 et
1018 3161 1103 3217 verbo
1127 3163 1326 3233 praedicationis
1341 3180 1464 3230 revoces,
1481 3168 1665 3223 exhortamur.
1687 3169 1776 3226 Caete-

69 3250 151 3312 lux
171 3257 284 3311 contra
297 3251 443 3317 tenebras;
460 3249 550 3306 sciens
564 3250 637 3305 illius
648 3249 736 3322 quide
747 3251 868 3306 tenebris
879 3251 926 3307 dat
977 3265 1036 3303 rum
1051 3249 1113 3304 licet
1129 3258 1223 3305 nostro
1238 3251 1321 3305 itiniri
1339 3252 1492 3322 Neapolim,
1504 3254 1583 3309 nobis
1591 3271 1641 3325 pro
1656 3256 1774 3314 maxima

66 3339 212 3402 lucem
228 3339 435 3411 splendescere,
451 3338 575 3394 solatium
600 3339 680 3394 nohis
698 3346 725 3394 et
749 3339 826 3394 vobis
846 3339 925 3394 citius
976 3345 1075 3392 nostrae
1088 3337 1218 3393 Ecclesiae
1233 3339 1397 3394 necessitate
1405 3356 1492 3411 nuper
1501 3341 1707 3398 advenientibus
1718 3359 1775 3401 non

67 3433 293 3493 adfuturum,
316 3434 343 3483 et
363 3426 445 3482 nimis
465 3426 511 3481 diu
534 3425 640 3482 afflictas
665 3426 766 3483 Christi
793 3426 925 3483 Ecclesia
976 3424 1135 3492 adhaeseris,
1157 3433 1247 3481 tamen
1263 3427 1336 3498 quod
1349 3443 1398 3498 per
1411 3429 1582 3498 praesentiam
1603 3446 1659 3486 non
1682 3432 1773 3505 egisti,

65 3519 339 3590 omnipotentem
367 3515 513 3571 Dominum
548 3515 747 3571 consulturum.
790 3516 925 3571 Praeterea
975 3528 1024 3583 per
1037 3512 1197 3580 absentiam,
1214 3514 1237 3568 si
1250 3513 1296 3568 ille
1311 3514 1386 3570 calor
1401 3514 1465 3572 fidei
1485 3516 1513 3570 in
1541 3526 1567 3572 te
1590 3518 1664 3590 viget
1692 3536 1774 3592 quem

69 3608 187 3682 quod
209 3605 250 3661 de
266 3604 408 3674 adjutorio,
424 3603 503 3660 sicuti
517 3611 544 3658 et
558 3603 656 3676 ingens
670 3602 821 3660 necessitas
837 3603 925 3658 omni·
976 3600 1122 3670 credimus,
1138 3617 1221 3672 agere
1235 3618 1347 3672 prorsus
1362 3603 1474 3658 valebis.
1491 3605 1643 3661 Beneenim
1659 3614 1705 3664 tuo
1718 3609 1775 3664 rni-

69 3696 210 3754 modis
227 3691 357 3765 postulat,
372 3709 388 3746 a
402 3692 482 3748 nobis
497 3691 663 3747 conferendo
677 3691 814 3762 deposcis,
830 3691 883 3747 hoc
898 3698 925 3746 et
975 3689 1085 3745 nisterio
1113 3690 1198 3756 cedis,
1221 3690 1245 3744 si
1259 3697 1285 3745 et
1298 3690 1420 3746 laborem
1435 3701 1568 3759 nostrum,
1590 3710 1672 3767 quem
1692 3697 1774 3756 valde

73 3804 156 3844 nos
168 3780 361 3850 meditamur,
376 3781 428 3837 hoc
442 3781 577 3850 volumus,
594 3788 621 3836 et
636 3780 728 3835 divina
742 3780 832 3852 gratia
856 3795 924 3852 pro·
975 3776 1079 3832 debiles
1103 3793 1218 3849 corpore
1243 3794 1294 3849 pro
1320 3779 1479 3835 liberatione
1507 3782 1650 3837 Christiani
1678 3785 1773 3857 populi

74 3879 246 3950 tegente,
263 3870 316 3925 cito
344 3884 395 3925 nos
419 3869 563 3926 collaturos
584 3868 763 3925 confidimus:
780 3869 844 3942 quic
868 3870 924 3939 iarn
975 3873 1038 3921 tuno
1053 3867 1260 3937 assumpsimus,
1282 3875 1433 3938 opportune
1453 3869 1581 3936 advertis,
1607 3878 1634 3927 et
1656 3873 1772 3931 tribula·

82 3959 310 4023 edamimmm
326 3957 406 4013 nobis
426 3957 565 4014 commissi
589 3957 682 4029 populi
712 3957 847 4014 sustinere
869 3974 925 4015 non
975 3953 1066 4020 tionis,
1087 3970 1168 4025 quam
1183 3955 1264 4009 modo
1274 3955 1399 4026 patimur,
1416 3972 1521 4013 mernor
1545 3975 1653 4028 semper
1668 3960 1773 4019 existis.

87 4063 291 4127 pessumum
304 4047 360 4116 jam
374 4046 591 4102 devastationem
606 4053 686 4101 terrae
701 4046 780 4101 istius
801 4046 925 4117 aspicere
975 4040 1044 4095 Nam
1058 4057 1196 4112 nunquam
1211 4043 1353 4098 consilium
1368 4043 1461 4099 fratris
1474 4045 1513 4099 tui
1526 4062 1578 4117 per
1590 4047 1694 4119 aliquos
1710 4057 1774 4106 tan·

95 4157 164 4198 non
183 4134 363 4202 sufficimus3
387 4141 545 4207 tantumque
573 4134 706 4204 dolemus,
736 4142 765 4189 ut
788 4134 841 4191 dici
870 4151 924 4190 non
975 4137 1031 4183 tum
1055 4130 1175 4186 subverti
1198 4131 1294 4201 potuit,
1322 4141 1451 4203 quantum
1472 4150 1522 4204 per
1549 4143 1600 4191 tues
1624 4138 1774 4195 sanctitatis

104 4226 221 4302 possit,
235 4223 261 4279 si
275 4239 371 4279 ornnes
384 4231 456 4278 anus
472 4224 559 4279 nostri
587 4230 726 4278 venantur
748 4223 775 4278 in
790 4223 923 4296 linguam.
975 4217 1114 4273 solertiam
1132 4219 1318 4274 immutatione
1332 4220 1452 4275 dexterae
1470 4222 1578 4277 Excelsi
1600 4239 1654 4278 non
1684 4226 1772 4294 possit

112 4319 302 4386 Quapropter
314 4311 457 4380 vellemus,
474 4311 593 4367 adhibito
610 4311 758 4366 sanctitatis
786 4319 839 4366 tuae
854 4327 922 4367 con·
975 4306 1116 4360 convertit.
1136 4307 1184 4359 Eia
1204 4305 1296 4377 igitur,
1309 4304 1393 4361 frater
1407 4308 1578 4375 charissime,
1590 4311 1704 4381 accinge
1719 4313 1774 4383 epi-

122 4405 204 4470 mtm,
230 4399 391 4456 necessaria
418 4400 453 4455 ad
476 4414 649 4455 communem
677 4399 848 4454 securitatem
872 4414 923 4455 ne.
937 4386 964 4448 D
976 4392 1123 4462 scopaliter
1141 4392 1248 4447 lumbos
1263 4401 1332 4459 tuos,
1350 4401 1376 4447 et
1384 4394 1538 4449 medullitus
1546 4395 1773 4456 fratrumnostro·

126 4491 196 4564 gotia
211 4488 365 4561 praevidere
381 4505 388 4542 τ
404 4487 729 4559 tamenpraeterirlquod
749 4487 783 4542 ad
803 4502 924 4558 praescns
974 4497 1044 4546 rum,
1061 4496 1111 4551 pro
1125 4480 1224 4550 quibus
1247 4480 1369 4536 Christus
1398 4498 1477 4537 suurn
1497 4485 1658 4556 sanguinem
1687 4486 1767 4557 fudit,

130 4577 235 4635 difficile
249 4591 333 4648 posse
346 4575 416 4639 fieri,
433 4584 461 4630 ut
477 4575 515 4631 ita
529 4576 687 4643 dixerimus,
704 4575 841 4642 cernitur3
862 4591 924 4631 curn
974 4583 1057 4624 ncces
1076 4576 1157 4639 etque
1167 4569 1240 4624 dictu
1254 4570 1418 4625 horrendam
1428 4572 1607 4643 captivitatem
1617 4575 1768 4648 perpende,

131 4667 243 4736 primum
259 4679 290 4719 se
311 4664 392 4719 nobis
418 4679 500 4735 posse
523 4664 678 4735 praebuerit,
701 4678 855 4735 quanquam
869 4662 924 4717 im-
974 4665 1000 4711 et
1008 4656 1086 4711 tosto
1096 4661 1261 4729 opportune,
1270 4660 1477 4730 impot·tuoc(ll
1485 4663 1552 4716 Tim.
1561 4661 1592 4732 ι),
1602 4661 1768 4736 fratremque

131 4752 257 4824 periclem
285 4751 432 4808 exereitum
454 4768 505 4808 nos
528 4752 582 4807 cito
606 4751 746 4806 habituros
771 4767 922 4821 speremus,
971 4744 1029 4811 iam
1043 4744 1144 4800 dietum
1158 4746 1277 4816 monitis,
1294 4745 1348 4801 imo
1363 4747 1454 4802 verbis
1468 4748 1658 4820 increpatoriis
1674 4753 1774 4808 exhor·

131 4841 196 4897 hanc
211 4840 301 4912 ipsam
315 4840 506 4896 necessitatem
521 4839 654 4911 spirituali
669 4838 724 4894 filio
739 4847 833 4895 nostro
852 4855 926 4896 sere·
974 4839 1041 4898 1³¹0,
1057 4840 1088 4886 ut
1106 4841 1214 4888 nostros
1228 4833 1288 4905 pios
1303 4842 1418 4890 conatus
1433 4844 1572 4907 sequatur,
1589 4846 1616 4893 θῑ
1629 4854 1680 4911 pro
1696 4840 1773 4896 Chri·

131 4929 240 4985 nissimo
254 4943 364 5000 semper
376 4933 500 5003 Angusto
515 4945 625 4983 rursum
649 4925 873 5001 significabimus,
899 4936 926 4983 et
974 4920 1070 4975 stianis
1088 4921 1169 4976 nobis
1183 4922 1348 4977 certantibus
1374 4938 1453 4993 opem
1468 4924 1576 4992 tribuat,
1606 4929 1772 4985 voluntatem

131 5018 329 5091 aequanimius
343 5017 637 5090 nohispmenfivirmm
652 5017 802 5085 subvemat,
824 5017 924 5071 humil.
974 5009 1110 5078 extendat,
1132 5017 1157 5063 et
1171 5025 1241 5080 opus
1256 5018 1282 5065 te
1292 5010 1407 5066 instante
1422 5013 1542 5092 exibeat,
1555 5023 1583 5070 et
1607 5016 1771 5074 misereatur

123 5107 198 5162 limis
222 5107 352 5178 precibus
382 5108 599 5164 exhortabimur,
625 5106 819 5162 Verumtamen
841 5122 928 5179 prope
974 5097 1057 5153 Deus.
1075 5095 1146 5164 Quid
1169 5096 1248 5153 nobis
1269 5098 1376 5168 proficit
1395 5100 1577 5159 Christianum
1596 5105 1770 5177 vocabulum,

126 5195 320 5253 estltominas
335 5195 923 5254 omotbastmocootttcseamioveritate.
976 5186 998 5240 δί
1012 5201 1096 5256 opere
1125 5185 1278 5243 Chrisliffl
1299 5191 1451 5244 ⁰⁸10111¹¹⁸7
1473 5189 1545 5258 Quid
1566 5193 1678 5263 prodest
1692 5195 1771 5251 ¹10bi⁵

135 5285 310 5340 Voluntatem
333 5285 499 5341 timentium
515 5301 544 5340 te
562 5286 660 5354 saciet,
671 5283 821 5348 orationes,
831 5299 929 5339 eorum
975 5273 1139 5347 003110Vi⁸³0
1153 5273 1226 5329 Viam
1238 5275 1358 5344 justiliae,
1374 5279 1484 5350 quondo
1499 5289 1560 5351 post
1588 5282 1773 5355 cognitionem

117 5371 311 5440 <samum
325 5373 416 5431 ,alvos
433 5373 521 5444 samm
537 5370 789 5442 memmimus),
803 5372 926 5428 natam
975 5371 1126 5418 retrorsum
1140 5363 1275 5433 conversi,
1292 5379 1354 5420 cum
1369 5365 1487 5424 inimicis
1501 5368 1772 5430 Christianinomiuis

138 5457 196 5515 Kal.
207 5460 330 5530 tenuas„
352 5459 447 5518 indict.
457 5477 484 5518 x.
975 5457 1031 5538 tam
1044 5449 1131 5508 libere
1145 5449 1252 5510 saura
1264 5453 1444 5526 copulamus?
1456 5456 1543 5531 Ergo,
1561 5458 1630 5517 sicut
1643 5460 1772 5532 diximus,
