<?xml version="1.0" encoding="UTF-8"?>
<!DOCTYPE html PUBLIC "-//W3C//DTD XHTML 1.0 Transitional//EN"
    "http://www.w3.org/TR/xhtml1/DTD/xhtml1-transitional.dtd">
<html xmlns="http://www.w3.org/1999/xhtml" xml:lang="en" lang="en">
 <head>
  <title>
</title>
<meta http-equiv="Content-Type" content="text/html;charset=utf-8" />
  <meta name='ocr-system' content='tesseract 3.04.00' />
  <meta name='ocr-capabilities' content='ocr_page ocr_carea ocr_par ocr_line ocrx_word'/>
</head>
<body>
  <div class='ocr_page' id='page_1' title='image "./patrologiaecurs81unkngoog/patrologiaecurs81unkngoog_0257.png"; bbox 0 0 3826 6098; ppageno 0'>
   <div class='ocr_carea' id='block_1_1' title="bbox 134 176 1785 244">
    <p class='ocr_par' dir='ltr' id='par_1_1' title="bbox 134 176 1785 244">
     <span class='ocr_line' id='line_1_1' title="bbox 134 176 1785 244; baseline -0.006 0"><span class='ocrx_word' id='word_1_1' title='bbox 134 190 187 244; x_wconf 75' lang='grc'>503</span> <span class='ocrx_word' id='word_1_2' title='bbox 638 181 809 239; x_wconf 75' lang='lat' dir='ltr'>studitam</span> <span class='ocrx_word' id='word_1_3' title='bbox 823 176 1024 237; x_wconf 79' lang='lat' dir='ltr'>RHEMENSIS</span> <span class='ocrx_word' id='word_1_4' title='bbox 1039 176 1316 235; x_wconf 78' lang='lat' dir='ltr'>ARCHIEPISCOPI.</span> <span class='ocrx_word' id='word_1_5' title='bbox 1733 181 1785 236; x_wconf 77' lang='lat' dir='ltr'>tus</span> 
     </span>
    </p>
   </div>
   <div class='ocr_carea' id='block_1_2' title="bbox 132 301 1785 646">
    <p class='ocr_par' dir='ltr' id='par_1_2' title="bbox 132 301 1785 646">
     <span class='ocr_line' id='line_1_2' title="bbox 132 301 1784 383; baseline -0.004 -17"><span class='ocrx_word' id='word_1_6' title='bbox 132 317 245 383; x_wconf 91' lang='lat' dir='ltr'>propter</span> <span class='ocrx_word' id='word_1_7' title='bbox 269 307 378 382; x_wconf 90' lang='lat' dir='ltr'>quando</span> <span class='ocrx_word' id='word_1_8' title='bbox 399 306 463 364; x_wconf 92' lang='lat' dir='ltr'>talia</span> <span class='ocrx_word' id='word_1_9' title='bbox 481 306 547 363; x_wconf 93' lang='lat' dir='ltr'>mibi</span> <span class='ocrx_word' id='word_1_10' title='bbox 571 307 606 362; x_wconf 89' lang='lat' dir='ltr'>ad</span> <span class='ocrx_word' id='word_1_11' title='bbox 620 306 803 378; x_wconf 81' lang='lat' dir='ltr'>profitendum</span> <span class='ocrx_word' id='word_1_12' title='bbox 817 311 844 360; x_wconf 92' lang='lat' dir='ltr'>et</span> <span class='ocrx_word' id='word_1_13' title='bbox 859 303 926 359; x_wconf 91' lang='lat' dir='ltr'>sub·</span> <span class='ocrx_word' id='word_1_14' title='bbox 940 301 1784 375; x_wconf 75' lang='lat' dir='ltr'>Acommunicationeeliesacramentisautemateregiprae·</span> 
     </span>
     <span class='ocr_line' id='line_1_3' title="bbox 132 391 1784 466; baseline -0.005 -12"><span class='ocrx_word' id='word_1_15' title='bbox 132 397 307 454; x_wconf 85' lang='lat' dir='ltr'>scribendum</span> <span class='ocrx_word' id='word_1_16' title='bbox 328 396 438 464; x_wconf 91' lang='lat' dir='ltr'>misisti,</span> <span class='ocrx_word' id='word_1_17' title='bbox 464 396 535 452; x_wconf 89' lang='lat' dir='ltr'>scire</span> <span class='ocrx_word' id='word_1_18' title='bbox 558 396 694 450; x_wconf 77' lang='lat' dir='ltr'>debueras</span> <span class='ocrx_word' id='word_1_19' title='bbox 716 394 790 466; x_wconf 86' lang='lat' dir='ltr'>quod</span> <span class='ocrx_word' id='word_1_20' title='bbox 817 394 848 447; x_wconf 93' lang='lat' dir='ltr'>in</span> <span class='ocrx_word' id='word_1_21' title='bbox 872 394 931 449; x_wconf 88' lang='lat' dir='ltr'>istis</span> <span class='ocrx_word' id='word_1_22' title='bbox 983 391 1053 445; x_wconf 91' lang='lat' dir='ltr'>stitis</span> <span class='ocrx_word' id='word_1_23' title='bbox 1068 399 1175 446; x_wconf 89' lang='lat' dir='ltr'>nonest</span> <span class='ocrx_word' id='word_1_24' title='bbox 1190 392 1255 446; x_wconf 90' lang='lat' dir='ltr'>mibi</span> <span class='ocrx_word' id='word_1_25' title='bbox 1268 408 1380 447; x_wconf 90' lang='lat' dir='ltr'>necesse</span> <span class='ocrx_word' id='word_1_26' title='bbox 1395 391 1498 464; x_wconf 91' lang='lat' dir='ltr'>aliquid</span> <span class='ocrx_word' id='word_1_27' title='bbox 1514 391 1784 463; x_wconf 85' lang='lat' dir='ltr'>scribere,quoniam</span> 
     </span>
     <span class='ocr_line' id='line_1_4' title="bbox 133 479 1785 559; baseline -0.004 -18"><span class='ocrx_word' id='word_1_28' title='bbox 133 486 292 559; x_wconf 76' lang='lat' dir='ltr'>regionibus</span> <span class='ocrx_word' id='word_1_29' title='bbox 313 501 394 542; x_wconf 90' lang='lat' dir='ltr'>nemo</span> <span class='ocrx_word' id='word_1_30' title='bbox 418 501 488 556; x_wconf 91' lang='lat' dir='ltr'>pene</span> <span class='ocrx_word' id='word_1_31' title='bbox 517 485 634 558; x_wconf 81' lang='lat' dir='ltr'><strong>ignorat,</strong></span> <span class='ocrx_word' id='word_1_32' title='bbox 671 483 735 554; x_wconf 92' lang='lat' dir='ltr'>quia</span> <span class='ocrx_word' id='word_1_33' title='bbox 756 482 933 553; x_wconf 89' lang='lat' dir='ltr'>municipium</span> <span class='ocrx_word' id='word_1_34' title='bbox 983 495 1053 551; x_wconf 88' lang='lat' dir='ltr'>pene</span> <span class='ocrx_word' id='word_1_35' title='bbox 1067 480 1268 548; x_wconf 89' lang='lat' dir='ltr'>omnesseiunt,</span> <span class='ocrx_word' id='word_1_36' title='bbox 1279 481 1344 552; x_wconf 92' lang='lat' dir='ltr'>quid</span> <span class='ocrx_word' id='word_1_37' title='bbox 1359 480 1393 535; x_wconf 89' lang='lat' dir='ltr'>de</span> <span class='ocrx_word' id='word_1_38' title='bbox 1407 479 1537 552; x_wconf 89' lang='lat' dir='ltr'>perjurio,</span> <span class='ocrx_word' id='word_1_39' title='bbox 1546 479 1644 535; x_wconf 86' lang='lat' dir='ltr'>siiorte</span> <span class='ocrx_word' id='word_1_40' title='bbox 1659 479 1726 534; x_wconf 89' lang='lat' dir='ltr'>illud</span> <span class='ocrx_word' id='word_1_41' title='bbox 1735 479 1785 534; x_wconf 88' lang='lat' dir='ltr'>ad-</span> 
     </span>
     <span class='ocr_line' id='line_1_5' title="bbox 134 567 1782 646; baseline -0.004 -17"><span class='ocrx_word' id='word_1_42' title='bbox 134 573 273 641; x_wconf 89' lang='lat' dir='ltr'>Lauduni,</span> <span class='ocrx_word' id='word_1_43' title='bbox 290 575 319 629; x_wconf 93' lang='lat' dir='ltr'>in</span> <span class='ocrx_word' id='word_1_44' title='bbox 334 590 387 646; x_wconf 92' lang='lat' dir='ltr'>quo</span> <span class='ocrx_word' id='word_1_45' title='bbox 404 590 434 630; x_wconf 90' lang='lat' dir='ltr'>es</span> <span class='ocrx_word' id='word_1_46' title='bbox 448 573 587 628; x_wconf 89' lang='lat' dir='ltr'>ordinatus</span> <span class='ocrx_word' id='word_1_47' title='bbox 602 572 756 644; x_wconf 90' lang='lat' dir='ltr'>episcopus,</span> <span class='ocrx_word' id='word_1_48' title='bbox 773 571 807 626; x_wconf 92' lang='lat' dir='ltr'>ab</span> <span class='ocrx_word' id='word_1_49' title='bbox 821 571 932 627; x_wconf 88' lang='lat' dir='ltr'>exordio</span> <span class='ocrx_word' id='word_1_50' title='bbox 982 567 1089 633; x_wconf 90' lang='lat' dir='ltr'>misisti,</span> <span class='ocrx_word' id='word_1_51' title='bbox 1102 568 1234 624; x_wconf 89' lang='lat' dir='ltr'>Dominus</span> <span class='ocrx_word' id='word_1_52' title='bbox 1241 569 1268 623; x_wconf 94' lang='lat' dir='ltr'>in</span> <span class='ocrx_word' id='word_1_53' title='bbox 1277 568 1338 640; x_wconf 87' lang='lat' dir='ltr'>lege</span> <span class='ocrx_word' id='word_1_54' title='bbox 1345 577 1371 624; x_wconf 89' lang='lat' dir='ltr'>et</span> <span class='ocrx_word' id='word_1_55' title='bbox 1382 568 1532 641; x_wconf 88' lang='lat' dir='ltr'>prophetis,</span> <span class='ocrx_word' id='word_1_56' title='bbox 1540 568 1600 623; x_wconf 89' lang='lat' dir='ltr'>etin</span> <span class='ocrx_word' id='word_1_57' title='bbox 1619 567 1782 642; x_wconf 80' lang='lat' dir='ltr'>Evangelio,</span> 
     </span>
    </p>
   </div>
   <div class='ocr_carea' id='block_1_3' title="bbox 54 657 1793 5427">
    <p class='ocr_par' dir='ltr' id='par_1_3' title="bbox 54 657 1793 5427">
     <span class='ocr_line' id='line_1_6' title="bbox 134 657 1783 736; baseline -0.003 -18"><span class='ocrx_word' id='word_1_58' title='bbox 134 663 185 728; x_wconf 89' lang='lat' dir='ltr'>sui,</span> <span class='ocrx_word' id='word_1_59' title='bbox 209 671 394 734; x_wconf 89' lang='lat' dir='ltr'>postquama</span> <span class='ocrx_word' id='word_1_60' title='bbox 428 661 581 718; x_wconf 84' lang='lat' dir='ltr'>Marcobrio</span> <span class='ocrx_word' id='word_1_61' title='bbox 602 667 730 732; x_wconf 86' lang='lat' dir='ltr'>praetore,</span> <span class='ocrx_word' id='word_1_62' title='bbox 763 668 791 714; x_wconf 89' lang='lat' dir='ltr'>ut</span> <span class='ocrx_word' id='word_1_63' title='bbox 815 659 933 729; x_wconf 88' lang='lat' dir='ltr'>produnt</span> <span class='ocrx_word' id='word_1_64' title='bbox 983 664 1009 710; x_wconf 92' lang='lat' dir='ltr'>et</span> <span class='ocrx_word' id='word_1_65' title='bbox 1023 657 1224 736; x_wconf 83' lang='lat' dir='ltr'>parapostolos</span> <span class='ocrx_word' id='word_1_66' title='bbox 1247 671 1279 713; x_wconf 89' lang='lat' dir='ltr'>ac</span> <span class='ocrx_word' id='word_1_67' title='bbox 1294 657 1425 714; x_wconf 66' lang='lat' dir='ltr'>Ecclesiae</span> <span class='ocrx_word' id='word_1_68' title='bbox 1450 658 1577 712; x_wconf 89' lang='lat' dir='ltr'>doctores</span> <span class='ocrx_word' id='word_1_69' title='bbox 1593 664 1675 728; x_wconf 87' lang='lat' dir='ltr'>atque</span> <span class='ocrx_word' id='word_1_70' title='bbox 1692 657 1783 730; x_wconf 89' lang='lat' dir='ltr'>magi·</span> 
     </span>
     <span class='ocr_line' id='line_1_7' title="bbox 133 745 1783 822; baseline -0.003 -16"><span class='ocrx_word' id='word_1_71' title='bbox 133 751 263 817; x_wconf 80' lang='lat' dir='ltr'>historiae,</span> <span class='ocrx_word' id='word_1_72' title='bbox 295 750 433 806; x_wconf 92' lang='lat' dir='ltr'>conditum</span> <span class='ocrx_word' id='word_1_73' title='bbox 448 748 506 816; x_wconf 86' lang='lat' dir='ltr'>suit,</span> <span class='ocrx_word' id='word_1_74' title='bbox 523 766 663 822; x_wconf 89' lang='lat' dir='ltr'>nunquam</span> <span class='ocrx_word' id='word_1_75' title='bbox 682 749 753 803; x_wconf 91' lang='lat' dir='ltr'>inter</span> <span class='ocrx_word' id='word_1_76' title='bbox 769 748 849 803; x_wconf 88' lang='lat' dir='ltr'>sedes</span> <span class='ocrx_word' id='word_1_77' title='bbox 864 764 931 819; x_wconf 91' lang='lat' dir='ltr'>pro·</span> <span class='ocrx_word' id='word_1_78' title='bbox 983 752 1052 799; x_wconf 87' lang='lat' dir='ltr'>stros</span> <span class='ocrx_word' id='word_1_79' title='bbox 1068 745 1147 801; x_wconf 89' lang='lat' dir='ltr'>dicat.</span> <span class='ocrx_word' id='word_1_80' title='bbox 1163 747 1196 800; x_wconf 89' lang='lat' dir='ltr'>Et</span> <span class='ocrx_word' id='word_1_81' title='bbox 1206 745 1279 817; x_wconf 88' lang='lat' dir='ltr'>quia,</span> <span class='ocrx_word' id='word_1_82' title='bbox 1300 753 1329 800; x_wconf 93' lang='lat' dir='ltr'>ut</span> <span class='ocrx_word' id='word_1_83' title='bbox 1352 746 1380 800; x_wconf 89' lang='lat' dir='ltr'>in</span> <span class='ocrx_word' id='word_1_84' title='bbox 1392 745 1512 801; x_wconf 83' lang='lat' dir='ltr'>decretis</span> <span class='ocrx_word' id='word_1_85' title='bbox 1536 745 1783 816; x_wconf 75' lang='lat' dir='ltr'>apostolicaesedis</span> 
     </span>
     <span class='ocr_line' id='line_1_8' title="bbox 134 831 1784 910; baseline -0.002 -16"><span class='ocrx_word' id='word_1_86' title='bbox 134 838 263 895; x_wconf 84' lang='lat' dir='ltr'>vinciales</span> <span class='ocrx_word' id='word_1_87' title='bbox 278 839 447 894; x_wconf 86' lang='lat' dir='ltr'>Rbemorum</span> <span class='ocrx_word' id='word_1_88' title='bbox 461 838 620 910; x_wconf 75' lang='lat' dir='ltr'>provincia,</span> <span class='ocrx_word' id='word_1_89' title='bbox 632 837 660 891; x_wconf 91' lang='lat' dir='ltr'>in</span> <span class='ocrx_word' id='word_1_90' title='bbox 674 837 835 908; x_wconf 80' lang='lat' dir='ltr'>paganismo</span> <span class='ocrx_word' id='word_1_91' title='bbox 849 835 894 890; x_wconf 82' lang='lat' dir='ltr'>rel</span> <span class='ocrx_word' id='word_1_92' title='bbox 904 836 932 891; x_wconf 92' lang='lat' dir='ltr'>in</span> <span class='ocrx_word' id='word_1_93' title='bbox 982 831 1090 900; x_wconf 87' lang='lat' dir='ltr'>dicitur,</span> <span class='ocrx_word' id='word_1_94' title='bbox 1103 833 1238 889; x_wconf 87' lang='lat' dir='ltr'>noluimus</span> <span class='ocrx_word' id='word_1_95' title='bbox 1254 849 1422 906; x_wconf 88' lang='lat' dir='ltr'>exaggerare</span> <span class='ocrx_word' id='word_1_96' title='bbox 1447 834 1520 906; x_wconf 86' lang='lat' dir='ltr'>quod</span> <span class='ocrx_word' id='word_1_97' title='bbox 1544 836 1653 907; x_wconf 84' lang='lat' dir='ltr'>gestum</span> <span class='ocrx_word' id='word_1_98' title='bbox 1677 842 1729 902; x_wconf 89' lang='lat' dir='ltr'>est,</span> <span class='ocrx_word' id='word_1_99' title='bbox 1747 851 1784 890; x_wconf 91' lang='lat' dir='ltr'>ne</span> 
     </span>
     <span class='ocr_line' id='line_1_9' title="bbox 135 917 1784 996; baseline -0.002 -14"><span class='ocrx_word' id='word_1_100' title='bbox 135 926 350 993; x_wconf 82' lang='lat' dir='ltr'>Christianisrrm,</span> <span class='ocrx_word' id='word_1_101' title='bbox 365 943 465 981; x_wconf 86' lang='lat' dir='ltr'>nomen</span> <span class='ocrx_word' id='word_1_102' title='bbox 480 917 623 982; x_wconf 87' lang='lat' dir='ltr'>vellocum</span> <span class='ocrx_word' id='word_1_103' title='bbox 644 925 745 994; x_wconf 88' lang='lat' dir='ltr'>hahuit,</span> <span class='ocrx_word' id='word_1_104' title='bbox 763 925 851 980; x_wconf 92' lang='lat' dir='ltr'>donec</span> <span class='ocrx_word' id='word_1_105' title='bbox 866 941 931 978; x_wconf 87' lang='lat' dir='ltr'>san·</span> <span class='ocrx_word' id='word_1_106' title='bbox 982 936 1116 993; x_wconf 84' lang='lat' dir='ltr'>cogamur</span> <span class='ocrx_word' id='word_1_107' title='bbox 1129 922 1251 991; x_wconf 90' lang='lat' dir='ltr'>judicare</span> <span class='ocrx_word' id='word_1_108' title='bbox 1270 924 1343 994; x_wconf 85' lang='lat' dir='ltr'>quod</span> <span class='ocrx_word' id='word_1_109' title='bbox 1358 930 1400 978; x_wconf 92' lang='lat' dir='ltr'>est</span> <span class='ocrx_word' id='word_1_110' title='bbox 1420 923 1532 992; x_wconf 75' lang='lat' dir='ltr'>Justum,</span> <span class='ocrx_word' id='word_1_111' title='bbox 1557 922 1687 994; x_wconf 87' lang='lat' dir='ltr'>quoniam</span> <span class='ocrx_word' id='word_1_112' title='bbox 1706 923 1784 996; x_wconf 88' lang='lat' dir='ltr'>quod</span> 
     </span>
     <span class='ocr_line' id='line_1_10' title="bbox 135 1008 1783 1088; baseline -0.002 -17"><span class='ocrx_word' id='word_1_113' title='bbox 135 1022 193 1071; x_wconf 89' lang='lat' dir='ltr'>ctus</span> <span class='ocrx_word' id='word_1_114' title='bbox 205 1014 365 1088; x_wconf 88' lang='lat' dir='ltr'>Rbemigius</span> <span class='ocrx_word' id='word_1_115' title='bbox 390 1016 512 1071; x_wconf 87' lang='lat' dir='ltr'>decimus</span> <span class='ocrx_word' id='word_1_116' title='bbox 534 1015 642 1086; x_wconf 91' lang='lat' dir='ltr'>quintus</span> <span class='ocrx_word' id='word_1_117' title='bbox 656 1015 820 1069; x_wconf 84' lang='lat' dir='ltr'>Rhemomm</span> <span class='ocrx_word' id='word_1_118' title='bbox 839 1013 931 1069; x_wconf 90' lang='lat' dir='ltr'>archi·</span> <span class='ocrx_word' id='word_1_119' title='bbox 982 1008 1045 1064; x_wconf 90' lang='lat' dir='ltr'>inde</span> <span class='ocrx_word' id='word_1_120' title='bbox 1054 1009 1101 1064; x_wconf 87' lang='lat' dir='ltr'>tibi</span> <span class='ocrx_word' id='word_1_121' title='bbox 1115 1010 1143 1064; x_wconf 92' lang='lat' dir='ltr'>iu</span> <span class='ocrx_word' id='word_1_122' title='bbox 1158 1011 1264 1081; x_wconf 84' lang='lat' dir='ltr'>synodo</span> <span class='ocrx_word' id='word_1_123' title='bbox 1286 1018 1441 1082; x_wconf 88' lang='lat' dir='ltr'>reputatum</span> <span class='ocrx_word' id='word_1_124' title='bbox 1457 1019 1508 1078; x_wconf 91' lang='lat' dir='ltr'>est,</span> <span class='ocrx_word' id='word_1_125' title='bbox 1522 1010 1667 1080; x_wconf 86' lang='lat' dir='ltr'>judiciario</span> <span class='ocrx_word' id='word_1_126' title='bbox 1683 1011 1783 1067; x_wconf 87' lang='lat' dir='ltr'>ordine</span> 
     </span>
     <span class='ocr_line' id='line_1_11' title="bbox 54 1093 1781 1175; baseline -0.002 -17"><span class='ocrx_word' id='word_1_127' title='bbox 54 1093 58 1104; x_wconf 83' lang='lat'><em>&#39;</em></span> <span class='ocrx_word' id='word_1_128' title='bbox 134 1104 287 1174; x_wconf 88' lang='lat' dir='ltr'>episcopus,</span> <span class='ocrx_word' id='word_1_129' title='bbox 310 1103 391 1160; x_wconf 89' lang='lat' dir='ltr'>certis</span> <span class='ocrx_word' id='word_1_130' title='bbox 424 1104 586 1175; x_wconf 88' lang='lat' dir='ltr'>quibusdam</span> <span class='ocrx_word' id='word_1_131' title='bbox 619 1102 805 1158; x_wconf 89' lang='lat' dir='ltr'>accidentibus</span> <span class='ocrx_word' id='word_1_132' title='bbox 831 1102 929 1170; x_wconf 89' lang='lat' dir='ltr'>causis,</span> <span class='ocrx_word' id='word_1_133' title='bbox 981 1098 1196 1168; x_wconf 89' lang='lat' dir='ltr'>comprobatiam</span> <span class='ocrx_word' id='word_1_134' title='bbox 1210 1114 1264 1153; x_wconf 91' lang='lat' dir='ltr'>non</span> <span class='ocrx_word' id='word_1_135' title='bbox 1280 1108 1330 1167; x_wconf 90' lang='lat' dir='ltr'>est,</span> <span class='ocrx_word' id='word_1_136' title='bbox 1348 1100 1396 1155; x_wconf 90' lang='lat' dir='ltr'>sed</span> <span class='ocrx_word' id='word_1_137' title='bbox 1411 1100 1487 1172; x_wconf 88' lang='lat' dir='ltr'>regia</span> <span class='ocrx_word' id='word_1_138' title='bbox 1508 1096 1676 1172; x_wconf 76' lang='lat' dir='ltr'>benignitate</span> <span class='ocrx_word' id='word_1_139' title='bbox 1690 1098 1781 1156; x_wconf 90' lang='lat' dir='ltr'>inter-</span> 
     </span>
     <span class='ocr_line' id='line_1_12' title="bbox 133 1186 1780 1263; baseline -0.001 -17"><span class='ocrx_word' id='word_1_140' title='bbox 133 1191 237 1263; x_wconf 89' lang='lat' dir='ltr'>primus</span> <span class='ocrx_word' id='word_1_141' title='bbox 260 1191 363 1247; x_wconf 86' lang='lat' dir='ltr'>ibidem</span> <span class='ocrx_word' id='word_1_142' title='bbox 377 1191 511 1247; x_wconf 90' lang='lat' dir='ltr'>ordinavit</span> <span class='ocrx_word' id='word_1_143' title='bbox 524 1191 692 1262; x_wconf 91' lang='lat' dir='ltr'>episcopum,</span> <span class='ocrx_word' id='word_1_144' title='bbox 719 1198 745 1245; x_wconf 88' lang='lat' dir='ltr'>et</span> <span class='ocrx_word' id='word_1_145' title='bbox 761 1190 833 1245; x_wconf 92' lang='lat' dir='ltr'>idem</span> <span class='ocrx_word' id='word_1_146' title='bbox 843 1190 932 1244; x_wconf 87' lang='lat' dir='ltr'>muni·</span> <span class='ocrx_word' id='word_1_147' title='bbox 981 1186 1095 1241; x_wconf 90' lang='lat' dir='ltr'>missum</span> <span class='ocrx_word' id='word_1_148' title='bbox 1116 1194 1167 1252; x_wconf 89' lang='lat' dir='ltr'>est,</span> <span class='ocrx_word' id='word_1_149' title='bbox 1190 1187 1269 1242; x_wconf 90' lang='lat' dir='ltr'>omisi</span> <span class='ocrx_word' id='word_1_150' title='bbox 1288 1188 1353 1244; x_wconf 90' lang='lat' dir='ltr'>hinc</span> <span class='ocrx_word' id='word_1_151' title='bbox 1377 1187 1501 1260; x_wconf 91' lang='lat' dir='ltr'>regulare</span> <span class='ocrx_word' id='word_1_152' title='bbox 1514 1188 1648 1257; x_wconf 90' lang='lat' dir='ltr'>judicium</span> <span class='ocrx_word' id='word_1_153' title='bbox 1663 1204 1780 1260; x_wconf 89' lang='lat' dir='ltr'>ponere,</span> 
     </span>
     <span class='ocr_line' id='line_1_13' title="bbox 134 1275 1781 1352; baseline -0.002 -16"><span class='ocrx_word' id='word_1_154' title='bbox 134 1280 216 1352; x_wconf 90' lang='lat' dir='ltr'>cipio,</span> <span class='ocrx_word' id='word_1_155' title='bbox 228 1280 262 1335; x_wconf 90' lang='lat' dir='ltr'>de</span> <span class='ocrx_word' id='word_1_156' title='bbox 277 1280 360 1335; x_wconf 92' lang='lat' dir='ltr'>rebus</span> <span class='ocrx_word' id='word_1_157' title='bbox 372 1279 534 1336; x_wconf 86' lang='lat' dir='ltr'>Rbemensis</span> <span class='ocrx_word' id='word_1_158' title='bbox 543 1279 700 1350; x_wconf 91' lang='lat' dir='ltr'>metropolis</span> <span class='ocrx_word' id='word_1_159' title='bbox 716 1278 783 1333; x_wconf 91' lang='lat' dir='ltr'>satis</span> <span class='ocrx_word' id='word_1_160' title='bbox 794 1295 930 1350; x_wconf 84' lang='lat' dir='ltr'>superque</span> <span class='ocrx_word' id='word_1_161' title='bbox 981 1281 1010 1329; x_wconf 92' lang='lat' dir='ltr'>ut</span> <span class='ocrx_word' id='word_1_162' title='bbox 1027 1283 1052 1329; x_wconf 90' lang='lat' dir='ltr'>te</span> <span class='ocrx_word' id='word_1_163' title='bbox 1073 1276 1108 1329; x_wconf 89' lang='lat' dir='ltr'>ad</span> <span class='ocrx_word' id='word_1_164' title='bbox 1129 1275 1332 1331; x_wconf 77' lang='lat' dir='ltr'>consulendum·</span> <span class='ocrx_word' id='word_1_165' title='bbox 1345 1284 1420 1331; x_wconf 93' lang='lat' dir='ltr'>tuam</span> <span class='ocrx_word' id='word_1_166' title='bbox 1440 1276 1618 1332; x_wconf 78' lang='lat' dir='ltr'>remitterem.</span> <span class='ocrx_word' id='word_1_167' title='bbox 1649 1276 1781 1333; x_wconf 80' lang='lat' dir='ltr'>Perrasio</span> 
     </span>
     <span class='ocr_line' id='line_1_14' title="bbox 132 1364 1783 1440; baseline -0.001 -17"><span class='ocrx_word' id='word_1_168' title='bbox 132 1368 227 1436; x_wconf 89' lang='lat' dir='ltr'>ditato,</span> <span class='ocrx_word' id='word_1_169' title='bbox 251 1369 340 1440; x_wconf 90' lang='lat' dir='ltr'>ipsum</span> <span class='ocrx_word' id='word_1_170' title='bbox 360 1368 526 1433; x_wconf 91' lang='lat' dir='ltr'>comitatum,</span> <span class='ocrx_word' id='word_1_171' title='bbox 549 1368 575 1422; x_wconf 92' lang='lat' dir='ltr'>in</span> <span class='ocrx_word' id='word_1_172' title='bbox 593 1383 646 1439; x_wconf 92' lang='lat' dir='ltr'>quo</span> <span class='ocrx_word' id='word_1_173' title='bbox 664 1367 798 1436; x_wconf 88' lang='lat' dir='ltr'>consistit,</span> <span class='ocrx_word' id='word_1_174' title='bbox 825 1376 930 1439; x_wconf 90' lang='lat' dir='ltr'>partem</span> <span class='ocrx_word' id='word_1_175' title='bbox 981 1373 1069 1418; x_wconf 89' lang='lat' dir='ltr'>autem</span> <span class='ocrx_word' id='word_1_176' title='bbox 1085 1380 1176 1419; x_wconf 91' lang='lat' dir='ltr'>rerum</span> <span class='ocrx_word' id='word_1_177' title='bbox 1191 1364 1363 1436; x_wconf 86' lang='lat' dir='ltr'>proprietatis</span> <span class='ocrx_word' id='word_1_178' title='bbox 1373 1365 1458 1438; x_wconf 79' lang='lat' dir='ltr'>regiae</span> <span class='ocrx_word' id='word_1_179' title='bbox 1472 1380 1488 1420; x_wconf 92' lang='lat' dir='ltr'>a</span> <span class='ocrx_word' id='word_1_180' title='bbox 1503 1373 1530 1420; x_wconf 91' lang='lat' dir='ltr'>te</span> <span class='ocrx_word' id='word_1_181' title='bbox 1546 1372 1703 1437; x_wconf 88' lang='lat' dir='ltr'>perpetrata</span> <span class='ocrx_word' id='word_1_182' title='bbox 1718 1381 1783 1422; x_wconf 90' lang='lat' dir='ltr'>ma-</span> 
     </span>
     <span class='ocr_line' id='line_1_15' title="bbox 134 1451 1782 1529; baseline -0.001 -18"><span class='ocrx_word' id='word_1_183' title='bbox 134 1457 239 1512; x_wconf 89' lang='lat' dir='ltr'>scilicet</span> <span class='ocrx_word' id='word_1_184' title='bbox 252 1472 285 1512; x_wconf 83' lang='lat' dir='ltr'>ex</span> <span class='ocrx_word' id='word_1_185' title='bbox 300 1456 446 1510; x_wconf 78' lang='lat' dir='ltr'>lihemensi</span> <span class='ocrx_word' id='word_1_186' title='bbox 468 1456 765 1529; x_wconf 86' lang='lat' dir='ltr'>parochiadelegavit;</span> <span class='ocrx_word' id='word_1_187' title='bbox 782 1456 832 1511; x_wconf 90' lang='lat' dir='ltr'>sed</span> <span class='ocrx_word' id='word_1_188' title='bbox 851 1472 926 1511; x_wconf 90' lang='lat' dir='ltr'>sem·</span> <span class='ocrx_word' id='word_1_189' title='bbox 981 1451 1156 1508; x_wconf 85' lang='lat' dir='ltr'>nilestissime</span> <span class='ocrx_word' id='word_1_190' title='bbox 1181 1453 1287 1519; x_wconf 87' lang='lat' dir='ltr'>clariut‚</span> <span class='ocrx_word' id='word_1_191' title='bbox 1313 1453 1376 1525; x_wconf 89' lang='lat' dir='ltr'>quia</span> <span class='ocrx_word' id='word_1_192' title='bbox 1400 1470 1538 1526; x_wconf 88' lang='lat' dir='ltr'>nunquam</span> <span class='ocrx_word' id='word_1_193' title='bbox 1560 1470 1605 1509; x_wconf 92' lang='lat' dir='ltr'>res</span> <span class='ocrx_word' id='word_1_194' title='bbox 1629 1454 1696 1526; x_wconf 83' lang='lat' dir='ltr'>ipsae</span> <span class='ocrx_word' id='word_1_195' title='bbox 1708 1455 1782 1523; x_wconf 91' lang='lat' dir='ltr'>juris</span> 
     </span>
     <span class='ocr_line' id='line_1_16' title="bbox 133 1540 1780 1615; baseline 0 -16"><span class='ocrx_word' id='word_1_196' title='bbox 133 1560 184 1615; x_wconf 91' lang='lat' dir='ltr'>per</span> <span class='ocrx_word' id='word_1_197' title='bbox 207 1543 255 1598; x_wconf 86' lang='lat' dir='ltr'>luit</span> <span class='ocrx_word' id='word_1_198' title='bbox 280 1543 442 1600; x_wconf 82' lang='lat' dir='ltr'>Rbemensis</span> <span class='ocrx_word' id='word_1_199' title='bbox 474 1543 622 1614; x_wconf 80' lang='lat' dir='ltr'>provinciae</span> <span class='ocrx_word' id='word_1_200' title='bbox 647 1544 833 1615; x_wconf 89' lang='lat' dir='ltr'>municipium,</span> <span class='ocrx_word' id='word_1_201' title='bbox 861 1545 931 1600; x_wconf 91' lang='lat' dir='ltr'>sicut</span> <span class='ocrx_word' id='word_1_202' title='bbox 982 1540 1106 1596; x_wconf 80' lang='lat' dir='ltr'>ecelesia</span> <span class='ocrx_word' id='word_1_203' title='bbox 1119 1541 1308 1596; x_wconf 88' lang='lat' dir='ltr'>Laudunensis</span> <span class='ocrx_word' id='word_1_204' title='bbox 1322 1540 1407 1597; x_wconf 82' lang='lat' dir='ltr'>luisse</span> <span class='ocrx_word' id='word_1_205' title='bbox 1422 1542 1686 1615; x_wconf 79' lang='lat' dir='ltr'>legaliterprobatae</span> <span class='ocrx_word' id='word_1_206' title='bbox 1705 1552 1780 1615; x_wconf 90' lang='lat' dir='ltr'>sunt,</span> 
     </span>
     <span class='ocr_line' id='line_1_17' title="bbox 133 1629 1782 1715; baseline 0.001 -29"><span class='ocrx_word' id='word_1_207' title='bbox 133 1631 268 1703; x_wconf 88' lang='lat' dir='ltr'>hodieque</span> <span class='ocrx_word' id='word_1_208' title='bbox 284 1631 337 1687; x_wconf 90' lang='lat' dir='ltr'>alia</span> <span class='ocrx_word' id='word_1_209' title='bbox 352 1631 497 1702; x_wconf 89' lang='lat' dir='ltr'>municipia</span> <span class='ocrx_word' id='word_1_210' title='bbox 511 1632 537 1686; x_wconf 89' lang='lat' dir='ltr'>in</span> <span class='ocrx_word' id='word_1_211' title='bbox 554 1631 700 1688; x_wconf 85' lang='lat' dir='ltr'>Rbemensi</span> <span class='ocrx_word' id='word_1_212' title='bbox 710 1632 846 1703; x_wconf 88' lang='lat' dir='ltr'>parocbia,</span> <span class='ocrx_word' id='word_1_213' title='bbox 870 1648 930 1704; x_wconf 84' lang='lat' dir='ltr'>quae</span> <span class='ocrx_word' id='word_1_214' title='bbox 944 1645 1031 1715; x_wconf 81' lang='lat' dir='ltr'>Bnec</span> <span class='ocrx_word' id='word_1_215' title='bbox 1047 1645 1095 1683; x_wconf 89' lang='lat' dir='ltr'>sua</span> <span class='ocrx_word' id='word_1_216' title='bbox 1114 1629 1158 1685; x_wconf 85' lang='lat' dir='ltr'>vel</span> <span class='ocrx_word' id='word_1_217' title='bbox 1170 1630 1356 1701; x_wconf 90' lang='lat' dir='ltr'>cujuscunque</span> <span class='ocrx_word' id='word_1_218' title='bbox 1380 1631 1494 1701; x_wconf 90' lang='lat' dir='ltr'>alicujus</span> <span class='ocrx_word' id='word_1_219' title='bbox 1505 1631 1616 1688; x_wconf 89' lang='lat' dir='ltr'>alterius</span> <span class='ocrx_word' id='word_1_220' title='bbox 1630 1633 1782 1689; x_wconf 90' lang='lat' dir='ltr'>donatione</span> 
     </span>
     <span class='ocr_line' id='line_1_18' title="bbox 133 1716 1781 1792; baseline 0.002 -17"><span class='ocrx_word' id='word_1_221' title='bbox 133 1718 161 1775; x_wconf 92' lang='lat' dir='ltr'>in</span> <span class='ocrx_word' id='word_1_222' title='bbox 177 1720 351 1789; x_wconf 90' lang='lat' dir='ltr'>subjectionis</span> <span class='ocrx_word' id='word_1_223' title='bbox 366 1721 427 1776; x_wconf 89' lang='lat' dir='ltr'>loco</span> <span class='ocrx_word' id='word_1_224' title='bbox 442 1736 474 1776; x_wconf 92' lang='lat' dir='ltr'>ac</span> <span class='ocrx_word' id='word_1_225' title='bbox 488 1721 597 1775; x_wconf 90' lang='lat' dir='ltr'>nomine</span> <span class='ocrx_word' id='word_1_226' title='bbox 611 1728 783 1791; x_wconf 88' lang='lat' dir='ltr'>permanent.</span> <span class='ocrx_word' id='word_1_227' title='bbox 799 1721 861 1776; x_wconf 91' lang='lat' dir='ltr'>Non</span> <span class='ocrx_word' id='word_1_228' title='bbox 883 1721 932 1792; x_wconf 88' lang='lat' dir='ltr'>igi·</span> <span class='ocrx_word' id='word_1_229' title='bbox 981 1716 1024 1772; x_wconf 85' lang='lat' dir='ltr'>vel</span> <span class='ocrx_word' id='word_1_230' title='bbox 1039 1717 1216 1773; x_wconf 87' lang='lat' dir='ltr'>concessione</span> <span class='ocrx_word' id='word_1_231' title='bbox 1232 1719 1266 1773; x_wconf 93' lang='lat' dir='ltr'>ab</span> <span class='ocrx_word' id='word_1_232' title='bbox 1282 1719 1377 1773; x_wconf 87' lang='lat' dir='ltr'>eadem</span> <span class='ocrx_word' id='word_1_233' title='bbox 1393 1719 1509 1776; x_wconf 89' lang='lat' dir='ltr'>ecclesia</span> <span class='ocrx_word' id='word_1_234' title='bbox 1527 1736 1671 1791; x_wconf 88' lang='lat' dir='ltr'>possessas</span> <span class='ocrx_word' id='word_1_235' title='bbox 1692 1719 1781 1778; x_wconf 82' lang='lat' dir='ltr'>fuisse</span> 
     </span>
     <span class='ocr_line' id='line_1_19' title="bbox 133 1807 1782 1881; baseline 0.002 -20"><span class='ocrx_word' id='word_1_236' title='bbox 133 1807 365 1881; x_wconf 84' lang='lat' dir='ltr'>turprivilegium‚</span> <span class='ocrx_word' id='word_1_237' title='bbox 377 1809 426 1864; x_wconf 90' lang='lat' dir='ltr'>sed</span> <span class='ocrx_word' id='word_1_238' title='bbox 437 1808 630 1879; x_wconf 83' lang='lat' dir='ltr'>municipatum</span> <span class='ocrx_word' id='word_1_239' title='bbox 647 1808 695 1863; x_wconf 91' lang='lat' dir='ltr'>tibi</span> <span class='ocrx_word' id='word_1_240' title='bbox 711 1809 812 1864; x_wconf 88' lang='lat' dir='ltr'>debere</span> <span class='ocrx_word' id='word_1_241' title='bbox 828 1809 931 1864; x_wconf 90' lang='lat' dir='ltr'>servari</span> <span class='ocrx_word' id='word_1_242' title='bbox 980 1813 1158 1860; x_wconf 89' lang='lat' dir='ltr'>monstratum</span> <span class='ocrx_word' id='word_1_243' title='bbox 1168 1814 1219 1861; x_wconf 89' lang='lat' dir='ltr'>est.</span> <span class='ocrx_word' id='word_1_244' title='bbox 1234 1807 1312 1862; x_wconf 88' lang='lat' dir='ltr'>Unde</span> <span class='ocrx_word' id='word_1_245' title='bbox 1328 1823 1411 1878; x_wconf 90' lang='lat' dir='ltr'>super</span> <span class='ocrx_word' id='word_1_246' title='bbox 1433 1809 1571 1863; x_wconf 89' lang='lat' dir='ltr'>hominem</span> <span class='ocrx_word' id='word_1_247' title='bbox 1585 1817 1661 1864; x_wconf 91' lang='lat' dir='ltr'>tuum</span> <span class='ocrx_word' id='word_1_248' title='bbox 1680 1809 1782 1865; x_wconf 87' lang='lat' dir='ltr'>&#39;ledui-</span> 
     </span>
     <span class='ocr_line' id='line_1_20' title="bbox 135 1895 1780 1971; baseline 0.002 -20"><span class='ocrx_word' id='word_1_249' title='bbox 135 1905 299 1951; x_wconf 89' lang='lat' dir='ltr'>convenerat</span> <span class='ocrx_word' id='word_1_250' title='bbox 309 1904 411 1969; x_wconf 90' lang='lat' dir='ltr'>petere,</span> <span class='ocrx_word' id='word_1_251' title='bbox 424 1897 487 1968; x_wconf 90' lang='lat' dir='ltr'>quia</span> <span class='ocrx_word' id='word_1_252' title='bbox 502 1897 571 1953; x_wconf 84' lang='lat' dir='ltr'>sicut</span> <span class='ocrx_word' id='word_1_253' title='bbox 585 1905 678 1968; x_wconf 90' lang='lat' dir='ltr'>patres</span> <span class='ocrx_word' id='word_1_254' title='bbox 695 1896 780 1952; x_wconf 89' lang='lat' dir='ltr'>nostri</span> <span class='ocrx_word' id='word_1_255' title='bbox 794 1913 826 1953; x_wconf 92' lang='lat' dir='ltr'>ac</span> <span class='ocrx_word' id='word_1_256' title='bbox 841 1898 931 1970; x_wconf 92' lang='lat' dir='ltr'>magi-</span> <span class='ocrx_word' id='word_1_257' title='bbox 980 1911 1055 1959; x_wconf 88' lang='lat' dir='ltr'>num,</span> <span class='ocrx_word' id='word_1_258' title='bbox 1068 1895 1111 1950; x_wconf 90' lang='lat' dir='ltr'>cui</span> <span class='ocrx_word' id='word_1_259' title='bbox 1121 1896 1232 1950; x_wconf 91' lang='lat' dir='ltr'>easdem</span> <span class='ocrx_word' id='word_1_260' title='bbox 1242 1912 1373 1966; x_wconf 84' lang='lat' dir='ltr'>pervasas</span> <span class='ocrx_word' id='word_1_261' title='bbox 1384 1895 1562 1964; x_wconf 84' lang='lat' dir='ltr'>beneficiasti,</span> <span class='ocrx_word' id='word_1_262' title='bbox 1573 1897 1699 1971; x_wconf 86' lang='lat' dir='ltr'>legaliter</span> <span class='ocrx_word' id='word_1_263' title='bbox 1710 1915 1780 1956; x_wconf 93' lang='lat' dir='ltr'>con-</span> 
     </span>
     <span class='ocr_line' id='line_1_21' title="bbox 135 1983 1780 2058; baseline 0.004 -20"><span class='ocrx_word' id='word_1_264' title='bbox 135 1984 184 2038; x_wconf 91' lang='lat' dir='ltr'>stri</span> <span class='ocrx_word' id='word_1_265' title='bbox 199 1985 330 2041; x_wconf 69' lang='lat' dir='ltr'>Ecclesiae</span> <span class='ocrx_word' id='word_1_266' title='bbox 345 1985 462 2052; x_wconf 89' lang='lat' dir='ltr'>tradunt,</span> <span class='ocrx_word' id='word_1_267' title='bbox 492 1986 591 2040; x_wconf 88' lang='lat' dir='ltr'>Paulus</span> <span class='ocrx_word' id='word_1_268' title='bbox 608 1986 748 2058; x_wconf 90' lang='lat' dir='ltr'>apostolus</span> <span class='ocrx_word' id='word_1_269' title='bbox 770 2002 822 2042; x_wconf 92' lang='lat' dir='ltr'>non</span> <span class='ocrx_word' id='word_1_270' title='bbox 841 2002 871 2041; x_wconf 89' lang='lat' dir='ltr'>se</span> <span class='ocrx_word' id='word_1_271' title='bbox 893 1986 933 2042; x_wconf 91' lang='lat' dir='ltr'>ci·</span> <span class='ocrx_word' id='word_1_272' title='bbox 981 1983 1110 2056; x_wconf 87' lang='lat' dir='ltr'>quisitum</span> <span class='ocrx_word' id='word_1_273' title='bbox 1121 1992 1171 2039; x_wconf 88' lang='lat' dir='ltr'>est.</span> <span class='ocrx_word' id='word_1_274' title='bbox 1184 1984 1274 2040; x_wconf 90' lang='lat' dir='ltr'>Sedet</span> <span class='ocrx_word' id='word_1_275' title='bbox 1291 1984 1467 2055; x_wconf 86' lang='lat' dir='ltr'>proclamatio</span> <span class='ocrx_word' id='word_1_276' title='bbox 1485 1986 1631 2041; x_wconf 83' lang='lat' dir='ltr'>adversum</span> <span class='ocrx_word' id='word_1_277' title='bbox 1642 1994 1669 2044; x_wconf 93' lang='lat' dir='ltr'>te</span> <span class='ocrx_word' id='word_1_278' title='bbox 1692 1987 1780 2044; x_wconf 90' lang='lat' dir='ltr'>Nort-</span> 
     </span>
     <span class='ocr_line' id='line_1_22' title="bbox 134 2071 1781 2149; baseline 0.002 -20"><span class='ocrx_word' id='word_1_279' title='bbox 134 2089 206 2141; x_wconf 84' lang='lat' dir='ltr'>vem,</span> <span class='ocrx_word' id='word_1_280' title='bbox 228 2074 278 2130; x_wconf 90' lang='lat' dir='ltr'>sed</span> <span class='ocrx_word' id='word_1_281' title='bbox 299 2074 462 2145; x_wconf 87' lang='lat' dir='ltr'>municipem</span> <span class='ocrx_word' id='word_1_282' title='bbox 486 2074 606 2146; x_wconf 87' lang='lat' dir='ltr'>appellat</span> <span class='ocrx_word' id='word_1_283' title='bbox 637 2075 751 2130; x_wconf 89' lang='lat' dir='ltr'>dicens:</span> <span class='ocrx_word' id='word_1_284' title='bbox 770 2077 825 2147; x_wconf 77' lang='lat' dir='ltr'>Ego</span> <span class='ocrx_word' id='word_1_285' title='bbox 851 2076 931 2132; x_wconf 84' lang='lat' dir='ltr'>horno</span> <span class='ocrx_word' id='word_1_286' title='bbox 981 2072 1073 2126; x_wconf 90' lang='lat' dir='ltr'>manni</span> <span class='ocrx_word' id='word_1_287' title='bbox 1089 2088 1153 2126; x_wconf 78' lang='lat' dir='ltr'>vera</span> <span class='ocrx_word' id='word_1_288' title='bbox 1166 2071 1249 2127; x_wconf 80' lang='lat' dir='ltr'>[uisse</span> <span class='ocrx_word' id='word_1_289' title='bbox 1260 2072 1364 2140; x_wconf 88' lang='lat' dir='ltr'>clariut,</span> <span class='ocrx_word' id='word_1_290' title='bbox 1377 2089 1428 2129; x_wconf 91' lang='lat' dir='ltr'>nec</span> <span class='ocrx_word' id='word_1_291' title='bbox 1439 2074 1553 2129; x_wconf 88' lang='lat' dir='ltr'>testibus</span> <span class='ocrx_word' id='word_1_292' title='bbox 1566 2075 1691 2148; x_wconf 87' lang='lat' dir='ltr'>indiguit,</span> <span class='ocrx_word' id='word_1_293' title='bbox 1709 2092 1781 2149; x_wconf 89' lang='lat' dir='ltr'>quo·</span> 
     </span>
     <span class='ocr_line' id='line_1_23' title="bbox 137 2159 1780 2235; baseline 0.004 -19"><span class='ocrx_word' id='word_1_294' title='bbox 137 2163 464 2235; x_wconf 73' lang='lat' dir='ltr'>surripuidemludoecsa</span> <span class='ocrx_word' id='word_1_295' title='bbox 479 2165 561 2220; x_wconf 83' lang='lat' dir='ltr'>Tarae</span> <span class='ocrx_word' id='word_1_296' title='bbox 579 2164 694 2229; x_wconf 71' lang='lat' dir='ltr'>Ciliciae,</span> <span class='ocrx_word' id='word_1_297' title='bbox 711 2166 933 2235; x_wconf 81' lang='lat' dir='ltr'>oonignotaeci-</span> <span class='ocrx_word' id='word_1_298' title='bbox 979 2159 1118 2215; x_wconf 88' lang='lat' dir='ltr'>niamtam</span> <span class='ocrx_word' id='word_1_299' title='bbox 1128 2160 1349 2216; x_wconf 77' lang='lat' dir='ltr'>manifestissime</span> <span class='ocrx_word' id='word_1_300' title='bbox 1361 2163 1414 2217; x_wconf 90' lang='lat' dir='ltr'>boe</span> <span class='ocrx_word' id='word_1_301' title='bbox 1431 2162 1504 2234; x_wconf 86' lang='lat' dir='ltr'>qrrod</span> <span class='ocrx_word' id='word_1_302' title='bbox 1527 2162 1590 2218; x_wconf 92' lang='lat' dir='ltr'>inde</span> <span class='ocrx_word' id='word_1_303' title='bbox 1611 2173 1709 2220; x_wconf 90' lang='lat' dir='ltr'>contra</span> <span class='ocrx_word' id='word_1_304' title='bbox 1742 2166 1780 2223; x_wconf 93' lang='lat' dir='ltr'>le·</span> 
     </span>
     <span class='ocr_line' id='line_1_24' title="bbox 136 2249 1783 2326; baseline 0.003 -22"><span class='ocrx_word' id='word_1_305' title='bbox 136 2251 235 2306; x_wconf 79' lang='lat' dir='ltr'>vitotis</span> <span class='ocrx_word' id='word_1_306' title='bbox 250 2253 396 2321; x_wconf 82' lang='lat' dir='ltr'>municeps</span> <span class='ocrx_word' id='word_1_307' title='bbox 410 2251 483 2322; x_wconf 75' lang='lat' dir='ltr'>(let.</span> <span class='ocrx_word' id='word_1_308' title='bbox 501 2267 573 2318; x_wconf 80' lang='lat' dir='ltr'>xxu,</span> <span class='ocrx_word' id='word_1_309' title='bbox 591 2255 628 2320; x_wconf 81' lang='lat'>3).</span> <span class='ocrx_word' id='word_1_310' title='bbox 640 2253 726 2306; x_wconf 87' lang='lat' dir='ltr'>Natus</span> <span class='ocrx_word' id='word_1_311' title='bbox 742 2251 852 2323; x_wconf 87' lang='lat' dir='ltr'>quidem</span> <span class='ocrx_word' id='word_1_312' title='bbox 862 2267 931 2322; x_wconf 85' lang='lat' dir='ltr'>apo·</span> <span class='ocrx_word' id='word_1_313' title='bbox 981 2265 1031 2321; x_wconf 88' lang='lat' dir='ltr'>ges</span> <span class='ocrx_word' id='word_1_314' title='bbox 1043 2256 1070 2303; x_wconf 90' lang='lat' dir='ltr'>et</span> <span class='ocrx_word' id='word_1_315' title='bbox 1084 2250 1195 2320; x_wconf 89' lang='lat' dir='ltr'>regulas</span> <span class='ocrx_word' id='word_1_316' title='bbox 1211 2249 1299 2322; x_wconf 87' lang='lat' dir='ltr'>egisti,</span> <span class='ocrx_word' id='word_1_317' title='bbox 1317 2251 1386 2305; x_wconf 89' lang='lat' dir='ltr'>adeo</span> <span class='ocrx_word' id='word_1_318' title='bbox 1402 2250 1528 2306; x_wconf 92' lang='lat' dir='ltr'>omnibus</span> <span class='ocrx_word' id='word_1_319' title='bbox 1542 2252 1569 2305; x_wconf 93' lang='lat' dir='ltr'>in</span> <span class='ocrx_word' id='word_1_320' title='bbox 1584 2251 1643 2308; x_wconf 91' lang='lat' dir='ltr'>istis</span> <span class='ocrx_word' id='word_1_321' title='bbox 1658 2253 1783 2326; x_wconf 91' lang='lat' dir='ltr'>regioni·</span> 
     </span>
     <span class='ocr_line' id='line_1_25' title="bbox 136 2335 1783 2416; baseline 0.004 -24"><span class='ocrx_word' id='word_1_322' title='bbox 136 2338 222 2392; x_wconf 88' lang='lat' dir='ltr'>stolus</span> <span class='ocrx_word' id='word_1_323' title='bbox 236 2339 263 2393; x_wconf 93' lang='lat' dir='ltr'>in</span> <span class='ocrx_word' id='word_1_324' title='bbox 278 2339 378 2411; x_wconf 89' lang='lat' dir='ltr'>oppido</span> <span class='ocrx_word' id='word_1_325' title='bbox 394 2339 506 2394; x_wconf 86' lang='lat' dir='ltr'>Galileae</span> <span class='ocrx_word' id='word_1_326' title='bbox 516 2339 617 2395; x_wconf 87' lang='lat' dir='ltr'>Giscali</span> <span class='ocrx_word' id='word_1_327' title='bbox 631 2338 689 2406; x_wconf 86' lang='lat' dir='ltr'>luit,</span> <span class='ocrx_word' id='word_1_328' title='bbox 709 2356 762 2412; x_wconf 91' lang='lat' dir='ltr'>quo</span> <span class='ocrx_word' id='word_1_329' title='bbox 774 2356 790 2394; x_wconf 90' lang='lat' dir='ltr'>a</span> <span class='ocrx_word' id='word_1_330' title='bbox 803 2340 932 2396; x_wconf 85' lang='lat' dir='ltr'>Romanis</span> <span class='ocrx_word' id='word_1_331' title='bbox 981 2335 1032 2391; x_wconf 91' lang='lat' dir='ltr'>bus</span> <span class='ocrx_word' id='word_1_332' title='bbox 1046 2338 1141 2408; x_wconf 89' lang='lat' dir='ltr'>patuit,</span> <span class='ocrx_word' id='word_1_333' title='bbox 1158 2346 1186 2392; x_wconf 91' lang='lat' dir='ltr'>ut</span> <span class='ocrx_word' id='word_1_334' title='bbox 1201 2338 1274 2393; x_wconf 89' lang='lat' dir='ltr'>nulla</span> <span class='ocrx_word' id='word_1_335' title='bbox 1288 2339 1515 2411; x_wconf 84' lang='lat' dir='ltr'>tergiversatione</span> <span class='ocrx_word' id='word_1_336' title='bbox 1530 2340 1630 2396; x_wconf 88' lang='lat' dir='ltr'>lactum</span> <span class='ocrx_word' id='word_1_337' title='bbox 1660 2342 1718 2416; x_wconf 90' lang='lat' dir='ltr'>tegi</span> <span class='ocrx_word' id='word_1_338' title='bbox 1735 2353 1783 2399; x_wconf 91' lang='lat' dir='ltr'>aut</span> 
     </span>
     <span class='ocr_line' id='line_1_26' title="bbox 136 2425 1783 2498; baseline 0.002 -16"><span class='ocrx_word' id='word_1_339' title='bbox 136 2433 224 2497; x_wconf 84' lang='lat' dir='ltr'>capto,</span> <span class='ocrx_word' id='word_1_340' title='bbox 241 2443 302 2483; x_wconf 89' lang='lat' dir='ltr'>cnm</span> <span class='ocrx_word' id='word_1_341' title='bbox 316 2428 475 2498; x_wconf 90' lang='lat' dir='ltr'>parentibus</span> <span class='ocrx_word' id='word_1_342' title='bbox 490 2427 547 2483; x_wconf 87' lang='lat' dir='ltr'>suis</span> <span class='ocrx_word' id='word_1_343' title='bbox 561 2429 673 2483; x_wconf 85' lang='lat' dir='ltr'>Tarsum</span> <span class='ocrx_word' id='word_1_344' title='bbox 688 2428 790 2484; x_wconf 81' lang='lat' dir='ltr'>Ciliciae</span> <span class='ocrx_word' id='word_1_345' title='bbox 815 2429 932 2485; x_wconf 90' lang='lat' dir='ltr'>commi-</span> <span class='ocrx_word' id='word_1_346' title='bbox 982 2426 1105 2481; x_wconf 85' lang='lat' dir='ltr'>excusari</span> <span class='ocrx_word' id='word_1_347' title='bbox 1121 2425 1232 2481; x_wconf 87' lang='lat' dir='ltr'>valeret.</span> <span class='ocrx_word' id='word_1_348' title='bbox 1249 2427 1320 2482; x_wconf 84' lang='lat' dir='ltr'>Nam</span> <span class='ocrx_word' id='word_1_349' title='bbox 1335 2435 1441 2483; x_wconf 90' lang='lat' dir='ltr'>constat</span> <span class='ocrx_word' id='word_1_350' title='bbox 1463 2428 1555 2484; x_wconf 90' lang='lat' dir='ltr'>multis</span> <span class='ocrx_word' id='word_1_351' title='bbox 1578 2445 1640 2487; x_wconf 90' lang='lat' dir='ltr'>esse</span> <span class='ocrx_word' id='word_1_352' title='bbox 1668 2431 1783 2487; x_wconf 89' lang='lat' dir='ltr'>notissi-</span> 
     </span>
     <span class='ocr_line' id='line_1_27' title="bbox 136 2515 1784 2589; baseline 0.005 -20"><span class='ocrx_word' id='word_1_353' title='bbox 136 2515 234 2589; x_wconf 90' lang='lat' dir='ltr'>gravit.</span> <span class='ocrx_word' id='word_1_354' title='bbox 251 2517 274 2571; x_wconf 78' lang='grc' dir='ltr'><strong>Α</strong></span> <span class='ocrx_word' id='word_1_355' title='bbox 289 2515 387 2588; x_wconf 85' lang='lat' dir='ltr'>quibus</span> <span class='ocrx_word' id='word_1_356' title='bbox 410 2516 446 2572; x_wconf 91' lang='lat' dir='ltr'>ob</span> <span class='ocrx_word' id='word_1_357' title='bbox 456 2517 574 2572; x_wconf 90' lang='lat' dir='ltr'>studium</span> <span class='ocrx_word' id='word_1_358' title='bbox 597 2517 668 2588; x_wconf 89' lang='lat' dir='ltr'>legis</span> <span class='ocrx_word' id='word_1_359' title='bbox 680 2517 780 2573; x_wconf 91' lang='lat' dir='ltr'>missus</span> <span class='ocrx_word' id='word_1_360' title='bbox 801 2517 932 2574; x_wconf 89' lang='lat' dir='ltr'>Hieroso·</span> <span class='ocrx_word' id='word_1_361' title='bbox 981 2530 1066 2577; x_wconf 88' lang='lat' dir='ltr'>mum,</span> <span class='ocrx_word' id='word_1_362' title='bbox 1084 2521 1109 2569; x_wconf 90' lang='lat' dir='ltr'>et</span> <span class='ocrx_word' id='word_1_363' title='bbox 1125 2522 1153 2569; x_wconf 90' lang='lat' dir='ltr'>tu</span> <span class='ocrx_word' id='word_1_364' title='bbox 1175 2515 1202 2569; x_wconf 91' lang='lat' dir='ltr'>in</span> <span class='ocrx_word' id='word_1_365' title='bbox 1218 2515 1327 2586; x_wconf 90' lang='lat' dir='ltr'>scriptis</span> <span class='ocrx_word' id='word_1_366' title='bbox 1336 2516 1388 2571; x_wconf 89' lang='lat' dir='ltr'>tuis</span> <span class='ocrx_word' id='word_1_367' title='bbox 1402 2517 1502 2573; x_wconf 92' lang='lat' dir='ltr'>domno</span> <span class='ocrx_word' id='word_1_368' title='bbox 1514 2517 1573 2589; x_wconf 90' lang='lat' dir='ltr'>regi</span> <span class='ocrx_word' id='word_1_369' title='bbox 1584 2525 1610 2574; x_wconf 91' lang='lat' dir='ltr'>et</span> <span class='ocrx_word' id='word_1_370' title='bbox 1624 2518 1692 2573; x_wconf 91' lang='lat' dir='ltr'>mibi</span> <span class='ocrx_word' id='word_1_371' title='bbox 1707 2520 1784 2577; x_wconf 90' lang='lat' dir='ltr'>dire-</span> 
     </span>
     <span class='ocr_line' id='line_1_28' title="bbox 135 2601 1781 2677; baseline 0.004 -19"><span class='ocrx_word' id='word_1_372' title='bbox 135 2603 247 2676; x_wconf 88' lang='lat' dir='ltr'>lymam,</span> <span class='ocrx_word' id='word_1_373' title='bbox 264 2621 280 2659; x_wconf 90' lang='lat' dir='ltr'>a</span> <span class='ocrx_word' id='word_1_374' title='bbox 295 2605 443 2662; x_wconf 88' lang='lat' dir='ltr'>Gamaliele</span> <span class='ocrx_word' id='word_1_375' title='bbox 458 2604 515 2662; x_wconf 86' lang='lat' dir='ltr'>viro</span> <span class='ocrx_word' id='word_1_376' title='bbox 530 2605 698 2677; x_wconf 88' lang='lat' dir='ltr'>doctissimo,</span> <span class='ocrx_word' id='word_1_377' title='bbox 715 2607 783 2663; x_wconf 88' lang='lat' dir='ltr'>sicut</span> <span class='ocrx_word' id='word_1_378' title='bbox 797 2607 826 2661; x_wconf 92' lang='lat' dir='ltr'>in</span> <span class='ocrx_word' id='word_1_379' title='bbox 840 2607 934 2663; x_wconf 87' lang='lat' dir='ltr'>subse·</span> <span class='ocrx_word' id='word_1_380' title='bbox 982 2602 1032 2658; x_wconf 89' lang='lat' dir='ltr'>ctis</span> <span class='ocrx_word' id='word_1_381' title='bbox 1047 2603 1098 2659; x_wconf 91' lang='lat' dir='ltr'>boc</span> <span class='ocrx_word' id='word_1_382' title='bbox 1114 2601 1263 2670; x_wconf 86' lang='lat' dir='ltr'>confiteris,</span> <span class='ocrx_word' id='word_1_383' title='bbox 1275 2604 1404 2675; x_wconf 88' lang='lat' dir='ltr'>quoniam</span> <span class='ocrx_word' id='word_1_384' title='bbox 1420 2605 1455 2661; x_wconf 89' lang='lat' dir='ltr'>ad</span> <span class='ocrx_word' id='word_1_385' title='bbox 1481 2606 1706 2677; x_wconf 83' lang='lat' dir='ltr'>deprecationem</span> <span class='ocrx_word' id='word_1_386' title='bbox 1722 2609 1781 2665; x_wconf 75' lang='lat' dir='ltr'>Ro-</span> 
     </span>
     <span class='ocr_line' id='line_1_29' title="bbox 136 2690 1782 2766; baseline 0.002 -18"><span class='ocrx_word' id='word_1_387' title='bbox 136 2694 281 2766; x_wconf 89' lang='lat' dir='ltr'>quentibus</span> <span class='ocrx_word' id='word_1_388' title='bbox 291 2694 350 2765; x_wconf 91' lang='lat' dir='ltr'>ipse</span> <span class='ocrx_word' id='word_1_389' title='bbox 372 2703 514 2764; x_wconf 88' lang='lat' dir='ltr'>memorat,</span> <span class='ocrx_word' id='word_1_390' title='bbox 538 2696 659 2751; x_wconf 89' lang='lat' dir='ltr'>eruditus</span> <span class='ocrx_word' id='word_1_391' title='bbox 681 2703 743 2751; x_wconf 88' lang='lat' dir='ltr'>est:</span> <span class='ocrx_word' id='word_1_392' title='bbox 760 2704 787 2751; x_wconf 92' lang='lat' dir='ltr'>et</span> <span class='ocrx_word' id='word_1_393' title='bbox 801 2696 863 2751; x_wconf 87' lang='lat' dir='ltr'>ideo</span> <span class='ocrx_word' id='word_1_394' title='bbox 877 2712 933 2753; x_wconf 92' lang='lat' dir='ltr'>non</span> <span class='ocrx_word' id='word_1_395' title='bbox 983 2690 1048 2745; x_wconf 84' lang='lat' dir='ltr'>dulfi</span> <span class='ocrx_word' id='word_1_396' title='bbox 1063 2699 1088 2746; x_wconf 82' lang='lat' dir='ltr'>el</span> <span class='ocrx_word' id='word_1_397' title='bbox 1107 2691 1225 2746; x_wconf 79' lang='lat' dir='ltr'>Conrcdi</span> <span class='ocrx_word' id='word_1_398' title='bbox 1235 2692 1347 2747; x_wconf 78' lang='lat' dir='ltr'>easdem</span> <span class='ocrx_word' id='word_1_399' title='bbox 1362 2709 1416 2760; x_wconf 75' lang='lat' dir='ltr'>reS,</span> <span class='ocrx_word' id='word_1_400' title='bbox 1432 2701 1577 2766; x_wconf 85' lang='lat' dir='ltr'>postquam</span> <span class='ocrx_word' id='word_1_401' title='bbox 1597 2695 1717 2752; x_wconf 88' lang='lat' dir='ltr'>domnus</span> <span class='ocrx_word' id='word_1_402' title='bbox 1732 2715 1782 2754; x_wconf 86' lang='lat' dir='ltr'>rex</span> 
     </span>
     <span class='ocr_line' id='line_1_30' title="bbox 136 2777 1783 2855; baseline 0.006 -24"><span class='ocrx_word' id='word_1_403' title='bbox 136 2781 275 2850; x_wconf 83' lang='lat' dir='ltr'>saeivem,</span> <span class='ocrx_word' id='word_1_404' title='bbox 299 2783 348 2838; x_wconf 81' lang='lat' dir='ltr'>sed</span> <span class='ocrx_word' id='word_1_405' title='bbox 371 2784 535 2854; x_wconf 76' lang='lat' dir='ltr'>municipem</span> <span class='ocrx_word' id='word_1_406' title='bbox 550 2800 564 2838; x_wconf 80' lang='lat' dir='ltr'>a</span> <span class='ocrx_word' id='word_1_407' title='bbox 579 2784 735 2855; x_wconf 73' lang='lat' dir='ltr'>municipio,</span> <span class='ocrx_word' id='word_1_408' title='bbox 747 2784 828 2840; x_wconf 79' lang='lat' dir='ltr'>idest</span> <span class='ocrx_word' id='word_1_409' title='bbox 849 2786 932 2840; x_wconf 73' lang='lat' dir='ltr'>remi.</span> <span class='ocrx_word' id='word_1_410' title='bbox 982 2777 1042 2832; x_wconf 91' lang='lat' dir='ltr'>illas</span> <span class='ocrx_word' id='word_1_411' title='bbox 1064 2777 1179 2850; x_wconf 84' lang='lat' dir='ltr'>alonge</span> <span class='ocrx_word' id='word_1_412' title='bbox 1193 2787 1316 2851; x_wconf 88' lang='lat' dir='ltr'>tempore</span> <span class='ocrx_word' id='word_1_413' title='bbox 1332 2782 1366 2836; x_wconf 90' lang='lat' dir='ltr'>de</span> <span class='ocrx_word' id='word_1_414' title='bbox 1390 2781 1688 2840; x_wconf 89' lang='lat' dir='ltr'>eeclesiaLaudunensi</span> <span class='ocrx_word' id='word_1_415' title='bbox 1712 2786 1783 2841; x_wconf 85' lang='lat' dir='ltr'>abs-</span> 
     </span>
     <span class='ocr_line' id='line_1_31' title="bbox 136 2868 1785 2946; baseline 0.006 -28"><span class='ocrx_word' id='word_1_416' title='bbox 136 2871 205 2926; x_wconf 80' lang='lat' dir='ltr'>torio</span> <span class='ocrx_word' id='word_1_417' title='bbox 226 2871 349 2941; x_wconf 77' lang='lat' dir='ltr'>ejusdem</span> <span class='ocrx_word' id='word_1_418' title='bbox 372 2871 495 2940; x_wconf 72' lang='lat' dir='ltr'>civitatis,</span> <span class='ocrx_word' id='word_1_419' title='bbox 513 2872 541 2926; x_wconf 81' lang='lat' dir='ltr'>m</span> <span class='ocrx_word' id='word_1_420' title='bbox 556 2888 609 2943; x_wconf 80' lang='lat' dir='ltr'>quo</span> <span class='ocrx_word' id='word_1_421' title='bbox 634 2881 675 2927; x_wconf 76' lang='lat' dir='ltr'>est</span> <span class='ocrx_word' id='word_1_422' title='bbox 689 2873 812 2940; x_wconf 72' lang='lat' dir='ltr'>nutritus,</span> <span class='ocrx_word' id='word_1_423' title='bbox 837 2874 932 2945; x_wconf 76' lang='lat' dir='ltr'>appel.</span> <span class='ocrx_word' id='word_1_424' title='bbox 983 2874 1083 2921; x_wconf 88' lang='lat' dir='ltr'>tractas</span> <span class='ocrx_word' id='word_1_425' title='bbox 1106 2868 1194 2922; x_wconf 89' lang='lat' dir='ltr'>eidem</span> <span class='ocrx_word' id='word_1_426' title='bbox 1222 2868 1344 2924; x_wconf 87' lang='lat' dir='ltr'>ecclesiae</span> <span class='ocrx_word' id='word_1_427' title='bbox 1377 2885 1426 2925; x_wconf 90' lang='lat' dir='ltr'>sua</span> <span class='ocrx_word' id='word_1_428' title='bbox 1454 2870 1553 2941; x_wconf 86' lang='lat' dir='ltr'>pietate</span> <span class='ocrx_word' id='word_1_429' title='bbox 1584 2872 1712 2940; x_wconf 88' lang='lat' dir='ltr'>restituit,</span> <span class='ocrx_word' id='word_1_430' title='bbox 1730 2874 1785 2946; x_wconf 91' lang='lat' dir='ltr'>ipsi</span> 
     </span>
     <span class='ocr_line' id='line_1_32' title="bbox 136 2953 1783 3032; baseline 0.004 -21"><span class='ocrx_word' id='word_1_431' title='bbox 136 2957 182 3013; x_wconf 91' lang='lat' dir='ltr'>lat.</span> <span class='ocrx_word' id='word_1_432' title='bbox 196 2958 301 3014; x_wconf 87' lang='lat' dir='ltr'>Dictum</span> <span class='ocrx_word' id='word_1_433' title='bbox 311 2967 400 3014; x_wconf 87' lang='lat' dir='ltr'>autern</span> <span class='ocrx_word' id='word_1_434' title='bbox 414 2959 598 3030; x_wconf 89' lang='lat' dir='ltr'>municipium,</span> <span class='ocrx_word' id='word_1_435' title='bbox 615 2961 804 3032; x_wconf 88' lang='lat' dir='ltr'>quodtantum</span> <span class='ocrx_word' id='word_1_436' title='bbox 827 2962 930 3031; x_wconf 90' lang='lat' dir='ltr'>munia,</span> <span class='ocrx_word' id='word_1_437' title='bbox 983 2953 1084 3009; x_wconf 76' lang='lat' dir='ltr'>domno</span> <span class='ocrx_word' id='word_1_438' title='bbox 1101 2956 1160 3028; x_wconf 76' lang='lat' dir='ltr'>regi</span> <span class='ocrx_word' id='word_1_439' title='bbox 1179 2956 1250 3023; x_wconf 75' lang='lat' dir='ltr'>illas,</span> <span class='ocrx_word' id='word_1_440' title='bbox 1268 2957 1403 3014; x_wconf 80' lang='lat' dir='ltr'>sincmco</span> <span class='ocrx_word' id='word_1_441' title='bbox 1418 2973 1450 3015; x_wconf 79' lang='lat' dir='ltr'>cc</span> <span class='ocrx_word' id='word_1_442' title='bbox 1465 2959 1694 3032; x_wconf 83' lang='lat' dir='ltr'>coepiscoporum</span> <span class='ocrx_word' id='word_1_443' title='bbox 1712 2979 1783 3019; x_wconf 90' lang='lat' dir='ltr'>nos-</span> 
     </span>
     <span class='ocr_line' id='line_1_33' title="bbox 135 3045 1784 3124; baseline 0.008 -30"><span class='ocrx_word' id='word_1_444' title='bbox 135 3046 224 3102; x_wconf 77' lang='lat' dir='ltr'>idest</span> <span class='ocrx_word' id='word_1_445' title='bbox 245 3047 345 3102; x_wconf 78' lang='lat' dir='ltr'>tributa</span> <span class='ocrx_word' id='word_1_446' title='bbox 366 3046 511 3102; x_wconf 77' lang='lat' dir='ltr'>debitam}</span> <span class='ocrx_word' id='word_1_447' title='bbox 533 3064 646 3103; x_wconf 73' lang='lat' dir='ltr'>munem</span> <span class='ocrx_word' id='word_1_448' title='bbox 661 3049 766 3104; x_wconf 75' lang='lat' dir='ltr'>reddar,</span> <span class='ocrx_word' id='word_1_449' title='bbox 783 3050 850 3104; x_wconf 71' lang='lat' dir='ltr'>Nam</span> <span class='ocrx_word' id='word_1_450' title='bbox 865 3050 933 3106; x_wconf 71' lang='lat' dir='ltr'>libe.</span> <span class='ocrx_word' id='word_1_451' title='bbox 983 3045 1374 3101; x_wconf 88' lang='lat' dir='ltr'>trorumetcomministrorum</span> <span class='ocrx_word' id='word_1_452' title='bbox 1396 3055 1506 3102; x_wconf 91' lang='lat' dir='ltr'>tuorum</span> <span class='ocrx_word' id='word_1_453' title='bbox 1523 3048 1784 3124; x_wconf 87' lang='lat' dir='ltr'>conscientiaatque</span> 
     </span>
     <span class='ocr_line' id='line_1_34' title="bbox 135 3133 1785 3210; baseline 0.002 -16"><span class='ocrx_word' id='word_1_454' title='bbox 135 3135 208 3191; x_wconf 82' lang='lat' dir='ltr'>rales</span> <span class='ocrx_word' id='word_1_455' title='bbox 223 3143 249 3191; x_wconf 85' lang='lat' dir='ltr'>et</span> <span class='ocrx_word' id='word_1_456' title='bbox 272 3135 460 3192; x_wconf 77' lang='lat' dir='ltr'>famosissimas</span> <span class='ocrx_word' id='word_1_457' title='bbox 481 3151 578 3204; x_wconf 85' lang='lat' dir='ltr'>causae,</span> <span class='ocrx_word' id='word_1_458' title='bbox 610 3146 636 3192; x_wconf 91' lang='lat' dir='ltr'>et</span> <span class='ocrx_word' id='word_1_459' title='bbox 664 3154 725 3210; x_wconf 85' lang='lat' dir='ltr'>quae</span> <span class='ocrx_word' id='word_1_460' title='bbox 749 3154 781 3193; x_wconf 84' lang='lat' dir='ltr'>ex</span> <span class='ocrx_word' id='word_1_461' title='bbox 810 3138 931 3210; x_wconf 87' lang='lat' dir='ltr'>principe</span> <span class='ocrx_word' id='word_1_462' title='bbox 981 3147 1118 3188; x_wconf 89' lang='lat' dir='ltr'>consensu</span> <span class='ocrx_word' id='word_1_463' title='bbox 1144 3133 1322 3202; x_wconf 85' lang='lat' dir='ltr'>beneficiasti,</span> <span class='ocrx_word' id='word_1_464' title='bbox 1355 3142 1487 3207; x_wconf 89' lang='lat' dir='ltr'>quatenus</span> <span class='ocrx_word' id='word_1_465' title='bbox 1503 3136 1592 3192; x_wconf 88' lang='lat' dir='ltr'>eidem</span> <span class='ocrx_word' id='word_1_466' title='bbox 1608 3138 1785 3198; x_wconf 88' lang='lat' dir='ltr'>Nortmanno</span> 
     </span>
     <span class='ocr_line' id='line_1_35' title="bbox 133 3219 1784 3299; baseline 0.004 -20"><span class='ocrx_word' id='word_1_467' title='bbox 133 3222 350 3297; x_wconf 78' lang='lat' dir='ltr'>proficiscuntur,</span> <span class='ocrx_word' id='word_1_468' title='bbox 374 3226 409 3280; x_wconf 91' lang='lat' dir='ltr'>ad</span> <span class='ocrx_word' id='word_1_469' title='bbox 433 3225 593 3298; x_wconf 88' lang='lat' dir='ltr'>dignitatem</span> <span class='ocrx_word' id='word_1_470' title='bbox 625 3226 762 3283; x_wconf 88' lang='lat' dir='ltr'>civitatum</span> <span class='ocrx_word' id='word_1_471' title='bbox 783 3228 929 3299; x_wconf 82' lang='lat' dir='ltr'>pertinent,</span> <span class='ocrx_word' id='word_1_472' title='bbox 981 3219 1043 3276; x_wconf 90' lang='lat' dir='ltr'>illas</span> <span class='ocrx_word' id='word_1_473' title='bbox 1058 3220 1241 3278; x_wconf 84' lang='lat' dir='ltr'>beneficiaret.</span> <span class='ocrx_word' id='word_1_474' title='bbox 1255 3244 1266 3273; x_wconf 78' lang='grc' dir='ltr'><strong>ι</strong></span> <span class='ocrx_word' id='word_1_475' title='bbox 1279 3224 1345 3278; x_wconf 90' lang='lat' dir='ltr'>ltem</span> <span class='ocrx_word' id='word_1_476' title='bbox 1357 3231 1383 3279; x_wconf 89' lang='lat' dir='ltr'>et</span> <span class='ocrx_word' id='word_1_477' title='bbox 1398 3231 1459 3295; x_wconf 90' lang='lat' dir='ltr'>post</span> <span class='ocrx_word' id='word_1_478' title='bbox 1474 3224 1578 3297; x_wconf 90' lang='lat' dir='ltr'>aliquas</span> <span class='ocrx_word' id='word_1_479' title='bbox 1593 3226 1672 3283; x_wconf 89' lang='lat' dir='ltr'>dates</span> <span class='ocrx_word' id='word_1_480' title='bbox 1682 3239 1784 3285; x_wconf 90' lang='lat' dir='ltr'>aucto-</span> 
     </span>
     <span class='ocr_line' id='line_1_36' title="bbox 132 3309 1785 3381; baseline 0.004 -12"><span class='ocrx_word' id='word_1_481' title='bbox 132 3313 191 3369; x_wconf 88' lang='lat' dir='ltr'>Nec</span> <span class='ocrx_word' id='word_1_482' title='bbox 205 3312 313 3381; x_wconf 90' lang='lat' dir='ltr'>mimm,</span> <span class='ocrx_word' id='word_1_483' title='bbox 331 3312 354 3368; x_wconf 90' lang='lat' dir='ltr'>si</span> <span class='ocrx_word' id='word_1_484' title='bbox 368 3329 399 3371; x_wconf 90' lang='lat' dir='ltr'>se</span> <span class='ocrx_word' id='word_1_485' title='bbox 417 3315 580 3370; x_wconf 83' lang='lat' dir='ltr'>Tarsensem</span> <span class='ocrx_word' id='word_1_486' title='bbox 597 3323 624 3370; x_wconf 77' lang='lat' dir='ltr'>et</span> <span class='ocrx_word' id='word_1_487' title='bbox 638 3331 693 3370; x_wconf 81' lang='lat' dir='ltr'>non</span> <span class='ocrx_word' id='word_1_488' title='bbox 714 3315 874 3372; x_wconf 77' lang='lat' dir='ltr'>Gismljmm</span> <span class='ocrx_word' id='word_1_489' title='bbox 889 3316 930 3372; x_wconf 79' lang='lat' dir='ltr'>di.</span> <span class='ocrx_word' id='word_1_490' title='bbox 981 3309 1083 3364; x_wconf 89' lang='lat' dir='ltr'>ritates.</span> <span class='ocrx_word' id='word_1_491' title='bbox 1104 3331 1114 3361; x_wconf 73' lang='lat' dir='ltr'>a</span> <span class='ocrx_word' id='word_1_492' title='bbox 1130 3312 1164 3365; x_wconf 83' lang='lat' dir='ltr'>lit</span> <span class='ocrx_word' id='word_1_493' title='bbox 1179 3313 1231 3367; x_wconf 93' lang='lat' dir='ltr'>boc</span> <span class='ocrx_word' id='word_1_494' title='bbox 1246 3320 1300 3367; x_wconf 89' lang='lat' dir='ltr'>ate</span> <span class='ocrx_word' id='word_1_495' title='bbox 1315 3312 1352 3368; x_wconf 88' lang='lat' dir='ltr'>ita</span> <span class='ocrx_word' id='word_1_496' title='bbox 1368 3312 1590 3372; x_wconf 85' lang='lat' dir='ltr'>irrationabiliter</span> <span class='ocrx_word' id='word_1_497' title='bbox 1627 3315 1734 3372; x_wconf 86' lang='lat' dir='ltr'>lactum</span> <span class='ocrx_word' id='word_1_498' title='bbox 1748 3318 1785 3375; x_wconf 92' lang='lat' dir='ltr'>ir·</span> 
     </span>
     <span class='ocr_line' id='line_1_37' title="bbox 134 3398 1783 3479; baseline 0.009 -32"><span class='ocrx_word' id='word_1_499' title='bbox 134 3409 187 3468; x_wconf 66' lang='lat' dir='ltr'>me,</span> <span class='ocrx_word' id='word_1_500' title='bbox 203 3417 265 3459; x_wconf 77' lang='lat' dir='ltr'>mm</span> <span class='ocrx_word' id='word_1_501' title='bbox 281 3401 412 3458; x_wconf 74' lang='lat' dir='ltr'>Dominus</span> <span class='ocrx_word' id='word_1_502' title='bbox 426 3402 486 3474; x_wconf 71' lang='lat' dir='ltr'>ipse</span> <span class='ocrx_word' id='word_1_503' title='bbox 506 3403 533 3458; x_wconf 82' lang='lat' dir='ltr'>m</span> <span class='ocrx_word' id='word_1_504' title='bbox 545 3403 682 3460; x_wconf 64' lang='lat' dir='ltr'>Bethleem</span> <span class='ocrx_word' id='word_1_505' title='bbox 702 3411 791 3474; x_wconf 62' lang='lat' dir='ltr'>umus,</span> <span class='ocrx_word' id='word_1_506' title='bbox 814 3421 870 3461; x_wconf 70' lang='lat' dir='ltr'>non</span> <span class='ocrx_word' id='word_1_507' title='bbox 883 3405 930 3461; x_wconf 54' lang='grc' dir='ltr'>ΒΘ.</span> <span class='ocrx_word' id='word_1_508' title='bbox 981 3398 1166 3454; x_wconf 86' lang='lat' dir='ltr'>rationabilius</span> <span class='ocrx_word' id='word_1_509' title='bbox 1180 3400 1328 3456; x_wconf 90' lang='lat' dir='ltr'>dissolvisti</span> <span class='ocrx_word' id='word_1_510' title='bbox 1343 3419 1350 3456; x_wconf 78' lang='grc' dir='ltr'><strong><em>ε</em></strong></span> <span class='ocrx_word' id='word_1_511' title='bbox 1367 3401 1413 3474; x_wconf 89' lang='lat' dir='ltr'>qui</span> <span class='ocrx_word' id='word_1_512' title='bbox 1428 3410 1532 3458; x_wconf 89' lang='lat' dir='ltr'>armata</span> <span class='ocrx_word' id='word_1_513' title='bbox 1554 3403 1670 3459; x_wconf 88' lang='lat' dir='ltr'>militare</span> <span class='ocrx_word' id='word_1_514' title='bbox 1685 3421 1783 3479; x_wconf 88' lang='lat' dir='ltr'>manu,</span> 
     </span>
     <span class='ocr_line' id='line_1_38' title="bbox 133 3487 1784 3567; baseline 0.004 -22"><span class='ocrx_word' id='word_1_515' title='bbox 133 3490 296 3559; x_wconf 88' lang='lat' dir='ltr'>thleemites,</span> <span class='ocrx_word' id='word_1_516' title='bbox 313 3492 362 3547; x_wconf 92' lang='lat' dir='ltr'>sed</span> <span class='ocrx_word' id='word_1_517' title='bbox 386 3492 547 3567; x_wconf 88' lang='lat' dir='ltr'>Nazarenus</span> <span class='ocrx_word' id='word_1_518' title='bbox 561 3508 577 3547; x_wconf 92' lang='lat' dir='ltr'>a</span> <span class='ocrx_word' id='word_1_519' title='bbox 592 3492 653 3550; x_wconf 91' lang='lat' dir='ltr'>loeo</span> <span class='ocrx_word' id='word_1_520' title='bbox 667 3493 714 3549; x_wconf 91' lang='lat' dir='ltr'>ubi</span> <span class='ocrx_word' id='word_1_521' title='bbox 733 3494 850 3549; x_wconf 84' lang='lat' dir='ltr'>nutritus</span> <span class='ocrx_word' id='word_1_522' title='bbox 874 3502 929 3549; x_wconf 78' lang='lat' dir='ltr'>emt</span> <span class='ocrx_word' id='word_1_523' title='bbox 981 3494 1008 3542; x_wconf 90' lang='lat' dir='ltr'>et</span> <span class='ocrx_word' id='word_1_524' title='bbox 1021 3487 1151 3558; x_wconf 89' lang='lat' dir='ltr'>permista</span> <span class='ocrx_word' id='word_1_525' title='bbox 1167 3488 1242 3562; x_wconf 83' lang='lat' dir='ltr'>vulgi</span> <span class='ocrx_word' id='word_1_526' title='bbox 1257 3489 1430 3546; x_wconf 90' lang='lat' dir='ltr'>multitudine</span> <span class='ocrx_word' id='word_1_527' title='bbox 1446 3506 1508 3547; x_wconf 90' lang='lat' dir='ltr'>cum</span> <span class='ocrx_word' id='word_1_528' title='bbox 1523 3493 1608 3550; x_wconf 89' lang='lat' dir='ltr'>armis</span> <span class='ocrx_word' id='word_1_529' title='bbox 1623 3499 1650 3548; x_wconf 89' lang='lat' dir='ltr'>et</span> <span class='ocrx_word' id='word_1_530' title='bbox 1660 3493 1784 3551; x_wconf 84' lang='lat' dir='ltr'>fustibus</span> 
     </span>
     <span class='ocr_line' id='line_1_39' title="bbox 134 3576 1784 3653; baseline 0.008 -25"><span class='ocrx_word' id='word_1_531' title='bbox 134 3580 343 3653; x_wconf 79' lang='lat' dir='ltr'>cognominatus</span> <span class='ocrx_word' id='word_1_532' title='bbox 357 3588 407 3636; x_wconf 75' lang='lat' dir='ltr'>est,</span> <span class='ocrx_word' id='word_1_533' title='bbox 433 3582 466 3636; x_wconf 77' lang='lat' dir='ltr'>Et</span> <span class='ocrx_word' id='word_1_534' title='bbox 482 3588 509 3636; x_wconf 84' lang='lat' dir='ltr'>m</span> <span class='ocrx_word' id='word_1_535' title='bbox 530 3597 597 3653; x_wconf 71' lang='lat' dir='ltr'>ergo</span> <span class='ocrx_word' id='word_1_536' title='bbox 619 3582 647 3636; x_wconf 82' lang='lat' dir='ltr'>m</span> <span class='ocrx_word' id='word_1_537' title='bbox 662 3582 929 3648; x_wconf 62' lang='lat' dir='ltr'>dioegmiflhemmsi</span> <span class='ocrx_word' id='word_1_538' title='bbox 981 3582 1008 3629; x_wconf 91' lang='lat' dir='ltr'>et</span> <span class='ocrx_word' id='word_1_539' title='bbox 1021 3576 1136 3631; x_wconf 88' lang='lat' dir='ltr'>tumultu</span> <span class='ocrx_word' id='word_1_540' title='bbox 1161 3577 1288 3644; x_wconf 84' lang='lat' dir='ltr'>maximo,</span> <span class='ocrx_word' id='word_1_541' title='bbox 1314 3578 1384 3634; x_wconf 91' lang='lat' dir='ltr'>sicut</span> <span class='ocrx_word' id='word_1_542' title='bbox 1406 3579 1500 3634; x_wconf 92' lang='lat' dir='ltr'>dicunt</span> <span class='ocrx_word' id='word_1_543' title='bbox 1524 3580 1568 3652; x_wconf 92' lang='lat' dir='ltr'>qui</span> <span class='ocrx_word' id='word_1_544' title='bbox 1590 3579 1693 3637; x_wconf 83' lang='lat' dir='ltr'>sactum</span> <span class='ocrx_word' id='word_1_545' title='bbox 1712 3582 1784 3641; x_wconf 89' lang='lat' dir='ltr'>illud</span> 
     </span>
     <span class='ocr_line' id='line_1_40' title="bbox 131 3663 1784 3745; baseline 0.003 -23"><span class='ocrx_word' id='word_1_546' title='bbox 131 3675 220 3739; x_wconf 86' lang='lat' dir='ltr'>natus,</span> <span class='ocrx_word' id='word_1_547' title='bbox 237 3676 263 3725; x_wconf 90' lang='lat' dir='ltr'>et</span> <span class='ocrx_word' id='word_1_548' title='bbox 278 3668 305 3723; x_wconf 92' lang='lat' dir='ltr'>in</span> <span class='ocrx_word' id='word_1_549' title='bbox 333 3669 477 3740; x_wconf 88' lang='lat' dir='ltr'>metropoli</span> <span class='ocrx_word' id='word_1_550' title='bbox 499 3669 665 3726; x_wconf 86' lang='lat' dir='ltr'>Rhemorum</span> <span class='ocrx_word' id='word_1_551' title='bbox 694 3671 820 3737; x_wconf 90' lang='lat' dir='ltr'>nutritus,</span> <span class='ocrx_word' id='word_1_552' title='bbox 850 3679 877 3727; x_wconf 91' lang='lat' dir='ltr'>et</span> <span class='ocrx_word' id='word_1_553' title='bbox 901 3671 928 3726; x_wconf 94' lang='lat' dir='ltr'>in</span> <span class='ocrx_word' id='word_1_554' title='bbox 981 3663 1105 3719; x_wconf 88' lang='lat' dir='ltr'>viderunt</span> <span class='ocrx_word' id='word_1_555' title='bbox 1120 3666 1315 3733; x_wconf 87' lang='lat' dir='ltr'>etaudierunt,</span> <span class='ocrx_word' id='word_1_556' title='bbox 1337 3668 1464 3724; x_wconf 85' lang='lat' dir='ltr'>eumdem</span> <span class='ocrx_word' id='word_1_557' title='bbox 1491 3670 1705 3741; x_wconf 89' lang='lat' dir='ltr'>Nortmannum,</span> <span class='ocrx_word' id='word_1_558' title='bbox 1734 3671 1784 3745; x_wconf 90' lang='lat' dir='ltr'>qui</span> 
     </span>
     <span class='ocr_line' id='line_1_41' title="bbox 130 3751 1784 3829; baseline 0.002 -17"><span class='ocrx_word' id='word_1_559' title='bbox 130 3756 277 3829; x_wconf 86' lang='lat' dir='ltr'>municipio</span> <span class='ocrx_word' id='word_1_560' title='bbox 290 3757 415 3813; x_wconf 86' lang='lat' dir='ltr'>Lauduni</span> <span class='ocrx_word' id='word_1_561' title='bbox 438 3757 588 3824; x_wconf 89' lang='lat' dir='ltr'>ordinatus,</span> <span class='ocrx_word' id='word_1_562' title='bbox 621 3774 677 3814; x_wconf 89' lang='lat' dir='ltr'>non</span> <span class='ocrx_word' id='word_1_563' title='bbox 708 3767 735 3815; x_wconf 90' lang='lat' dir='ltr'>te</span> <span class='ocrx_word' id='word_1_564' title='bbox 752 3759 860 3815; x_wconf 84' lang='lat' dir='ltr'>civilem</span> <span class='ocrx_word' id='word_1_565' title='bbox 884 3760 927 3816; x_wconf 89' lang='lat' dir='ltr'>vel</span> <span class='ocrx_word' id='word_1_566' title='bbox 979 3751 1052 3823; x_wconf 83' lang='lat' dir='ltr'>ipsas</span> <span class='ocrx_word' id='word_1_567' title='bbox 1067 3769 1112 3807; x_wconf 83' lang='lat' dir='ltr'>res</span> <span class='ocrx_word' id='word_1_568' title='bbox 1127 3769 1144 3809; x_wconf 81' lang='lat' dir='ltr'><strong>a</strong></span> <span class='ocrx_word' id='word_1_569' title='bbox 1158 3762 1184 3808; x_wconf 84' lang='lat' dir='ltr'>re</span> <span class='ocrx_word' id='word_1_570' title='bbox 1209 3755 1268 3827; x_wconf 85' lang='lat' dir='ltr'>regi</span> <span class='ocrx_word' id='word_1_571' title='bbox 1292 3770 1437 3812; x_wconf 79' lang='lat' dir='ltr'>concessas</span> <span class='ocrx_word' id='word_1_572' title='bbox 1458 3774 1509 3828; x_wconf 89' lang='lat' dir='ltr'>per</span> <span class='ocrx_word' id='word_1_573' title='bbox 1530 3757 1784 3829; x_wconf 85' lang='lat' dir='ltr'>regisbenefieiurn</span> 
     </span>
     <span class='ocr_line' id='line_1_42' title="bbox 130 3841 1785 3917; baseline 0.002 -16"><span class='ocrx_word' id='word_1_574' title='bbox 130 3845 256 3913; x_wconf 86' lang='lat' dir='ltr'>civicum,</span> <span class='ocrx_word' id='word_1_575' title='bbox 271 3845 321 3900; x_wconf 91' lang='lat' dir='ltr'>sed</span> <span class='ocrx_word' id='word_1_576' title='bbox 335 3845 510 3915; x_wconf 86' lang='lat' dir='ltr'>municipem,</span> <span class='ocrx_word' id='word_1_577' title='bbox 534 3846 660 3902; x_wconf 87' lang='lat' dir='ltr'>videlicet</span> <span class='ocrx_word' id='word_1_578' title='bbox 674 3846 853 3916; x_wconf 87' lang='lat' dir='ltr'>tributarium,</span> <span class='ocrx_word' id='word_1_579' title='bbox 878 3865 927 3903; x_wconf 86' lang='lat' dir='ltr'>seu</span> <span class='ocrx_word' id='word_1_580' title='bbox 980 3841 1123 3910; x_wconf 88' lang='lat' dir='ltr'>retinebat,</span> <span class='ocrx_word' id='word_1_581' title='bbox 1141 3842 1275 3898; x_wconf 86' lang='lat' dir='ltr'>violenter</span> <span class='ocrx_word' id='word_1_582' title='bbox 1290 3852 1316 3899; x_wconf 87' lang='lat' dir='ltr'>et</span> <span class='ocrx_word' id='word_1_583' title='bbox 1330 3845 1388 3900; x_wconf 87' lang='lat' dir='ltr'>sine</span> <span class='ocrx_word' id='word_1_584' title='bbox 1404 3846 1647 3917; x_wconf 86' lang='lat' dir='ltr'>regiseuctoritate</span> <span class='ocrx_word' id='word_1_585' title='bbox 1662 3862 1696 3905; x_wconf 87' lang='lat' dir='ltr'>ac</span> <span class='ocrx_word' id='word_1_586' title='bbox 1719 3865 1785 3904; x_wconf 88' lang='lat' dir='ltr'>rer-</span> 
     </span>
     <span class='ocr_line' id='line_1_43' title="bbox 129 3928 1782 4006; baseline 0.008 -27"><span class='ocrx_word' id='word_1_587' title='bbox 129 3931 325 4002; x_wconf 69' lang='lat' dir='ltr'>munerarium,</span> <span class='ocrx_word' id='word_1_588' title='bbox 345 3931 447 3986; x_wconf 74' lang='lat' dir='ltr'>utinam</span> <span class='ocrx_word' id='word_1_589' title='bbox 469 3932 628 4004; x_wconf 75' lang='lat' dir='ltr'>spiritalium</span> <span class='ocrx_word' id='word_1_590' title='bbox 649 3935 792 4003; x_wconf 66' lang='lat' dir='ltr'>donorum,</span> <span class='ocrx_word' id='word_1_591' title='bbox 817 3936 926 4006; x_wconf 69' lang='lat' dir='ltr'>episco-</span> <span class='ocrx_word' id='word_1_592' title='bbox 980 3928 1015 3983; x_wconf 91' lang='lat' dir='ltr'>b0</span> <span class='ocrx_word' id='word_1_593' title='bbox 1030 3929 1071 3984; x_wconf 81' lang='lat' dir='ltr'>vel</span> <span class='ocrx_word' id='word_1_594' title='bbox 1087 3929 1185 3985; x_wconf 74' lang='lat' dir='ltr'>litteris</span> <span class='ocrx_word' id='word_1_595' title='bbox 1205 3932 1341 4004; x_wconf 80' lang='lat' dir='ltr'>expulisti,</span> <span class='ocrx_word' id='word_1_596' title='bbox 1358 3934 1472 4005; x_wconf 83' lang='lat' dir='ltr'>expulso</span> <span class='ocrx_word' id='word_1_597' title='bbox 1495 3935 1541 3990; x_wconf 89' lang='lat' dir='ltr'>illo</span> <span class='ocrx_word' id='word_1_598' title='bbox 1562 3934 1623 3993; x_wconf 77' lang='lat' dir='ltr'>illas</span> <span class='ocrx_word' id='word_1_599' title='bbox 1644 3935 1782 4005; x_wconf 78' lang='lat' dir='ltr'>invasisti,</span> 
     </span>
     <span class='ocr_line' id='line_1_44' title="bbox 129 4017 1785 4098; baseline 0.005 -23"><span class='ocrx_word' id='word_1_600' title='bbox 129 4036 204 4092; x_wconf 88' lang='lat' dir='ltr'>pum,</span> <span class='ocrx_word' id='word_1_601' title='bbox 216 4027 243 4075; x_wconf 92' lang='lat' dir='ltr'>et</span> <span class='ocrx_word' id='word_1_602' title='bbox 258 4027 371 4090; x_wconf 84' lang='lat' dir='ltr'>excepto</span> <span class='ocrx_word' id='word_1_603' title='bbox 386 4021 460 4092; x_wconf 91' lang='lat' dir='ltr'>quod</span> <span class='ocrx_word' id='word_1_604' title='bbox 478 4036 494 4076; x_wconf 93' lang='lat' dir='ltr'>a</span> <span class='ocrx_word' id='word_1_605' title='bbox 508 4021 634 4092; x_wconf 88' lang='lat' dir='ltr'>pluribus</span> <span class='ocrx_word' id='word_1_606' title='bbox 645 4023 780 4094; x_wconf 90' lang='lat' dir='ltr'>episcopis</span> <span class='ocrx_word' id='word_1_607' title='bbox 796 4041 826 4079; x_wconf 87' lang='lat' dir='ltr'>es</span> <span class='ocrx_word' id='word_1_608' title='bbox 851 4025 925 4080; x_wconf 78' lang='lat' dir='ltr'>ordi.</span> <span class='ocrx_word' id='word_1_609' title='bbox 980 4024 1005 4072; x_wconf 89' lang='lat' dir='ltr'>et</span> <span class='ocrx_word' id='word_1_610' title='bbox 1021 4017 1046 4072; x_wconf 94' lang='lat' dir='ltr'>in</span> <span class='ocrx_word' id='word_1_611' title='bbox 1062 4034 1109 4074; x_wconf 87' lang='lat' dir='ltr'>eas</span> <span class='ocrx_word' id='word_1_612' title='bbox 1123 4018 1239 4087; x_wconf 86' lang='lat' dir='ltr'>intrasti,</span> <span class='ocrx_word' id='word_1_613' title='bbox 1255 4038 1286 4077; x_wconf 90' lang='lat' dir='ltr'>ac</span> <span class='ocrx_word' id='word_1_614' title='bbox 1299 4022 1454 4094; x_wconf 89' lang='lat' dir='ltr'>possedisti,</span> <span class='ocrx_word' id='word_1_615' title='bbox 1463 4039 1525 4080; x_wconf 90' lang='lat' dir='ltr'>curn</span> <span class='ocrx_word' id='word_1_616' title='bbox 1538 4024 1591 4079; x_wconf 91' lang='lat' dir='ltr'>sint</span> <span class='ocrx_word' id='word_1_617' title='bbox 1602 4025 1680 4098; x_wconf 88' lang='lat' dir='ltr'>leges</span> <span class='ocrx_word' id='word_1_618' title='bbox 1696 4034 1723 4082; x_wconf 90' lang='lat' dir='ltr'>et</span> <span class='ocrx_word' id='word_1_619' title='bbox 1739 4043 1785 4084; x_wconf 91' lang='lat' dir='ltr'>re-</span> 
     </span>
     <span class='ocr_line' id='line_1_45' title="bbox 128 4105 1784 4183; baseline 0.001 -20"><span class='ocrx_word' id='word_1_620' title='bbox 128 4116 218 4174; x_wconf 90' lang='lat' dir='ltr'>natus,</span> <span class='ocrx_word' id='word_1_621' title='bbox 236 4123 306 4179; x_wconf 90' lang='lat' dir='ltr'>pene</span> <span class='ocrx_word' id='word_1_622' title='bbox 316 4106 445 4163; x_wconf 85' lang='lat' dir='ltr'>vicarium</span> <span class='ocrx_word' id='word_1_623' title='bbox 460 4110 629 4181; x_wconf 91' lang='lat' dir='ltr'>episcopum,</span> <span class='ocrx_word' id='word_1_624' title='bbox 646 4128 727 4183; x_wconf 88' lang='lat' dir='ltr'>quem</span> <span class='ocrx_word' id='word_1_625' title='bbox 744 4112 831 4169; x_wconf 77' lang='lat' dir='ltr'>Greci</span> <span class='ocrx_word' id='word_1_626' title='bbox 841 4114 924 4169; x_wconf 89' lang='lat' dir='ltr'>chor·</span> <span class='ocrx_word' id='word_1_627' title='bbox 979 4105 1059 4178; x_wconf 65' lang='lat' dir='ltr'>gule,</span> <span class='ocrx_word' id='word_1_628' title='bbox 1077 4107 1111 4161; x_wconf 88' lang='lat' dir='ltr'>sit</span> <span class='ocrx_word' id='word_1_629' title='bbox 1126 4108 1265 4164; x_wconf 84' lang='lat' dir='ltr'>etiumrex</span> <span class='ocrx_word' id='word_1_630' title='bbox 1289 4119 1401 4181; x_wconf 89' lang='lat' dir='ltr'>portans</span> <span class='ocrx_word' id='word_1_631' title='bbox 1421 4111 1541 4183; x_wconf 85' lang='lat' dir='ltr'>gladium</span> <span class='ocrx_word' id='word_1_632' title='bbox 1565 4112 1599 4167; x_wconf 92' lang='lat' dir='ltr'>ad</span> <span class='ocrx_word' id='word_1_633' title='bbox 1629 4113 1784 4171; x_wconf 79' lang='lat' dir='ltr'>vindictam</span> 
     </span>
     <span class='ocr_line' id='line_1_46' title="bbox 128 4194 1782 4274; baseline 0.011 -22"><span class='ocrx_word' id='word_1_634' title='bbox 128 4196 286 4268; x_wconf 90' lang='lat' dir='ltr'>episcopum</span> <span class='ocrx_word' id='word_1_635' title='bbox 295 4204 401 4264; x_wconf 86' lang='lat' dir='ltr'>vocant,</span> <span class='ocrx_word' id='word_1_636' title='bbox 411 4198 548 4255; x_wconf 89' lang='lat' dir='ltr'>debueras</span> <span class='ocrx_word' id='word_1_637' title='bbox 559 4215 804 4272; x_wconf 75' lang='lat' dir='ltr'>recognoscerent</span> <span class='ocrx_word' id='word_1_638' title='bbox 816 4203 924 4274; x_wconf 88' lang='lat' dir='ltr'>perlroc</span> <span class='ocrx_word' id='word_1_639' title='bbox 978 4194 1193 4264; x_wconf 61' lang='lat' dir='ltr'>malefflclfflum,</span> <span class='ocrx_word' id='word_1_640' title='bbox 1211 4197 1264 4252; x_wconf 70' lang='lat' dir='ltr'>sini</span> <span class='ocrx_word' id='word_1_641' title='bbox 1279 4199 1399 4271; x_wconf 67' lang='lat' dir='ltr'>epiSGOPi</span> <span class='ocrx_word' id='word_1_642' title='bbox 1414 4208 1438 4257; x_wconf 74' lang='lat'>0¹</span> <span class='ocrx_word' id='word_1_643' title='bbox 1455 4216 1574 4258; x_wconf 65' lang='grc' dir='ltr'><strong>031011θὸ</strong></span> <span class='ocrx_word' id='word_1_644' title='bbox 1582 4201 1617 4257; x_wconf 65' lang='lat' dir='ltr'>ad</span> <span class='ocrx_word' id='word_1_645' title='bbox 1628 4201 1782 4269; x_wconf 85' lang='lat' dir='ltr'>judicanda</span> 
     </span>
     <span class='ocr_line' id='line_1_47' title="bbox 127 4283 1784 4363; baseline 0.01 -23"><span class='ocrx_word' id='word_1_646' title='bbox 127 4300 183 4340; x_wconf 85' lang='lat' dir='ltr'>non</span> <span class='ocrx_word' id='word_1_647' title='bbox 196 4285 370 4357; x_wconf 81' lang='lat' dir='ltr'>privilegium</span> <span class='ocrx_word' id='word_1_648' title='bbox 384 4285 432 4341; x_wconf 81' lang='lat' dir='ltr'>tini</span> <span class='ocrx_word' id='word_1_649' title='bbox 448 4287 617 4355; x_wconf 65' lang='lat' dir='ltr'>asarinuseu</span> <span class='ocrx_word' id='word_1_650' title='bbox 642 4288 855 4361; x_wconf 78' lang='lat' dir='ltr'>municipatum:</span> <span class='ocrx_word' id='word_1_651' title='bbox 872 4308 923 4347; x_wconf 79' lang='lat' dir='ltr'>nee</span> <span class='ocrx_word' id='word_1_652' title='bbox 978 4283 1093 4339; x_wconf 78' lang='lat' dir='ltr'>crimina</span> <span class='ocrx_word' id='word_1_653' title='bbox 1107 4286 1315 4360; x_wconf 79' lang='lat' dir='ltr'>sacrilegorum,</span> <span class='ocrx_word' id='word_1_654' title='bbox 1332 4296 1360 4343; x_wconf 80' lang='lat' dir='ltr'>ut</span> <span class='ocrx_word' id='word_1_655' title='bbox 1374 4289 1396 4342; x_wconf 84' lang='lat' dir='ltr'>si</span> <span class='ocrx_word' id='word_1_656' title='bbox 1412 4289 1470 4360; x_wconf 81' lang='lat' dir='ltr'>ipss</span> <span class='ocrx_word' id='word_1_657' title='bbox 1483 4290 1671 4348; x_wconf 78' lang='lat' dir='ltr'>nortmannus</span> <span class='ocrx_word' id='word_1_658' title='bbox 1683 4308 1784 4363; x_wconf 77' lang='lat' dir='ltr'>persa-</span> 
     </span>
     <span class='ocr_line' id='line_1_48' title="bbox 128 4369 1787 4453; baseline 0.005 -23"><span class='ocrx_word' id='word_1_659' title='bbox 128 4374 406 4448; x_wconf 84' lang='lat' dir='ltr'>contraprivilegium</span> <span class='ocrx_word' id='word_1_660' title='bbox 421 4384 473 4432; x_wconf 81' lang='lat' dir='ltr'>tum</span> <span class='ocrx_word' id='word_1_661' title='bbox 487 4377 646 4449; x_wconf 86' lang='lat' dir='ltr'>metropolis</span> <span class='ocrx_word' id='word_1_662' title='bbox 661 4387 687 4433; x_wconf 90' lang='lat' dir='ltr'>te</span> <span class='ocrx_word' id='word_1_663' title='bbox 711 4387 869 4450; x_wconf 85' lang='lat' dir='ltr'>oportuerat</span> <span class='ocrx_word' id='word_1_664' title='bbox 882 4397 926 4436; x_wconf 92' lang='lat' dir='ltr'>re·</span> <span class='ocrx_word' id='word_1_665' title='bbox 941 4369 1025 4429; x_wconf 79' lang='lat' dir='ltr'>Dsor</span> <span class='ocrx_word' id='word_1_666' title='bbox 1035 4389 1126 4429; x_wconf 74' lang='lat' dir='ltr'>rerum</span> <span class='ocrx_word' id='word_1_667' title='bbox 1137 4375 1387 4432; x_wconf 83' lang='lat' dir='ltr'>ecclesiasticarum</span> <span class='ocrx_word' id='word_1_668' title='bbox 1406 4377 1599 4453; x_wconf 68' lang='lat' dir='ltr'>foretgladio,</span> <span class='ocrx_word' id='word_1_669' title='bbox 1615 4378 1644 4435; x_wconf 93' lang='lat' dir='ltr'>id</span> <span class='ocrx_word' id='word_1_670' title='bbox 1659 4389 1703 4436; x_wconf 91' lang='lat' dir='ltr'>est</span> <span class='ocrx_word' id='word_1_671' title='bbox 1726 4382 1787 4439; x_wconf 88' lang='lat' dir='ltr'>vin-</span> 
     </span>
     <span class='ocr_line' id='line_1_49' title="bbox 127 4462 1787 4540; baseline 0.004 -22"><span class='ocrx_word' id='word_1_672' title='bbox 127 4463 241 4532; x_wconf 90' lang='lat' dir='ltr'>bellare,</span> <span class='ocrx_word' id='word_1_673' title='bbox 257 4464 329 4535; x_wconf 92' lang='lat' dir='ltr'>quod</span> <span class='ocrx_word' id='word_1_674' title='bbox 344 4480 399 4519; x_wconf 90' lang='lat' dir='ltr'>non</span> <span class='ocrx_word' id='word_1_675' title='bbox 423 4480 532 4538; x_wconf 87' lang='lat' dir='ltr'>ageres,</span> <span class='ocrx_word' id='word_1_676' title='bbox 559 4466 581 4520; x_wconf 93' lang='lat' dir='ltr'>si</span> <span class='ocrx_word' id='word_1_677' title='bbox 598 4467 688 4522; x_wconf 88' lang='lat' dir='ltr'>auimo</span> <span class='ocrx_word' id='word_1_678' title='bbox 704 4468 803 4524; x_wconf 87' lang='lat' dir='ltr'>Paulus</span> <span class='ocrx_word' id='word_1_679' title='bbox 822 4469 926 4526; x_wconf 87' lang='lat' dir='ltr'>scilicet</span> <span class='ocrx_word' id='word_1_680' title='bbox 976 4462 1046 4519; x_wconf 78' lang='lat' dir='ltr'>dicta</span> <span class='ocrx_word' id='word_1_681' title='bbox 1061 4464 1138 4536; x_wconf 83' lang='lat' dir='ltr'>regia</span> <span class='ocrx_word' id='word_1_682' title='bbox 1153 4464 1303 4536; x_wconf 90' lang='lat' dir='ltr'>puniretur,</span> <span class='ocrx_word' id='word_1_683' title='bbox 1323 4466 1346 4519; x_wconf 90' lang='lat' dir='ltr'>si</span> <span class='ocrx_word' id='word_1_684' title='bbox 1362 4467 1512 4540; x_wconf 88' lang='lat' dir='ltr'>sacrilegus</span> <span class='ocrx_word' id='word_1_685' title='bbox 1523 4468 1719 4540; x_wconf 89' lang='lat' dir='ltr'>comprobatus</span> <span class='ocrx_word' id='word_1_686' title='bbox 1740 4487 1787 4528; x_wconf 88' lang='lat' dir='ltr'>es-</span> 
     </span>
     <span class='ocr_line' id='line_1_50' title="bbox 125 4552 1784 4625; baseline 0.007 -23"><span class='ocrx_word' id='word_1_687' title='bbox 125 4552 241 4624; x_wconf 81' lang='lat' dir='ltr'>pusillus</span> <span class='ocrx_word' id='word_1_688' title='bbox 251 4552 396 4608; x_wconf 86' lang='lat' dir='ltr'>ethumilis</span> <span class='ocrx_word' id='word_1_689' title='bbox 408 4569 494 4609; x_wconf 82' lang='lat' dir='ltr'>esses.</span> <span class='ocrx_word' id='word_1_690' title='bbox 505 4554 583 4609; x_wconf 83' lang='lat' dir='ltr'>Unde</span> <span class='ocrx_word' id='word_1_691' title='bbox 607 4555 756 4611; x_wconf 81' lang='lat' dir='ltr'>timendum</span> <span class='ocrx_word' id='word_1_692' title='bbox 777 4565 827 4625; x_wconf 66' lang='lat' dir='ltr'>est,</span> <span class='ocrx_word' id='word_1_693' title='bbox 842 4574 876 4614; x_wconf 84' lang='lat' dir='ltr'>ne</span> <span class='ocrx_word' id='word_1_694' title='bbox 899 4567 926 4614; x_wconf 74' lang='lat' dir='ltr'>et</span> <span class='ocrx_word' id='word_1_695' title='bbox 976 4558 1026 4618; x_wconf 86' lang='lat' dir='ltr'>sel,</span> <span class='ocrx_word' id='word_1_696' title='bbox 1044 4553 1190 4624; x_wconf 83' lang='lat' dir='ltr'>episcopali</span> <span class='ocrx_word' id='word_1_697' title='bbox 1205 4561 1231 4608; x_wconf 82' lang='lat' dir='ltr'>cl</span> <span class='ocrx_word' id='word_1_698' title='bbox 1246 4554 1377 4610; x_wconf 81' lang='lat' dir='ltr'>canonico</span> <span class='ocrx_word' id='word_1_699' title='bbox 1399 4555 1501 4624; x_wconf 82' lang='lat' dir='ltr'>judicio</span> <span class='ocrx_word' id='word_1_700' title='bbox 1512 4556 1692 4625; x_wconf 73' lang='lat' dir='ltr'>judicaretur.</span> <span class='ocrx_word' id='word_1_701' title='bbox 1710 4559 1784 4615; x_wconf 78' lang='lat' dir='ltr'>Sunt</span> 
     </span>
     <span class='ocr_line' id='line_1_51' title="bbox 125 4639 1786 4717; baseline 0.009 -21"><span class='ocrx_word' id='word_1_702' title='bbox 125 4640 152 4696; x_wconf 91' lang='lat' dir='ltr'>in</span> <span class='ocrx_word' id='word_1_703' title='bbox 162 4642 214 4698; x_wconf 89' lang='lat' dir='ltr'>boc</span> <span class='ocrx_word' id='word_1_704' title='bbox 221 4641 381 4713; x_wconf 89' lang='lat' dir='ltr'>perditionis</span> <span class='ocrx_word' id='word_1_705' title='bbox 391 4639 475 4695; x_wconf 80' lang='lat' dir='ltr'>silium</span> <span class='ocrx_word' id='word_1_706' title='bbox 492 4641 616 4710; x_wconf 90' lang='lat' dir='ltr'>imiteris,</span> <span class='ocrx_word' id='word_1_707' title='bbox 640 4644 686 4715; x_wconf 91' lang='lat' dir='ltr'>qui</span> <span class='ocrx_word' id='word_1_708' title='bbox 712 4645 873 4702; x_wconf 88' lang='lat' dir='ltr'>adversatur</span> <span class='ocrx_word' id='word_1_709' title='bbox 898 4654 925 4702; x_wconf 89' lang='lat' dir='ltr'>et</span> <span class='ocrx_word' id='word_1_710' title='bbox 975 4639 1058 4694; x_wconf 73' lang='lat' dir='ltr'>eliam</span> <span class='ocrx_word' id='word_1_711' title='bbox 1069 4641 1220 4712; x_wconf 53' lang='lat' dir='ltr'>judices&amp;</span> <span class='ocrx_word' id='word_1_712' title='bbox 1235 4642 1393 4716; x_wconf 62' lang='grc'>8111119888,</span> <span class='ocrx_word' id='word_1_713' title='bbox 1406 4659 1519 4715; x_wconf 90' lang='lat' dir='ltr'>quorum</span> <span class='ocrx_word' id='word_1_714' title='bbox 1535 4653 1561 4700; x_wconf 74' lang='lat' dir='ltr'>el</span> <span class='ocrx_word' id='word_1_715' title='bbox 1575 4661 1692 4717; x_wconf 66' lang='lat' dir='ltr'>quarum</span> <span class='ocrx_word' id='word_1_716' title='bbox 1704 4647 1786 4716; x_wconf 79' lang='lat' dir='ltr'>judi·</span> 
     </span>
     <span class='ocr_line' id='line_1_52' title="bbox 126 4728 1785 4807; baseline 0.004 -23"><span class='ocrx_word' id='word_1_717' title='bbox 126 4729 264 4785; x_wconf 81' lang='lat' dir='ltr'>extollitur</span> <span class='ocrx_word' id='word_1_718' title='bbox 279 4745 361 4801; x_wconf 89' lang='lat' dir='ltr'>supra</span> <span class='ocrx_word' id='word_1_719' title='bbox 376 4745 456 4785; x_wconf 93' lang='lat' dir='ltr'>omne</span> <span class='ocrx_word' id='word_1_720' title='bbox 472 4731 545 4802; x_wconf 89' lang='lat' dir='ltr'>quod</span> <span class='ocrx_word' id='word_1_721' title='bbox 563 4730 660 4786; x_wconf 90' lang='lat' dir='ltr'>dicitur</span> <span class='ocrx_word' id='word_1_722' title='bbox 683 4732 768 4800; x_wconf 86' lang='lat' dir='ltr'>Deus,</span> <span class='ocrx_word' id='word_1_723' title='bbox 785 4742 831 4789; x_wconf 93' lang='lat' dir='ltr'>aut</span> <span class='ocrx_word' id='word_1_724' title='bbox 852 4735 925 4807; x_wconf 85' lang='lat' dir='ltr'>quod</span> <span class='ocrx_word' id='word_1_725' title='bbox 974 4728 1028 4794; x_wconf 88' lang='lat' dir='ltr'>cio,</span> <span class='ocrx_word' id='word_1_726' title='bbox 1043 4729 1065 4782; x_wconf 91' lang='lat' dir='ltr'>si</span> <span class='ocrx_word' id='word_1_727' title='bbox 1080 4730 1145 4801; x_wconf 90' lang='lat' dir='ltr'>quid</span> <span class='ocrx_word' id='word_1_728' title='bbox 1161 4729 1228 4785; x_wconf 85' lang='lat' dir='ltr'>sorte</span> <span class='ocrx_word' id='word_1_729' title='bbox 1244 4730 1292 4785; x_wconf 89' lang='lat' dir='ltr'>tibi</span> <span class='ocrx_word' id='word_1_730' title='bbox 1307 4738 1332 4785; x_wconf 92' lang='lat' dir='ltr'>et</span> <span class='ocrx_word' id='word_1_731' title='bbox 1347 4731 1470 4787; x_wconf 68' lang='lat' dir='ltr'>ecclesias</span> <span class='ocrx_word' id='word_1_732' title='bbox 1494 4732 1541 4787; x_wconf 92' lang='lat' dir='ltr'>tibi</span> <span class='ocrx_word' id='word_1_733' title='bbox 1557 4733 1713 4790; x_wconf 77' lang='lat' dir='ltr'>commissae</span> <span class='ocrx_word' id='word_1_734' title='bbox 1737 4736 1785 4793; x_wconf 91' lang='lat' dir='ltr'>in-</span> 
     </span>
     <span class='ocr_line' id='line_1_53' title="bbox 124 4817 1785 4895; baseline 0.004 -23"><span class='ocrx_word' id='word_1_735' title='bbox 124 4817 241 4873; x_wconf 87' lang='lat' dir='ltr'>colitur:</span> <span class='ocrx_word' id='word_1_736' title='bbox 258 4818 304 4890; x_wconf 88' lang='lat' dir='ltr'>qui</span> <span class='ocrx_word' id='word_1_737' title='bbox 318 4827 452 4891; x_wconf 89' lang='lat' dir='ltr'>quantum</span> <span class='ocrx_word' id='word_1_738' title='bbox 467 4835 500 4874; x_wconf 85' lang='lat' dir='ltr'>ex</span> <span class='ocrx_word' id='word_1_739' title='bbox 518 4827 543 4874; x_wconf 89' lang='lat' dir='ltr'>te</span> <span class='ocrx_word' id='word_1_740' title='bbox 557 4818 603 4874; x_wconf 86' lang='lat' dir='ltr'>init</span> <span class='ocrx_word' id='word_1_741' title='bbox 619 4819 756 4875; x_wconf 84' lang='lat' dir='ltr'>tradidisti</span> <span class='ocrx_word' id='word_1_742' title='bbox 781 4838 839 4889; x_wconf 90' lang='lat' dir='ltr'>eos,</span> <span class='ocrx_word' id='word_1_743' title='bbox 856 4840 925 4895; x_wconf 88' lang='lat' dir='ltr'>quos</span> <span class='ocrx_word' id='word_1_744' title='bbox 971 4817 1044 4885; x_wconf 87' lang='lat' dir='ltr'>juste</span> <span class='ocrx_word' id='word_1_745' title='bbox 1060 4817 1158 4872; x_wconf 91' lang='lat' dir='ltr'>lactum</span> <span class='ocrx_word' id='word_1_746' title='bbox 1174 4827 1243 4886; x_wconf 90' lang='lat' dir='ltr'>erat,</span> <span class='ocrx_word' id='word_1_747' title='bbox 1267 4819 1395 4892; x_wconf 88' lang='lat' dir='ltr'>legaliter</span> <span class='ocrx_word' id='word_1_748' title='bbox 1411 4828 1438 4875; x_wconf 92' lang='lat' dir='ltr'>et</span> <span class='ocrx_word' id='word_1_749' title='bbox 1458 4820 1621 4893; x_wconf 88' lang='lat' dir='ltr'>regulariter</span> <span class='ocrx_word' id='word_1_750' title='bbox 1644 4822 1785 4881; x_wconf 85' lang='lat' dir='ltr'>emenda-</span> 
     </span>
     <span class='ocr_line' id='line_1_54' title="bbox 123 4905 1786 4985; baseline 0.004 -24"><span class='ocrx_word' id='word_1_751' title='bbox 123 4905 308 4976; x_wconf 88' lang='lat' dir='ltr'>irregulariter</span> <span class='ocrx_word' id='word_1_752' title='bbox 340 4914 369 4961; x_wconf 93' lang='lat' dir='ltr'>ut</span> <span class='ocrx_word' id='word_1_753' title='bbox 390 4907 510 4980; x_wconf 79' lang='lat' dir='ltr'>prmmisi</span> <span class='ocrx_word' id='word_1_754' title='bbox 538 4909 786 4978; x_wconf 87' lang='lat' dir='ltr'>excommunicasti,</span> <span class='ocrx_word' id='word_1_755' title='bbox 809 4927 864 4966; x_wconf 92' lang='lat' dir='ltr'>non</span> <span class='ocrx_word' id='word_1_756' title='bbox 897 4921 923 4966; x_wconf 86' lang='lat' dir='ltr'>ut</span> <span class='ocrx_word' id='word_1_757' title='bbox 974 4913 1059 4960; x_wconf 71' lang='lat' dir='ltr'>retur.</span> <span class='ocrx_word' id='word_1_758' title='bbox 1078 4930 1089 4954; x_wconf 79' lang='lat' dir='ltr'>s</span> <span class='ocrx_word' id='word_1_759' title='bbox 1107 4907 1392 4979; x_wconf 79' lang='lat' dir='ltr'>ltempostquaedam,</span> <span class='ocrx_word' id='word_1_760' title='bbox 1410 4909 1547 4980; x_wconf 84' lang='lat' dir='ltr'>praecipue</span> <span class='ocrx_word' id='word_1_761' title='bbox 1561 4909 1631 4964; x_wconf 89' lang='lat' dir='ltr'>beati</span> <span class='ocrx_word' id='word_1_762' title='bbox 1648 4910 1786 4985; x_wconf 86' lang='lat' dir='ltr'>Gregorii</span> 
     </span>
     <span class='ocr_line' id='line_1_55' title="bbox 124 4993 1783 5072; baseline 0.002 -22"><span class='ocrx_word' id='word_1_763' title='bbox 124 4993 275 5051; x_wconf 87' lang='lat' dir='ltr'>secundum</span> <span class='ocrx_word' id='word_1_764' title='bbox 287 4995 446 5064; x_wconf 79' lang='lat' dir='ltr'>Apostolum</span> <span class='ocrx_word' id='word_1_765' title='bbox 455 4997 568 5067; x_wconf 91' lang='lat' dir='ltr'>spiritus</span> <span class='ocrx_word' id='word_1_766' title='bbox 578 4997 755 5062; x_wconf 86' lang='lat' dir='ltr'>eorumsalvi,</span> <span class='ocrx_word' id='word_1_767' title='bbox 777 5000 825 5053; x_wconf 91' lang='lat' dir='ltr'>sed</span> <span class='ocrx_word' id='word_1_768' title='bbox 836 5017 923 5072; x_wconf 89' lang='lat' dir='ltr'>quan·</span> <span class='ocrx_word' id='word_1_769' title='bbox 971 4994 1183 5065; x_wconf 65' lang='lat' dir='ltr'>praeceptionum</span> <span class='ocrx_word' id='word_1_770' title='bbox 1207 4996 1360 5052; x_wconf 83' lang='lat' dir='ltr'>decreta.»</span> <span class='ocrx_word' id='word_1_771' title='bbox 1385 4997 1508 5070; x_wconf 87' lang='lat' dir='ltr'>Denique</span> <span class='ocrx_word' id='word_1_772' title='bbox 1533 5015 1566 5053; x_wconf 83' lang='lat' dir='ltr'>ex</span> <span class='ocrx_word' id='word_1_773' title='bbox 1589 5013 1623 5053; x_wconf 90' lang='lat' dir='ltr'>eo</span> <span class='ocrx_word' id='word_1_774' title='bbox 1649 5000 1728 5071; x_wconf 90' lang='lat' dir='ltr'>quod</span> <span class='ocrx_word' id='word_1_775' title='bbox 1742 5001 1783 5057; x_wconf 91' lang='lat' dir='ltr'>tui</span> 
     </span>
     <span class='ocr_line' id='line_1_56' title="bbox 124 5082 1785 5159; baseline 0.004 -21"><span class='ocrx_word' id='word_1_776' title='bbox 124 5091 181 5140; x_wconf 91' lang='lat' dir='ltr'>turn</span> <span class='ocrx_word' id='word_1_777' title='bbox 196 5082 274 5137; x_wconf 86' lang='lat' dir='ltr'>luror</span> <span class='ocrx_word' id='word_1_778' title='bbox 284 5089 310 5137; x_wconf 91' lang='lat' dir='ltr'>et</span> <span class='ocrx_word' id='word_1_779' title='bbox 322 5083 473 5156; x_wconf 88' lang='lat' dir='ltr'>indignatio</span> <span class='ocrx_word' id='word_1_780' title='bbox 490 5086 691 5156; x_wconf 83' lang='lat' dir='ltr'>tuapraevalere</span> <span class='ocrx_word' id='word_1_781' title='bbox 714 5086 810 5158; x_wconf 90' lang='lat' dir='ltr'>potuit,</span> <span class='ocrx_word' id='word_1_782' title='bbox 826 5088 923 5159; x_wconf 90' lang='lat' dir='ltr'>perditi</span> <span class='ocrx_word' id='word_1_783' title='bbox 972 5082 1098 5139; x_wconf 82' lang='lat' dir='ltr'>homines</span> <span class='ocrx_word' id='word_1_784' title='bbox 1114 5099 1143 5140; x_wconf 83' lang='lat' dir='ltr'>se</span> <span class='ocrx_word' id='word_1_785' title='bbox 1166 5085 1307 5158; x_wconf 78' lang='lat' dir='ltr'>adregem</span> <span class='ocrx_word' id='word_1_786' title='bbox 1331 5085 1557 5155; x_wconf 82' lang='lat' dir='ltr'>reclamaverunt,</span> <span class='ocrx_word' id='word_1_787' title='bbox 1591 5087 1722 5159; x_wconf 84' lang='lat' dir='ltr'>quoniam</span> <span class='ocrx_word' id='word_1_788' title='bbox 1748 5089 1785 5145; x_wconf 88' lang='lat' dir='ltr'>ab</span> 
     </span>
     <span class='ocr_line' id='line_1_57' title="bbox 123 5170 1788 5247; baseline 0.004 -19"><span class='ocrx_word' id='word_1_789' title='bbox 123 5170 314 5228; x_wconf 74' lang='lat' dir='ltr'>asserendis</span> <span class='ocrx_word' id='word_1_790' title='bbox 330 5171 924 5247; x_wconf 77' lang='lat' dir='ltr'>Domini.Quascolligationesimpietatispt</span> <span class='ocrx_word' id='word_1_791' title='bbox 973 5171 1015 5225; x_wconf 83' lang='lat' dir='ltr'>cis</span> <span class='ocrx_word' id='word_1_792' title='bbox 1031 5188 1078 5226; x_wconf 80' lang='lat' dir='ltr'>sus</span> <span class='ocrx_word' id='word_1_793' title='bbox 1089 5171 1231 5238; x_wconf 78' lang='lat' dir='ltr'>beneficis,</span> <span class='ocrx_word' id='word_1_794' title='bbox 1248 5190 1308 5245; x_wconf 82' lang='lat' dir='ltr'>quae</span> <span class='ocrx_word' id='word_1_795' title='bbox 1322 5174 1393 5245; x_wconf 77' lang='lat' dir='ltr'>epm</span> <span class='ocrx_word' id='word_1_796' title='bbox 1414 5183 1602 5231; x_wconf 77' lang='lat' dir='ltr'>antecessores</span> <span class='ocrx_word' id='word_1_797' title='bbox 1627 5183 1689 5231; x_wconf 84' lang='lat' dir='ltr'>tuos</span> <span class='ocrx_word' id='word_1_798' title='bbox 1712 5194 1788 5239; x_wconf 76' lang='lat' dir='ltr'>ora-</span> 
     </span>
     <span class='ocr_line' id='line_1_58' title="bbox 125 5260 1785 5339; baseline 0.004 -23"><span class='ocrx_word' id='word_1_799' title='bbox 125 5261 410 5333; x_wconf 79' lang='lat' dir='ltr'>saepedicturuest,et</span> <span class='ocrx_word' id='word_1_800' title='bbox 425 5276 534 5332; x_wconf 88' lang='lat' dir='ltr'>semper</span> <span class='ocrx_word' id='word_1_801' title='bbox 558 5263 704 5319; x_wconf 87' lang='lat' dir='ltr'>dicendum</span> <span class='ocrx_word' id='word_1_802' title='bbox 727 5273 778 5331; x_wconf 86' lang='lat' dir='ltr'>est,</span> <span class='ocrx_word' id='word_1_803' title='bbox 796 5265 922 5339; x_wconf 85' lang='lat' dir='ltr'>quoniam</span> <span class='ocrx_word' id='word_1_804' title='bbox 974 5260 1137 5330; x_wconf 83' lang='lat' dir='ltr'>servierunt,</span> <span class='ocrx_word' id='word_1_805' title='bbox 1172 5260 1270 5330; x_wconf 88' lang='lat' dir='ltr'>injuste</span> <span class='ocrx_word' id='word_1_806' title='bbox 1301 5269 1327 5318; x_wconf 91' lang='lat' dir='ltr'>et</span> <span class='ocrx_word' id='word_1_807' title='bbox 1351 5262 1575 5317; x_wconf 88' lang='lat' dir='ltr'>irrationabiliter</span> <span class='ocrx_word' id='word_1_808' title='bbox 1601 5263 1785 5334; x_wconf 59' lang='lat' dir='ltr'>abstulisses</span> 
     </span>
     <span class='ocr_line' id='line_1_59' title="bbox 123 5348 1793 5427; baseline 0.007 -25"><span class='ocrx_word' id='word_1_809' title='bbox 123 5348 288 5419; x_wconf 87' lang='lat' dir='ltr'>regulariter</span> <span class='ocrx_word' id='word_1_810' title='bbox 304 5358 399 5405; x_wconf 91' lang='lat' dir='ltr'>contra</span> <span class='ocrx_word' id='word_1_811' title='bbox 409 5357 500 5405; x_wconf 81' lang='lat' dir='ltr'>votum</span> <span class='ocrx_word' id='word_1_812' title='bbox 516 5358 590 5406; x_wconf 89' lang='lat' dir='ltr'>tuum</span> <span class='ocrx_word' id='word_1_813' title='bbox 599 5351 720 5419; x_wconf 88' lang='lat' dir='ltr'>dissolvi,</span> <span class='ocrx_word' id='word_1_814' title='bbox 737 5361 762 5408; x_wconf 89' lang='lat' dir='ltr'>te</span> <span class='ocrx_word' id='word_1_815' title='bbox 777 5355 922 5410; x_wconf 87' lang='lat' dir='ltr'>adversum</span> <span class='ocrx_word' id='word_1_816' title='bbox 972 5356 1035 5418; x_wconf 75' lang='lat' dir='ltr'>posi</span> <span class='ocrx_word' id='word_1_817' title='bbox 1050 5348 1143 5403; x_wconf 71' lang='lat' dir='ltr'>(laium</span> <span class='ocrx_word' id='word_1_818' title='bbox 1158 5350 1215 5421; x_wconf 76' lang='lat' dir='ltr'>regi</span> <span class='ocrx_word' id='word_1_819' title='bbox 1228 5357 1254 5405; x_wconf 71' lang='lat' dir='ltr'>el</span> <span class='ocrx_word' id='word_1_820' title='bbox 1268 5350 1334 5405; x_wconf 85' lang='lat' dir='ltr'>mihi</span> <span class='ocrx_word' id='word_1_821' title='bbox 1349 5350 1471 5407; x_wconf 81' lang='lat' dir='ltr'>libellum</span> <span class='ocrx_word' id='word_1_822' title='bbox 1480 5351 1507 5406; x_wconf 85' lang='lat' dir='ltr'>in</span> <span class='ocrx_word' id='word_1_823' title='bbox 1523 5351 1628 5422; x_wconf 81' lang='lat' dir='ltr'>synodo</span> <span class='ocrx_word' id='word_1_824' title='bbox 1643 5351 1679 5409; x_wconf 86' lang='lat' dir='ltr'>de</span> <span class='ocrx_word' id='word_1_825' title='bbox 1708 5370 1793 5427; x_wconf 84' lang='lat' dir='ltr'>regu·</span> 
     </span>
    </p>
   </div>
   <div class='ocr_carea' id='block_1_4' title="bbox 122 5435 1778 5513">
    <p class='ocr_par' dir='ltr' id='par_1_4' title="bbox 122 5435 1778 5513">
     <span class='ocr_line' id='line_1_60' title="bbox 122 5435 1778 5513; baseline 0.011 -24"><span class='ocrx_word' id='word_1_826' title='bbox 122 5451 166 5490; x_wconf 90' lang='lat' dir='ltr'>me</span> <span class='ocrx_word' id='word_1_827' title='bbox 181 5435 299 5490; x_wconf 86' lang='lat' dir='ltr'>erexisti.</span> <span class='ocrx_word' id='word_1_828' title='bbox 318 5456 329 5486; x_wconf 75' lang='lat' dir='ltr'>s</span> <span class='ocrx_word' id='word_1_829' title='bbox 347 5439 413 5493; x_wconf 90' lang='lat' dir='ltr'>ltem</span> <span class='ocrx_word' id='word_1_830' title='bbox 423 5446 486 5510; x_wconf 90' lang='lat' dir='ltr'>post</span> <span class='ocrx_word' id='word_1_831' title='bbox 495 5439 669 5496; x_wconf 85' lang='lat' dir='ltr'>auctoritates</span> <span class='ocrx_word' id='word_1_832' title='bbox 680 5458 762 5513; x_wconf 90' lang='lat' dir='ltr'>super</span> <span class='ocrx_word' id='word_1_833' title='bbox 773 5442 864 5499; x_wconf 88' lang='lat' dir='ltr'>illicita</span> <span class='ocrx_word' id='word_1_834' title='bbox 872 5459 922 5499; x_wconf 82' lang='lat' dir='ltr'>ex·</span> <span class='ocrx_word' id='word_1_835' title='bbox 972 5443 1021 5499; x_wconf 89' lang='lat' dir='ltr'>lari</span> <span class='ocrx_word' id='word_1_836' title='bbox 1036 5443 1190 5502; x_wconf 89' lang='lat' dir='ltr'>obedientia</span> <span class='ocrx_word' id='word_1_837' title='bbox 1205 5455 1248 5503; x_wconf 88' lang='lat' dir='ltr'>tua</span> <span class='ocrx_word' id='word_1_838' title='bbox 1264 5447 1412 5503; x_wconf 90' lang='lat' dir='ltr'>secundum</span> <span class='ocrx_word' id='word_1_839' title='bbox 1429 5462 1524 5505; x_wconf 89' lang='lat' dir='ltr'>sacros</span> <span class='ocrx_word' id='word_1_840' title='bbox 1543 5462 1665 5505; x_wconf 87' lang='lat' dir='ltr'>canones</span> <span class='ocrx_word' id='word_1_841' title='bbox 1690 5458 1718 5506; x_wconf 89' lang='lat' dir='ltr'>ct</span> <span class='ocrx_word' id='word_1_842' title='bbox 1740 5451 1778 5508; x_wconf 91' lang='lat' dir='ltr'>de</span> 
     </span>
    </p>
   </div>
   <div class='ocr_carea' id='block_1_5' title="bbox 0 0 1918 6098">
    <p class='ocr_par' dir='ltr' id='par_1_5' title="bbox 0 0 1918 6098">
     <span class='ocr_line' id='line_1_61' title="bbox 0 0 1918 6098; baseline 0 2"><span class='ocrx_word' id='word_1_843' title='bbox 0 0 1918 6098; x_wconf 95' lang='lat' dir='ltr'> </span> 
     </span>
    </p>
   </div>
  </div>
 </body>
</html>
