3794 6104
580 198 758 258 EPISTOLAE
787 200 833 256 ET
859 199 1036 259 bachelt.
1599 207 1653 267 tta

95 346 117 386 n
145 328 256 401 capituli
300 326 412 394 decimi,
438 325 510 398 quod
539 325 663 397 synodali
689 325 801 380 decreto
815 325 952 386 ALeonis
975 324 1110 382 scriniarii
1132 325 1162 381 S.
1185 325 1218 381 ll.
1240 325 1273 381 E.
1298 325 1327 381 in
1354 342 1449 383 mense
1473 326 1654 400 Septembris.

95 435 133 475 aaa
148 418 292 473 statuimus
305 432 356 487 per
364 415 542 471 indictionem
554 412 802 479 decimamnullus
853 415 924 470 Bene
938 414 1042 471 Valete.
1059 416 1157 470 Datum
1172 422 1214 470 est
1227 415 1280 472 hoc
1294 431 1368 471 nouo
1387 416 1447 472 Kal.
1473 417 1654 488 Septembris,

95 523 129 577 m,
155 506 285 577 cujusque
307 503 447 577 dignitatis
468 510 515 557 aut
540 501 679 572 potentiae,
709 501 802 564 horno,
853 519 902 573 per
916 518 1028 559 manum
1043 503 1142 559 Leonis
1156 503 1279 574 episcopi
1293 503 1369 559 missi
1392 511 1419 559 et
1440 504 1610 575 apocrisiarii
1625 506 1654 561 S.

96 595 149 651 sub
171 595 283 650 obtentu
309 590 510 663 hospitalitatis,
534 591 561 644 in
584 598 629 646 tuo
654 587 804 644 venerabili
854 590 1108 663 sedisapostolicae,
1124 591 1276 663 imperante
1291 592 1391 648 domno
1407 591 1505 649 Carolo
1527 600 1658 649 coronato

95 683 150 756 pio,
175 690 221 737 aut
235 683 264 737 in
282 681 409 737 domibus
433 679 607 735 sacerdotum
635 686 754 742 tuorum,
778 683 804 730 et
853 694 954 750 magno
968 679 1144 749 imperatore.
1169 681 1203 735 Et
1218 688 1246 734 ut
1267 680 1367 736 certius
1390 689 1521 752 appareat
1542 682 1595 738 hoc
1609 696 1660 738 no·

95 788 121 827 m
137 771 300 827 clericorum
323 770 382 824 sine
404 777 450 823 tua
468 775 633 838 tuorumque
659 778 802 820 successo·
855 775 941 822 strum
956 767 1137 839 privilegium,
1149 775 1175 823 et
1188 768 1555 841 inconcussumpermaneat,
1568 769 1659 841 sigillo

95 859 215 917 oluntate
229 858 368 930 applicare
382 864 539 928 praesumat.
552 854 600 908 llis
610 854 645 907 ita
655 851 805 924 praelibatis
855 863 949 910 nostro
959 855 1091 925 jussimus
1105 856 1240 930 insigniri.
1257 859 1336 913 Anno
1351 873 1380 913 ιι.
1403 859 1467 913 Post
1487 857 1659 915 consulatum

95 947 172 1004 limus
195 956 224 1002 nt
248 947 271 1002 si
295 948 413 1001 humana
429 942 641 1001 contradictione
656 950 708 996 tuae
731 939 805 995 sedis
855 945 914 1012 ejus
929 959 1001 999 anno
1016 960 1046 1011 u,
1062 945 1158 1000 indict.
1178 960 1218 1000 ιιι.
1443 998 1450 1009 ,

96 1053 148 1109 pus
161 1053 194 1091 er
210 1036 262 1091 hoc
276 1034 378 1089 mundo
386 1032 552 1104 migraverit,
565 1031 599 1085 dc
610 1029 721 1100 proprio
732 1028 805 1084 clero
891 1032 1034 1088 Zacharias
1048 1032 1158 1087 humilis
1174 1033 1318 1105 episcopus
1333 1042 1434 1090 sanctae
1448 1034 1580 1091 Ecclesiae
1591 1037 1662 1091 dna·

96 1125 227 1181 idoneum
241 1140 299 1194 prm
315 1121 421 1177 caeteris
437 1120 528 1177 clerus
550 1127 576 1174 ct
590 1118 706 1189 populus
722 1111 805 1187 repe-
856 1120 978 1191 gnlensis
992 1120 1019 1174 in
1035 1121 1086 1176 hoc
1101 1121 1244 1194 privilegio
1259 1123 1386 1178 consensi
1400 1132 1427 1177 et
1443 1123 1550 1194 scripsi.

96 1220 257 1285 potestatem
272 1211 367 1265 habeat
391 1208 539 1265 secuudum
562 1213 663 1261 statuta
686 1219 805 1260 venera·
891 1209 985 1263 Petrus
1000 1209 1145 1280 episcopus
1169 1210 1454 1281 Forosemprouiensis
1480 1212 1611 1269 Ecclesiae
1630 1211 1660 1267 in

119 1301 240 1369 Patrum,
262 1308 287 1354 et
312 1300 440 1354 Romanae
462 1297 535 1352 sedis
554 1294 713 1361 antistitum,
730 1291 806 1346 nulla
856 1296 908 1352 hoc
922 1296 1065 1369 privilegio
1080 1297 1207 1353 consensi
1222 1307 1249 1352 et
1263 1299 1373 1369 scripsi.

96 1389 117 1445 ri
133 1388 335 1445 contradicente
353 1386 484 1458 potentia,
501 1383 621 1455 eligendi
635 1382 803 1453 episcopum.
891 1385 1051 1441 Laurentius
1067 1386 1175 1441 humilis
1190 1386 1335 1458 episcopus
1355 1388 1510 1460 Campaniae
1525 1388 1658 1447 Ecclesiae

96 1477 249 1534 silortassc
264 1477 291 1529 in
307 1476 401 1530 eadem
417 1475 512 1544 plebe,
530 1472 602 1544 quod
618 1470 728 1525 minime
741 1484 805 1525 cre·
856 1473 982 1528 consensi
997 1481 1023 1528 et
1036 1474 1142 1545 scripsi.

96 1574 197 1627 ‚tantae
211 1565 286 1620 sedis
301 1565 405 1618 honore
419 1563 519 1634 dignus
534 1567 659 1632 repertus
677 1574 732 1614 non
747 1556 805 1612 iue-
891 1563 946 1617 Leo
967 1562 1076 1617 humilis
1101 1563 1257 1619 scriniarius
1282 1572 1308 1620 et
1330 1564 1452 1620 notarius
1476 1565 1504 1620 S.
1532 1566 1565 1622 a.
1586 1567 1619 1621 Ε.
1637 1575 1662 1622 et

96 1669 126 1711 ac
140 1654 163 1710 si
179 1653 247 1709 alter
260 1655 295 1708 de
310 1653 397 1707 altera
418 1650 543 1707 Ecclesia
558 1648 690 1706 canonice
709 1645 805 1718 provi·
820 1666 918 1743 Bcum
928 1650 1051 1719 jussione
1063 1653 1281 1708 reverendissimi
1292 1654 1326 1709 D.
1336 1654 1449 1709 loannis
1459 1670 1537 1725 papae
1548 1655 1655 1726 scripsi,

96 1751 178 1808 sest,
194 1758 330 1798 consensu
345 1748 435 1795 tamen
451 1749 477 1793 et
492 1739 628 1794 voluntate
643 1735 729 1806 ipsius
744 1733 804 1805 ple·
859 1746 886 1792 et
899 1737 959 1793 aliis
975 1740 1157 1795 roborandam
1172 1742 1281 1812 protuli,
1298 1750 1324 1797 et
1344 1750 1385 1797 est
1401 1743 1549 1815 sigillatum
1565 1742 1658 1816 sigillo

96 1831 172 1887 nuisi
192 1838 274 1885 antea
296 1829 400 1884 electus
424 1829 563 1883 ordinetur
585 1825 707 1880 antistes.
723 1824 810 1894 Atque
858 1826 986 1897 plumbeo
994 1829 1371 1901 magnoimpresso,habcnte
1387 1831 1536 1902 imaginem
1547 1831 1662 1888 sanctis-

103 1919 229 1992 partibus
244 1918 315 1972 mala
329 1917 497 1988 molestaque
513 1912 700 1970 cousuetidine
714 1926 731 1965 a
747 1910 809 1981 qui·
859 1915 920 1968 simi
943 1915 1008 1971 olim
1032 1933 1110 1988 papae
1130 1919 1252 1988 loannis,
1278 1935 1339 1975 cum
1362 1919 1459 1975 litteris
1482 1918 1662 1991 infrascriptis

96 2024 120 2063 m
134 2023 229 2062 sacras
243 2006 320 2079 leges
335 2005 525 2079 ignorantibus
548 2000 681 2059 clericalis
701 1999 808 2054 ordinis
860 2003 1002 2071 similibus,
1020 2005 1146 2062 videlicet
1163 2024 1169 2062 :
1184 2007 1304 2063 loannes
1318 2023 1397 2080 papa.

96 2096 225 2168 subjugo
240 2095 378 2149 servitutis
392 2102 454 2164 post
468 2091 701 2149 consecrationem
710 2086 808 2153 teneri,
1220 2114 1292 2171 ΧΗ.

96 2200 175 2257 taque
190 2183 260 2238 velle
274 2183 367 2239 vocari
381 2182 543 2251 andivimus,
560 2179 632 2252 quod
658 2176 711 2232 dici
732 2174 809 2231 nefas
983 2213 1019 2254 A„
1038 2214 1207 2258 ,mmm
1225 2217 1384 2259 Gmfflosup
1402 2218 1536 2259 comm,

96 2272 204 2331 olumus
219 2280 300 2343 atque
315 2287 445 2342 expresse
456 2271 583 2340 jubemus
598 2275 628 2322 ul
642 2266 710 2322 sicut
725 2264 749 2319 is
764 2267 810 2336 qui
1162 2292 1252 2363 (Anno
1273 2293 1360 2362 (3η)

96 2378 105 2417 ι
119 2377 240 2433 unquam
254 2359 418 2416 conditionis
433 2358 492 2423 luit,
508 2358 544 2412 ita
564 2357 646 2411 etiam
661 2362 688 2409 et
702 2350 748 2406 ille
763 2346 810 2406 cui
862 2375 1009 2447 Simon,
1024 2379 1214 2436 Romanorum
1227 2395 1377 2450 procerum
1393 2381 1499 2437 obsides
1517 2381 1582 2437 dan·
1604 2398 1664 2438 m

97 2449 240 2507 aoffioium
255 2448 458 2519 suscipiendum
468 2461 575 2502 morum
583 2443 702 2515 dignitas
712 2437 809 2494 suffra·
893 2463 988 2518 possm
1003 2452 1099 2505 nannet
1109 2466 1144 2504 ne
1155 2451 1191 2506 cd
1208 2450 1306 2508 llrbcm
1319 2453 1426 2518 veniat,
1443 2452 1510 2523 qaia
1524 2453 1583 2525 ipsc
1598 2469 1664 2509 eum

97 2538 124 2607 lt,
151 2537 250 2593 nullius
269 2536 321 2592 viri
349 2535 457 2593 vinculo
483 2534 655 2606 postmodum
682 2534 809 2585 teneatur
897 2517 1029 2590 excipere
1043 2536 1101 2576 non
1115 2524 1217 2593 potest.

97 2642 144 2683 us.
160 2624 231 2694 Quia
244 2626 362 2680 humana
378 2625 439 2697 lege
449 2639 504 2679 non
519 2618 714 2683 debatarctarl,
727 2630 808 2689 quem
893 2613 1022 2670 Jotsnas
1038 2617 1182 2688 episcopus
1199 2619 1350 2674 Lauuanro
1370 2618 1492 2690 glorioso
1508 2618 1610 2675 comiti.

102 2706 205 2788 'gratia
226 2715 259 2769 ad
288 2721 389 2768 tantam
418 2712 489 2769 sacri
517 2711 620 2766 ordinis
648 2706 808 2780 dignitatem
894 2701 1087 2759 Remeantibus
1101 2706 1190 2773 nobis,
1208 2707 1266 2763 Deo
1275 2707 1413 2778 praeduce,
1424 2708 1549 2775 Romam,
1562 2723 1664 2765 convo·

97 2806 157 2860 bere
172 2802 277 2875 dignita
291 2810 343 2857 est.
359 2801 535 2872 Praecipimus
556 2799 637 2854 ctiam
653 2804 681 2851 ut
703 2795 731 2849 in
745 2806 808 2846 om·
858 2789 981 2846 cavimus
995 2799 1079 2847 totam
1094 2794 1258 2866 Ecclesiam,
1275 2803 1301 2850 ct
1316 2794 1384 2851 illud
1400 2795 1473 2868 quod
1483 2796 1563 2853 uobis
1573 2796 1607 2853 de
1617 2795 1664 2853 ob·

100 2890 247 2949 mobilibus
271 2899 298 2945 et
326 2889 521 2954 immobilibus,
546 2888 682 2959 rebusque
706 2886 807 2936 sancta
858 2877 963 2934 sidibus
977 2879 1163 2937 Romanorum
1184 2899 1333 2955 procerum
1357 2884 1456 2940 dandis
1477 2884 1611 2952 edixeras,
1636 2884 1664 2940 in

97 2978 219 3037 loclesiae
254 2978 471 3050 pertinentibus,
506 2975 663 3032 hominibus
698 2983 807 3045 quoque
866 2976 1001 3025 conventu
1024 2968 1145 3026 fidelium
1165 2980 1264 3029 sanctae
1281 2972 1332 3028 Dei
1354 2972 1486 3030 Ecclesiae
1508 2973 1666 3030 necessario

97 3084 149 3142 que
164 3084 255 3137 serus,
272 3075 328 3123 tarn
351 3066 444 3122 liberis
464 3082 545 3139 qnam
560 3064 657 3131 servis,
680 3063 782 3118 nullam
796 3071 814 3114 a
831 3034 1022 3115 Ccontulimus
1039 3077 1046 3116 :
1063 3060 1122 3116 sed.
1138 3060 1207 3117 lreul
1224 3060 1289 3133 quid
1304 3061 1417 3118 dicam?
1430 3078 1492 3119 curn
1507 3070 1612 3120 tantum
1622 3069 1664 3119 to·
1744 3126 1747 3133 ¹

97 3172 147 3213 vam
173 3157 391 3213 contrarietatem
420 3163 465 3209 ant
487 3154 595 3209 fortiam
618 3152 720 3208 nullam
749 3151 810 3209 vio·
861 3154 915 3202 tam
929 3149 1055 3204 eamdem
1069 3148 1221 3206 Ecclesiam
1235 3158 1330 3206 contra
1340 3166 1391 3206 nos
1400 3149 1616 3217 incitaverimus,
1630 3165 1664 3208 ao

97 3262 119 3303 u
132 3244 355 3303 autiuvasionem
367 3244 470 3316 absque
487 3243 569 3316 legali
589 3241 694 3298 calculo
708 3241 809 3314 aliqui·
860 3236 884 3290 si
897 3252 948 3307 pro
962 3236 1043 3292 melle
1058 3253 1117 3293 eam
1131 3237 1193 3293 lello
1207 3245 1315 3309 potasse
1338 3238 1505 3295 videremur.
1521 3239 1663 3295 Romano-

97 3332 143 3393 μή.
163 3333 360 3390 Confirmamus
376 3333 458 3388 etiam
481 3340 581 3388 sanctae
603 3330 735 3387 Ecclesiae
757 3337 810 3385 cuae
860 3340 921 3379 rum
935 3322 1006 3380 tilios
1021 3324 1072 3381 sub
1084 3326 1136 3380 isto
1160 3325 1231 3382 coelo
1254 3341 1310 3381 nou
1332 3325 1432 3400 legitur
1452 3324 1536 3382 luisse
1552 3325 1664 3383 obsides

97 3422 207 3481 echium
231 3422 370 3477 fundatum
392 3423 460 3477 intra
483 3421 654 3477 Ticineusem
671 3419 809 3475 civitatem
859 3412 946 3482 datos,
963 3414 1167 3487 quantominus
1185 3414 1299 3470 istorum
1323 3415 1368 3486 qni
1392 3412 1550 3472 fidelitatem
1572 3428 1661 3487 augu-

97 3511 241 3569 ccclesiam
257 3511 285 3566 S.
306 3511 396 3566 llariae
420 3527 482 3583 quac
505 3509 601 3566 dicitur
622 3508 720 3575 lliuor,
736 3507 809 3580 quod
859 3501 955 3558 stalem
969 3509 1099 3558 etmente
1113 3502 1269 3560 custodiunt
1291 3511 1318 3559 et
1339 3518 1431 3574 opere,
1456 3504 1514 3559 Deo
1534 3503 1660 3573 juvante,

97 3608 189 3659 noster
210 3599 336 3655 dominns
359 3600 473 3655 Carolus
496 3599 646 3669 imperator
669 3599 809 3669 Augustus
859 3589 1023 3662 perficiunt?
1037 3592 1175 3664 Praecipne
1199 3607 1262 3648 cum
1284 3607 1334 3648 uos
1353 3591 1516 3648 miseremur
1529 3591 1562 3665 [f.
1577 3591 1660 3648 dnbi-

118 3687 259 3757 Ecclesia,
282 3704 300 3742 a
321 3705 374 3760 qna
397 3688 495 3757 injuste
519 3687 687 3743 subtractum
709 3684 807 3753 luerat,
858 3677 957 3752 temus]
971 3681 994 3735 si
1010 3681 1062 3736 hoc
1071 3697 1105 3736 ex
1114 3680 1251 3754 augustali
1258 3681 1337 3750 jussu
1347 3680 1523 3752 processerit,
1536 3689 1562 3736 et
1571 3679 1661 3752 ipsum

97 3793 134 3834 er
145 3793 197 3849 per
211 3777 339 3847 precepti
355 3777 395 3831 sui
418 3776 546 3848 paginam
570 3775 712 3832 restituere
727 3789 808 3830 cura·
857 3774 1049 3840 imperatorem
1061 3784 1116 3825 nou
1129 3769 1272 3826 credamus
1286 3785 1365 3825 suurn
1378 3785 1429 3825 nos
1440 3768 1511 3825 velle
1521 3775 1658 3826 secretum

97 3864 170 3922 tsibi
180 3866 242 3934 jure
256 3881 289 3922 ac
304 3865 423 3922 dictione
437 3873 483 3921 tua
493 3874 655 3936 tuorumque
665 3877 809 3920 successo-
857 3850 979 3913 latuisse.
995 3857 1060 3913 Tale
1075 3857 1175 3930 quippe
1190 3857 1334 3915 consilium
1349 3873 1404 3914 non
1416 3857 1486 3913 alius
1508 3857 1659 3925 adiuvenit,

98 3954 143 4011 ine
157 3954 248 4027 ahqua
263 3952 443 4027 refragatione
467 3953 658 4025 perpetualiter
679 3960 808 4020 maneat;
858 3954 910 4010 nisi
933 3954 980 4011 ille
1006 3954 1053 4028 qni
1079 3955 1151 4010 hanc
1178 3963 1278 4011 terram
1307 3956 1470 4012 conturbare
1491 3953 1612 4022 molitur,
1633 3961 1661 4011 et

98 4042 205 4100 nitatem
219 4043 301 4099 etiam
315 4043 401 4114 ipsius
416 4041 540 4099 ecclesiae
555 4041 704 4098 secundum
719 4042 809 4113 impe·
858 4042 995 4099 ineffabile
1021 4043 1149 4099 damnum
1177 4043 1278 4116 populo
1308 4043 1357 4100 Dei
1384 4059 1520 4117 generare
1542 4043 1661 4102 versutis

98 4139 235 4206 praecepta
254 4131 405 4198 statuimus,
421 4139 448 4186 et
466 4131 520 4187 hoc
543 4138 636 4186 nostro
658 4129 809 4201 apostolico
859 4132 999 4192 lranffibus
1013 4132 1200 4200 machinatur;
1217 4133 1262 4205 qui
1285 4148 1382 4204 pacem
1405 4141 1432 4188 ct
1454 4133 1575 4206 quietem
1599 4133 1662 4190 odio

98 4220 151 4296 mlo
166 4220 357 4277 inconcussam
369 4217 547 4291 stabilemque
557 4219 808 4288 manerejubcmns.
858 4221 948 4288 habet,
973 4227 1000 4277 et
1026 4220 1243 4276 dissensionibus
1268 4220 1361 4293 utiquc
1388 4221 1500 4293 gaudet.
1530 4219 1662 4290 Quamvis

98 4317 219 4365 sautem
239 4308 386 4364 temerario
404 4325 472 4363 ausu
494 4316 587 4363 contra
608 4307 687 4376 hujus
710 4313 808 4361 nostra
859 4317 938 4364 autea
952 4309 1066 4364 Romani
1081 4308 1159 4364 ovilis
1174 4315 1284 4363 senatus
1306 4316 1423 4364 mortem
1444 4308 1557 4380 eligant,
1580 4325 1661 4381 quam

98 4396 167 4454 dicae
180 4397 371 4469 preceptionis
385 4396 484 4452 seriem
500 4396 543 4468 ple
559 4412 575 4451 a
589 4395 669 4451 nobis
683 4404 710 4450 et
724 4411 809 4451 cano·
822 4389 931 4454 Dhanc
953 4396 1102 4452 inauditam
1123 4404 1150 4451 et
1169 4396 1315 4467 pessimam
1341 4412 1398 4451 rem
1419 4394 1476 4452 steri
1500 4411 1663 4468 quocunque

98 4485 297 4559 pmmulgatam
319 4485 411 4542 venire
440 4501 577 4559 agereque
605 4484 758 4550 tentaverit,
783 4492 811 4539 et
859 4485 940 4541 modo
954 4485 1134 4542 consentiant.
1150 4483 1331 4556 Quapropter,
1348 4484 1411 4557 quia
1425 4483 1536 4540 omnino
1551 4492 1593 4540 est
1607 4484 1661 4540 im-

98 4591 177 4648 ‚quae
191 4574 318 4645 superius
333 4582 430 4630 statuta
445 4581 518 4641 sunt,
534 4583 587 4629 tum
602 4581 704 4630 sauctae
718 4572 810 4629 eccle·
860 4573 1001 4646 possibile,
1017 4580 1043 4629 et
1053 4573 1106 4628 tale
1122 4572 1187 4645 quid
1200 4573 1289 4629 omnis
1303 4573 1420 4646 inclytus
1435 4572 1551 4629 audieus
1566 4572 1593 4628 in
1608 4588 1664 4628 ma·

98 4678 135 4719 ne
157 4670 236 4718 tenus
263 4678 317 4718 non
347 4661 543 4731 observaverit,
564 4661 632 4718 sciat
656 4678 686 4717 se
708 4659 812 4717 domiui
861 4663 962 4719 xlmam
974 4662 1160 4735 suspicionem
1181 4663 1313 4735 prorupit,
1329 4671 1408 4735 atque
1427 4661 1587 4733 simpliciter
1607 4676 1664 4718 non

131 4750 318 4822 apostolorum
358 4750 488 4822 principis
521 4751 596 4806 Petri
632 4749 820 4828 anathematis
862 4751 945 4809 luisse
958 4751 1061 4809 dictum
1074 4751 1163 4808 modis
1178 4751 1303 4807 omnibus
1317 4750 1461 4808 estimavit
1476 4767 1483 4805 :
1499 4750 1661 4807 mandamus

98 4838 293 4906 cinnodatum,
311 4846 337 4895 et
352 4854 415 4895 cum
430 4839 540 4895 diabolo
555 4847 582 4894 et
596 4839 654 4908 ejus
669 4838 811 4896 atrocissi·
862 4841 1001 4898 dilectioni
1016 4849 1077 4912 tuae,
1094 4857 1175 4915 quam
1189 4841 1328 4896 absentem
1343 4840 1412 4896 sicut
1425 4848 1588 4911 presentem
1604 4856 1665 4895 am·

98 4927 193 4998 ampla,
209 4935 291 4999 atque
311 4943 373 4984 cum
393 4928 462 4983 luda
485 4927 614 4983 traditore
633 4927 742 4983 Domini
763 4927 813 4983 Dei
862 4930 1016 5003 plectimur,
1032 4938 1061 4985 ut
1075 4931 1128 4987 hnc
1150 4930 1224 4986 nullo
1246 4929 1327 4984 modo
1348 4928 1480 5001 fatigeris,
1496 4928 1558 5002 quia
1581 4928 1665 4986 modo

100 5016 204 5074 satoris
226 5016 313 5073 nostri
338 5017 403 5072 Jesu
427 5017 535 5084 Christi,
560 5024 663 5074 aeterno
685 5015 813 5073 incendio
863 5028 890 5077 te
903 5021 1057 5077 nullatenus
1071 5019 1192 5091 recipere
1207 5033 1362 5090 possumus,
1378 5033 1429 5074 uec
1448 5025 1548 5074 tectum
1564 5017 1665 5091 aliquid

98 5105 257 5170 tmandnm3
273 5105 360 5176 etqui
376 5120 427 5176 pro
442 5105 539 5160 intuitu
562 5114 664 5175 custos,
681 5105 814 5161 obediens
864 5125 936 5167 nunc
951 5109 1088 5184 agendum
1102 5106 1161 5164 iore
1174 5122 1290 5163 necesse
1312 5113 1448 5179 putamus.
1473 5106 1542 5163 Cum
1563 5113 1665 5177 autem,

103 5193 270 5249 observator
287 5194 371 5263 hujus
386 5202 487 5250 nostrae
498 5193 643 5250 salutiferae
656 5193 815 5265 praeceptio-
865 5199 923 5253 Deo
935 5199 1054 5268 iuvante,
1070 5197 1105 5251 ad
1120 5211 1202 5251 unam
1217 5196 1390 5252 concordiam
1411 5203 1437 5251 et
1451 5211 1532 5251 uumn
1546 5194 1666 5267 quietem

99 5281 213 5349 stiterit,
230 5282 428 5338 benedictionis
441 5282 558 5356 gratiam
574 5291 600 5338 et
611 5283 730 5338 caelestis
738 5281 816 5338 retri·
864 5286 1020 5358 reipublicae
1034 5301 1117 5343 causa
1131 5284 1251 5354 redierit,
1267 5293 1293 5341 et
1306 5284 1361 5340 litis
1375 5283 1516 5358 figmenta,
1532 5301 1593 5356 quaa
1602 5291 1667 5340 tau·

99 5371 131 5425 iis
146 5379 248 5426 aeterna
263 5372 361 5444 gaudia
387 5386 403 5425 a
421 5371 494 5440 justo
513 5371 605 5440 judice
627 5370 742 5427 Domino
757 5371 815 5434 Deo
866 5392 947 5447 quam
962 5375 1030 5430 telas
1044 5390 1205 5430 aranearum
1224 5382 1350 5446 putamus
1372 5381 1466 5431 contra
1488 5373 1668 5448 Augustalem

99 5491 102 5516 ·
126 5468 259 5539 consequi
282 5476 432 5524 mereatur.
460 5468 598 5539 Scriptum
621 5484 672 5540 per
696 5482 808 5523 manum
865 5463 1033 5533 maiestatem
1047 5464 1152 5533 oborta,
1169 5462 1256 5535 sopita
1271 5462 1431 5531 exstiterint,
1448 5478 1499 5518 uos
1519 5471 1546 5518 et
1566 5462 1667 5520 nobili-
