3794 6104
52 249 105 301 389
377 243 497 301 OPUSC.
527 244 572 298 ET
594 244 703 300 EPIST.
734 245 770 298 lN
807 242 921 299 CAUSA
944 242 1114 300 diltctttdtl
1137 244 1289 302 naboon.
1654 252 1705 305 390

57 369 131 441 quod
147 368 273 424 clausum
288 375 357 438 erat,
368 376 396 423 et
405 369 581 441 cognoscitur
591 369 664 440 quod
679 368 789 437 latebat,
802 369 858 422 sine
869 370 897 428 Α
912 377 1077 434 sanctorum,
1090 370 1168 441 quasi
1183 386 1216 425 ex
1232 359 1327 425 eorum
1341 370 1514 443 imaginibus,
1532 371 1616 442 ipsos,
1630 372 1709 427 vide-

56 457 112 512 nllo
127 459 213 528 typho
229 458 373 528 sacrilegae
386 458 531 528 superbiae,
548 458 607 512 sine
623 457 678 512 ulla
693 458 787 511 inllota
801 474 859 512 cer·
908 457 1067 512 licetcorda
1094 467 1119 513 et
1143 459 1377 531 promulgationes
1406 476 1511 526 eorum,
1542 476 1710 532 cognoscere

56 547 114 601 vice
129 546 306 618 arrogantiae,
332 547 390 600 sine
415 546 469 600 ulla
489 547 662 601 contentione
682 546 772 601 lividae
787 546 858 600 invi·
908 561 1064 616 possumus,
1081 564 1141 617 equae
1156 547 1209 602 sint
1233 565 1293 618 quae
1308 549 1408 620 singuli
1424 546 1524 620 quique
1544 565 1593 619 pro
1608 565 1710 604 conso-

57 636 117 702 eliae,
134 652 199 691 cum
224 642 318 689 saneta
342 634 502 700 bumilitate,
530 652 591 690 cum
616 651 683 705 pace
703 635 856 698 catholica,
908 634 1007 688 latione
1031 636 1074 689 uel
1096 636 1275 691 instructione
1302 638 1492 708 quorumdam,
1511 639 1711 709 juxtatempo·

57 741 117 780 cum
132 723 265 779 charitate
281 724 444 777 Christiana.
465 724 527 777 »Et
542 723 605 778 item
621 725 710 794 (tutet,
727 740 788 794 cap.
805 725 856 792 Di:
909 739 968 775 runt
996 732 1021 776 et
1049 732 1157 778 actuum
1186 725 1356 796 qualitatem,
1386 735 1412 780 et
1444 743 1504 797 quae
1531 727 1712 782 communiter

62 840 71 862 a
88 813 267 884 Quapropter
279 811 348 866 illud
363 829 446 865 unum
456 812 499 865 isti
516 813 699 880 considerent,
717 813 789 883 quod
801 829 859 866 our·
909 820 988 881 atque
1005 813 1166 866 unanimiter
1189 813 1215 866 in
1232 813 1355 869 conciliis
1371 814 1457 869 saeris
1476 816 1511 869 ad
1526 809 1712 870 auctoritatem

59 898 136 952 nibus
162 905 247 968 patet.
275 895 303 951 Si
328 896 475 951 auctoritas
501 896 629 967 Cypriani
651 897 791 967 sequenda
807 905 858 963 est,
910 900 1075 970 getreraliter
1090 902 1265 956 custodienda
1282 911 1308 956 et
1329 903 1487 973 recipienda
1512 911 1645 974 perpetuo
1660 904 1711 958 de-

59 985 145 1057 magis
170 1001 232 1039 eam
255 985 423 1055 sequendam
446 1001 507 1039 esse
532 985 559 1038 in
580 985 681 1039 unitate
704 985 857 1050 sermondo,
911 997 1053 1042 creverunt
1071 1007 1077 1041 z
1094 997 1121 1043 ta
1136 991 1186 1044 liae
1202 991 1377 1055 discretione,
1394 1000 1422 1045 ut
1437 992 1557 1062 praemisi
1572 1008 1605 1046 ex
1620 992 1712 1046 verbis

59 1090 138 1145 quam
162 1074 192 1127 in
215 1073 347 1128 Ecclesia*
371 1074 566 1128 consuetudine
600 1075 799 1128 commutanda.
832 1074 859 1128 Si
911 1076 982 1131 beati
999 1077 1111 1143 Gelasii,
1124 1079 1232 1148 suscipe
1243 1080 1277 1134 ad
1287 1080 1492 1134 instructionem
1503 1080 1562 1134 illas
1573 1081 1712 1150 epistolas,

59 1171 147 1217 autem
168 1162 314 1218 concilium
340 1162 398 1230 ejus
422 1162 608 1223 attendimus,
632 1163 693 1217 lruic
722 1179 782 1216 esse
798 1163 860 1216 uni·
917 1182 981 1237 pras
996 1167 1144 1221 beatissimi
1168 1184 1245 1237 papae
1267 1168 1384 1222 diversis
1407 1169 1573 1239 temporibus
1597 1169 1631 1223 ab
1647 1170 1713 1223 urbe

60 1268 145 1306 rersae
160 1250 293 1307 Ecclesiae
315 1250 451 1321 posterius
467 1250 612 1306 concilium
633 1252 858 1322 praeponendum,
912 1255 998 1310 lloma
1009 1272 1058 1325 pro
1068 1255 1240 1310 diuersorum
1251 1256 1556 1312 l’atrumconsolatione
1566 1259 1711 1322 dederunt,

60 1341 134 1409 cujus
151 1356 182 1394 se
197 1340 352 1394 membrum
367 1356 427 1393 esse
442 1340 591 1410 gaudebat,
609 1348 634 1393 et
650 1349 677 1394 ut
693 1356 722 1393 se
737 1340 763 1394 in
778 1340 861 1394 totius
912 1344 1044 1416 legendas
1059 1345 1262 1411 venerabiliter,
1284 1354 1308 1398 et
1324 1361 1404 1399 serta
1420 1361 1497 1400 sacra
1513 1346 1635 1413 concilia,
1654 1362 1714 1417 quae

61 1429 186 1498 corporis
215 1443 348 1499 compage
377 1428 520 1482 retinenda
549 1428 639 1483 caeteri
670 1429 859 1489 imitarentur,
913 1433 993 1487 sedes
1010 1433 1159 1501 apostolica
1173 1442 1199 1486 et
1215 1433 1304 1487 omnis
1317 1433 1440 1503 sequitur
1455 1433 1589 1496 Ecclesia,
1605 1434 1716 1488 inviola-

60 1517 158 1587 sapius
173 1516 347 1572 admonebat.
365 1517 435 1571 Nam
450 1517 602 1572 etconcilia
617 1517 769 1587 posteriora
784 1518 860 1588 prio·
912 1519 1012 1573 biliter.
1030 1520 1063 1573 Et
1088 1529 1116 1574 ut
1138 1521 1270 1574 Dominus
1293 1537 1325 1575 ex
1341 1520 1402 1593 lege
1428 1520 1571 1577 conlirmat
1585 1521 1612 1575 in
1627 1522 1715 1576 Evan-

59 1604 132 1659 ribus
163 1605 237 1676 apud
259 1613 383 1675 posteros
408 1614 621 1676 praeponuntur,
656 1615 680 1660 et
706 1607 861 1660 universum
913 1608 986 1679 gelio
1002 1624 1007 1660 τ
1026 1610 1057 1662 ln
1070 1625 1116 1663 ore
1126 1610 1245 1664 duorum
1257 1611 1300 1665 vel
1316 1611 1403 1664 trium
1414 1611 1531 1665 testium
1542 1612 1716 1666 stobilomnc

58 1693 181 1765 partibus
198 1709 308 1763 seraper
322 1693 424 1764 optimo
436 1694 496 1761 jure
512 1694 689 1764 praeponitur.
708 1695 899 1782 CyprianusB
914 1696 1027 1750 avertem
1042 1696 1152 1767 tentat.
1176 1711 1269 1766 xvnp,
1296 1698 1360 1768 quia
1374 1698 1439 1752 mihi
1455 1714 1509 1752 non
1532 1698 1652 1769 pigrum,
1668 1698 1716 1752 tibi

59 1781 129 1837 enim
155 1789 257 1836 sanctae
280 1781 413 1837 Ecclesiae
446 1781 586 1837 catholicae
615 1782 779 1837 universitas
809 1799 862 1837 non
914 1792 1004 1837 autem
1021 1792 1062 1838 est
1078 1785 1270 1849 necessarium,
1289 1794 1410 1856 repetam
1427 1786 1475 1840 tibi
1489 1785 1563 1857 quod
1578 1787 1611 1842 de
1630 1786 1717 1842 sacris

59 1869 114 1935 fuit,
132 1870 183 1924 sed
198 1869 226 1924 in
242 1870 300 1939 ejus
324 1870 501 1925 universitate
525 1871 697 1941 permansit:
716 1871 792 1939 cajus
815 1887 862 1925 ra-
913 1872 1037 1928 conciliis
1067 1873 1100 1926 ad
1127 1873 1285 1928 ianuarium
1314 1874 1379 1928 dicit
1408 1875 1504 1929 beatus
1525 1875 1716 1946 Augustinus:

59 1958 147 2015 dicem
159 1974 302 2029 nunquam
326 1959 456 2027 deseruit,
487 1960 536 2014 sed
560 1960 586 2014 in
612 1961 689 2028 eujus
711 1960 804 2016 radice
821 1959 863 2015 le·
916 1961 1042 2015 «Omnia
1057 1961 1147 2032 itaque
1163 1962 1235 2023 talia,
1254 1978 1314 2033 quse
1329 1978 1418 2034 neque
1434 1979 1576 2018 sacrarum
1592 1964 1717 2034 Scriptu-

59 2048 174 2113 condus,
192 2046 473 2115 utessetlecundioe,
492 2048 662 2119 abagricola
679 2049 864 2119 coelestipur-
914 2067 1001 2103 rarum
1029 2050 1236 2105 auctoritatibus
1260 2050 1443 2116 continentur,
1471 2051 1570 2107 necin
1595 2052 1717 2106 conciliis

58 2146 137 2211 gatus
153 2143 206 2192 est.
233 2137 326 2192 »Haec
351 2137 385 2191 de
410 2136 470 2191 aliis
486 2137 608 2192 conciliis
625 2155 639 2190 a
656 2138 736 2192 beato
752 2140 862 2210 dugns-
914 2139 1107 2209 episcoporam
1123 2146 1220 2192 statuta
1243 2139 1426 2205 inveniuntur,
1450 2156 1501 2195 nec
1520 2140 1717 2196 consuetudine

58 2227 111 2281 tino
126 2233 191 2280 sunt
207 2225 288 2280 dicta.
302 2226 436 2281 Caeterum
449 2226 482 2280 de
499 2234 615 2281 sacrant
627 2227 863 2297 mysticaNicaeua
914 2227 1078 2282 universalis
1094 2227 1225 2283 Ecclesiae
1240 2228 1365 2282 roborata
1389 2238 1460 2297 sunt,
1482 2229 1532 2283 sed
1547 2229 1716 2283 diversorum

58 2314 175 2385 synodo,
200 2314 271 2370 sicut
295 2331 376 2384 supra
400 2331 433 2368 ex
457 2315 548 2369 serbis
570 2315 668 2370 Leonis
695 2323 720 2369 et
746 2315 863 2369 aliorum
914 2314 1039 2370 locorum
1054 2316 1170 2370 diversis
1184 2316 1302 2370 motibus
1319 2317 1549 2371 innumerabiliter
1570 2316 1714 2381 variantur,

58 2402 186 2468 ostendi,
203 2403 270 2456 nihil
294 2419 414 2473 unquam
438 2420 452 2457 a
475 2419 620 2475 quoquam,
648 2404 689 2457 rel
706 2403 864 2473 apostolicae
913 2403 948 2456 ita
978 2412 1005 2457 ut
1033 2404 1076 2458 uix
1101 2413 1147 2458 aut
1172 2405 1283 2459 omnino
1312 2421 1449 2476 nunquam
1478 2405 1592 2459 inveniri
1627 2420 1717 2460 causae

58 2493 131 2546 sedis
147 2489 288 2562 pontifice,
311 2491 354 2546 rel
370 2507 386 2546 a
401 2491 524 2562 plenario
539 2493 666 2556 concilio,
684 2492 795 2547 minime
811 2508 863 2546 au-
913 2492 1028 2561 possint,
1050 2509 1118 2563 quas
1143 2493 1170 2546 in
1192 2493 1233 2547 eis
1260 2493 1457 2548 constituendis
1480 2493 1604 2548 homines
1632 2492 1717 2548 secuti

58 2579 306 2650 temaregionali,
324 2587 364 2634 est
379 2580 558 2645 immutatum,
576 2581 649 2651 qnod
665 2597 719 2636 non
735 2581 768 2634 sit
784 2582 863 2652 peni·
914 2580 975 2643 sint,
997 2580 1043 2633 nbi
1072 2580 1186 2635 facultas
1219 2581 1366 2649 tribuitur,
1392 2582 1450 2636 sine
1475 2581 1529 2635 ulla
1549 2581 1717 2635 dubitatione

59 2676 100 2723 tus
114 2668 235 2722 irritum.
254 2668 328 2724 Sicut
343 2676 369 2722 et
385 2677 496 2724 sanctus
506 2669 632 2724 Gelasius
642 2669 795 2724 indecretis
807 2669 863 2723 suis
914 2668 1062 2721 resecanda
1087 2669 1251 2723 existimo.»
1278 2668 1344 2737 Quae
1367 2669 1451 2724 rerba
1475 2670 1547 2724 beati
1572 2669 1717 2741 Augustini

60 2756 122 2812 dicit
139 2775 172 2810 :t
190 2758 263 2822 Non,
280 2756 405 2828 inquiens
421 2758 514 2830 (epist.
534 2761 563 2811 ll
582 2758 617 2813 od
632 2758 801 2826 Dardanos),
813 2773 863 2810 nos
914 2754 1049 2825 quomoda
1064 2755 1190 2826 placeant
1214 2757 1271 2824 tibi,
1297 2768 1325 2810 tn
1348 2758 1459 2824 uideris,
1476 2757 1615 2829 exiguitati
1629 2764 1718 2812 autern

60 2845 133 2911 latet,
150 2845 178 2899 in
199 2853 361 2916 tempestate
376 2845 576 2915 persecutionis
592 2845 715 2912 Arianae,
730 2845 863 2916 plurimos
913 2859 981 2898 meae
995 2845 1077 2898 tutius
1092 2854 1117 2900 et
1133 2844 1268 2899 salubrius
1283 2845 1390 2900 videtur
1405 2863 1466 2901 curn
1482 2847 1529 2901 illo
1545 2862 1624 2902 sacra
1639 2845 1718 2917 sequi

59 2932 202 3005 pontifices
227 2934 261 2989 de
286 2934 390 2988 exsiliis
413 2930 481 3004 pace
497 2926 602 2989 reddita
619 2935 795 3004 respirantes,
812 2950 864 3005 per
913 2932 1038 2998 eoncilia,
1056 2941 1081 2986 et
1103 2933 1228 2988 omnibus
1245 2934 1291 3005 qui
1307 2950 1350 2988 me
1366 2934 1460 2990 audire
1481 2935 1616 2990 voluerint
1630 2934 1718 2990 incul-

60 3031 148 3078 certas
159 3023 325 3093 provincias,
343 3023 517 3095 congregatis
543 3040 636 3079 secum
658 3023 796 3083 iratribus,
815 3038 863 3078 ec·
913 3037 986 3087 care,
1003 3037 1057 3075 non
1074 3022 1152 3094 sequi
1168 3022 1270 3077 relictis
1287 3022 1372 3078 sacris
1390 3023 1512 3078 conciliis
1527 3023 1572 3078 illa
1586 3040 1645 3095 quae
1660 3025 1719 3094 ipse

61 3111 157 3166 elesius
182 3110 370 3182 composuisse
396 3112 519 3166 turbatas
537 3130 543 3165 ι
560 3129 614 3166 non
641 3119 732 3167 tamen
749 3120 776 3166 ut
791 3079 898 3165 illinsC
914 3109 1049 3164 existimat
1060 3111 1218 3178 resecanda,
1245 3129 1325 3181 quam
1348 3111 1392 3165 illa
1414 3130 1474 3183 quar
1498 3121 1525 3167 tu
1547 3120 1669 3167 resecata
1693 3119 1719 3167 et

61 3199 158 3270 synodi
172 3199 287 3254 Nicaena
303 3199 432 3271 quidquid
448 3200 482 3254 de
497 3201 551 3254 lide
566 3207 592 3254 et
608 3200 799 3256 communione
815 3217 863 3257 ca·
915 3198 1049 3253 dissecata
1064 3199 1196 3269 proponis
1219 3200 1356 3268 sectanda,
1382 3201 1509 3269 quoniam
1528 3199 1660 3270 sibiipsis
1675 3200 1719 3254 di-

61 3288 161 3344 tbolica
175 3286 340 3343 diffiniverat
351 3289 532 3357 immutarent,
550 3305 599 3343 nec
616 3306 686 3343 nora
698 3306 864 3361 quemquam
915 3303 1002 3350 versa,
1020 3287 1164 3340 ostendunt
1190 3304 1218 3341 se
1243 3303 1303 3341 esse
1328 3304 1382 3341 non
1404 3303 1485 3357 posse
1510 3286 1634 3342 omnibus
1650 3294 1676 3340 et
1691 3286 1719 3339 in

61 3392 108 3447 pro
123 3377 204 3448 lapsu
219 3376 393 3431 damnatione
408 3377 605 3447 percellerent:
620 3379 668 3431 sed
683 3377 754 3431 illius
769 3387 864 3432 tenore

61 3464 172 3531 decreti,
190 3464 243 3519 nisi
258 3464 435 3536 resipuisset,
450 3465 573 3534 judicare
592 3467 759 3533 dannatum,
776 3477 864 3521 esset-

62 3570 110 3625 que
141 3569 336 3625 consequens,
366 3561 394 3607 ut
423 3554 476 3608 nisi
502 3555 668 3627 corrigeret,
699 3555 864 3610 damnationi

62 3642 155 3712 procul
170 3641 257 3696 dubio
272 3642 437 3711 subjaceret.
457 3664 468 3690 u
486 3643 598 3713 Suscipe
614 3643 697 3715 igitur
713 3644 773 3697 illas
789 3643 864 3714 epis-

63 3731 136 3799 tolas,
154 3730 191 3785 de
208 3731 306 3803 quibus
321 3738 369 3786 tna
383 3738 537 3787 commenta
559 3731 721 3802 compilasti,
747 3748 863 3789 venera-

63 3818 161 3884 biliter,
177 3826 209 3873 ut
224 3818 290 3875 dicit
305 3818 442 3886 Gelasius,
459 3828 486 3876 et
496 3837 576 3874 serva
586 3820 864 3876 inviolabilitersacra

64 3907 186 3971 concilia,
212 3915 242 3962 ut
265 3908 386 3964 decrevit
411 3909 546 3976 Gelasius,
573 3918 598 3963 et
622 3910 714 3964 ceteri
739 3909 866 3965 catholici

915 3374 1040 3428 omnibus
1056 3376 1190 3429 sectanda
1205 3384 1285 3446 atque
1301 3377 1450 3447 sequenda.
1471 3399 1481 3421 t
1496 3375 1609 3446 Oportet
1624 3375 1717 3447 igitur,

914 3462 1001 3533 inquit
1017 3464 1191 3518 Innocentius
1206 3464 1241 3517 ad
1255 3464 1414 3518 Decentium
1424 3464 1599 3536 Eugubinum
1615 3463 1720 3533 episco-

914 3568 988 3621 pum,
1003 3567 1059 3614 eas,
1086 3552 1149 3622 quin
1174 3551 1284 3606 Domini
1301 3552 1469 3621 sacerdotes,
1487 3552 1539 3608 boc
1553 3550 1629 3622 sequi
1645 3553 1717 3623 quod

914 3639 1040 3694 Ecclesia
1064 3640 1187 3694 Romana
1212 3641 1344 3707 custodit,
1369 3658 1384 3694 a
1408 3657 1462 3711 qua
1486 3656 1533 3696 eos
1553 3639 1718 3711 principium

915 3730 1053 3800 accepisse
1078 3745 1132 3782 non
1157 3729 1269 3783 dubium
1294 3738 1346 3795 est,
1372 3729 1485 3784 nedum
1500 3727 1655 3802 peregrinis
1670 3744 1718 3782 as·

916 3817 1080 3872 sertionibus
1102 3818 1229 3885 student,
1257 3826 1337 3889 caput
1359 3818 1555 3872 institutionum
1577 3817 1720 3872 videantur

916 3907 1049 3962 omittere.
1067 3930 1076 3954 »ι
1095 3905 1165 3973 Quid
1188 3907 1221 3959 sit
1245 3915 1334 3961 autent
1361 3907 1432 3977 quod
1458 3906 1581 3962 Ecclesia
1596 3906 1717 3961 Romana

64 3995 189 4053 videlicet
211 3995 339 4068 doctique
363 3997 542 4053 decreverunt
565 3996 716 4068 pontillces.
743 3998 817 4052 Sient
839 4009 866 4052 et
915 3995 1041 4063 custodit,
1059 4003 1084 4049 et
1109 3994 1216 4048 Domini
1238 3995 1396 4050 sacerdotes
1419 4003 1541 4064 oporteat
1562 3994 1650 4066 sequi,
1666 3994 1717 4049 de·

65 4084 94 4139 de
115 4092 277 4141 sanctorum
301 4085 467 4156 imaginibus
495 4086 694 4153 decreverunt,
716 4087 865 4156 repreben·
916 4091 1049 4137 monstrat
1064 4083 1191 4137 Gelasius
1207 4085 1300 4156 (epist.
1319 4087 1348 4136 ll
1367 4084 1402 4138 od
1417 4084 1575 4138 llordattosl
1591 4100 1597 4135 :
1616 4107 1627 4130 ιι
1644 4083 1717 4137 Con·

67 4171 158 4229 dentes
174 4188 233 4237 eos,
259 4172 342 4228 veluti
366 4182 391 4228 et
405 4174 500 4229 beatus
524 4173 676 4244 Gregorius
700 4173 727 4227 in
743 4173 865 4244 epistolis
917 4168 1034 4235 fidimus,
1059 4169 1194 4240 inquiens,
1221 4171 1292 4240 qnod
1318 4169 1408 4223 nullus
1419 4170 1475 4237 jam
1491 4171 1622 4225 veraciter
1637 4170 1717 4225 Clari·

69 4260 99 4314 ad
121 4261 309 4318 Secundinum
334 4269 360 4317 et
383 4262 416 4317 ad
441 4262 575 4317 Serenum
596 4262 792 4318 llassiliensem
813 4263 864 4317 de·
917 4258 1020 4312 stianus
1034 4257 1152 4329 ignoret,
1179 4258 1392 4328 uniuscujusque
1414 4258 1510 4328 synodi
1529 4257 1715 4326 constitutum,

71 4356 197 4404 monstrat
221 4350 389 4422 episcopum,
416 4351 462 4422 qui
477 4351 529 4405 sub
553 4352 605 4406 bac
620 4352 697 4421 quasi
721 4352 864 4407 occasione
917 4346 989 4418 quod
1004 4346 1166 4400 universalis
1180 4345 1309 4400 Ecclesiae
1321 4345 1446 4415 probavit
1460 4360 1598 4409 assensus,
1615 4345 1718 4399 nullam

73 4437 229 4494 coadorari
251 4438 418 4505 debuissent,
446 4438 645 4512 confringenda
669 4441 780 4495 easdem
796 4434 900 4494 ima-D
915 4435 1003 4507 magis
1029 4434 1141 4505 exsequi
1166 4435 1259 4488 sedern
1282 4451 1331 4504 per
1353 4434 1458 4488 caeteris
1483 4442 1610 4504 oportere
1635 4448 1716 4504 quam

77 4524 143 4595 gines
157 4526 294 4593 dixerunt,
311 4534 337 4582 et
351 4527 494 4582 laudantes
509 4543 567 4596 eos,
584 4528 630 4598 qui
653 4528 714 4582 illas
731 4545 785 4583 non
799 4530 864 4583 ado·

80 4614 254 4684 randas,sicut
267 4632 357 4687 neque
375 4616 599 4688 confringendas,
616 4616 665 4670 sed
680 4617 715 4671 ad
731 4618 866 4671 instruen-

82 4697 121 4753 das
132 4702 301 4759 solummodo
315 4713 420 4760 mentes
435 4704 518 4760 luisse
534 4705 712 4759 nescientium
728 4706 866 4762 collocan-

84 4784 317 4849 dasconstituerunt
327 4808 333 4846 :
344 4793 471 4864 quoniam
481 4794 508 4847 in
519 4794 677 4848 adoratione
688 4795 772 4849 solius
782 4795 867 4849 onini-

86 4880 180 4942 menas
195 4890 295 4937 sanctae
309 4882 448 4938 Trinitatis
463 4883 606 4948 humiliter
616 4884 751 4953 prosterni
772 4884 863 4952 debet,

87 4968 106 5014 et
117 4965 197 5039 siquis
220 4969 354 5041 imagines
378 4971 428 5026 Dei
444 4980 469 5026 et
485 4980 641 5026 sanctorum
658 4973 693 5027 ud
711 4972 867 5027 instructio-

90 5062 136 5105 ncn
147 5054 233 5113 lacere
248 5057 364 5113 voluerit
388 5068 413 5114 et
428 5058 529 5114 habere
545 5077 599 5115 non
614 5061 694 5116 debet
715 5060 769 5115 ullo
784 5061 866 5116 modo

91 5139 213 5204 prohiberi.
230 5147 265 5201 Et
290 5147 363 5218 quia,
390 5156 418 5202 ut
440 5148 570 5219 scripturn
594 5158 658 5202 est:
682 5150 819 5218 Quorrtoclo
834 5152 866 5205 in

90 5232 151 5296 tute
165 5236 346 5309 resplendent
362 5238 458 5292 vallus
467 5239 713 5310 perspicientium,
726 5240 766 5293 sic
782 5239 865 5294 corita

92 5310 211 5380 lentinum
225 5326 383 5396 otonisesto
396 5329 465 5381 sunt
474 5326 864 5399 prudenttoostrroe.snum

90 5407 127 5458 Εἰ
141 5410 211 5486 lquo
219 5414 367 5486 profundo
377 5415 457 5471 verbo
470 5430 507 5470 ea
522 5431 569 5472 ore
584 5417 638 5471 uiri
653 5415 745 5485 (Pron.
764 5418 862 5488 xviiii:

87 5495 297 5559 &diriventur
306 5504 399 5574 fontes
411 5504 454 5560 itti
462 5507 539 5574 soros
556 5507 645 5571 (Pron.
661 5504 707 5576 v);
725 5521 757 5561 ex
775 5505 864 5560 verbis

916 4523 1049 4595 prienam,
1064 4540 1124 4593 quae
1135 4538 1354 4594 unamquamque
1365 4522 1497 4594 synodum
1511 4531 1537 4577 et
1552 4538 1601 4576 sua
1620 4528 1717 4578 aucto-.

916 4613 995 4666 ritate
1010 4611 1172 4680 confirmat,
1197 4620 1224 4666 et
1246 4613 1404 4668 continuata
1418 4611 1605 4666 moderatione
1625 4617 1715 4665 custo·

916 4701 964 4765 dit,
981 4717 1032 4770 pro
1048 4717 1097 4754 suo
1109 4700 1212 4755 seilicet
1227 4701 1390 4771 principatu,
1408 4717 1486 4770 quern
1511 4700 1608 4754 beatus
1622 4697 1718 4754 Petrus

915 4789 1054 4859 apostolus
1080 4790 1187 4844 Domini
1213 4806 1279 4845 toea
1295 4797 1460 4860 perceptum,
1478 4787 1601 4843 Ecclesia
1616 4787 1716 4843 nihilo-

916 4879 1004 4933 minus
1027 4878 1221 4950 subsequente,
1248 4887 1274 4931 et
1297 4878 1380 4931 tenuit
1404 4893 1512 4947 semper
1533 4885 1559 4931 et
1575 4876 1715 4931 retinet.»

916 4968 987 5023 Eece
1002 4968 1089 5021 habes
1106 4969 1254 5023 secundum
1269 4966 1360 5038 legem
1376 4974 1401 5019 et
1417 4965 1610 5035 Evangelium,
1627 4965 1717 5036 pleni-

916 5057 1037 5111 tudinem
1054 5056 1162 5110 testium
1186 5054 1385 5109 testificantium
1401 5055 1435 5109 de
1457 5055 1604 5126 sequendis
1619 5055 1717 5109 incon-

917 5145 992 5200 vulse
1008 5144 1140 5209 conciliis,
1157 5152 1183 5197 et
1196 5145 1230 5198 de
1241 5158 1294 5197 non
1306 5144 1446 5198 studendis
1461 5143 1612 5215 peregrinis
1627 5159 1717 5196 asser-

916 5233 1044 5296 tionibus,
1063 5232 1193 5303 rlpostolo
1209 5233 1289 5287 etiam
1304 5233 1493 5304 praecipiente,
1510 5231 1652 5288 Doctrinis
1666 5248 1716 5287 ua-

916 5324 967 5377 riis
983 5326 1011 5376 et
1020 5323 1178 5394 pcreqrinis
1196 5323 1283 5377 nolite
1298 5323 1499 5395 obducitllebr.
1513 5321 1584 5383 niati.
1596 5320 1719 5394 Peregri-

915 5426 963 5465 nas
979 5418 1068 5465 autern
1084 5427 1130 5466 eas
1145 5411 1311 5468 assertiones
1321 5412 1382 5468 ideo
1394 5428 1455 5468 cum
1471 5410 1630 5468 Innocentio
1644 5410 1716 5476 dico,

916 5509 977 5580 quia
992 5526 1025 5567 ex
1040 5525 1093 5580 quo
1108 5525 1185 5567 satra
1199 5510 1314 5569 concilia
1325 5510 1352 5565 in
1365 5509 1491 5567 Ecclesia
1501 5509 1635 5567 catholiea
1646 5510 1717 5566 eele-
