3794 6104
580 260 760 319 ttrtstotnt
789 262 835 317 tlt·
858 262 1030 323 buculcus.
1572 264 1625 319 Tib

97 384 230 441 taercticus
246 383 316 440 tint?
331 386 423 458 ltaque
445 386 605 443 fraternitati
626 396 678 442 tuae
701 387 775 443 vices
789 386 933 446 Arecur'ri
954 388 1127 461 prepositus,
1153 388 1256 444 idcirco
1275 394 1456 459 opportunum
1480 402 1542 443 csse
1562 402 1626 460 per·

97 472 121 527 in
136 472 259 528 ecclesiis
274 490 334 544 quae
357 474 408 528 sub
432 491 518 545 reguo
540 474 693 530 Galliarum
720 474 783 529 suni
832 476 970 547 speximus
983 476 1024 531 'iu
1053 475 1178 533 ecclesiis
1204 492 1265 548 quar
1291 476 1343 531 snb
1367 490 1455 549 reguo
1480 475 1627 532 Galliarum

97 561 206 633 tiquam
230 576 334 616 morem
358 564 413 618 beo
437 572 549 619 anctore
574 563 779 625 committimus,
831 565 981 621 secundum
1008 564 1145 637 antiquam
1172 563 1394 621 consuetudinem
1431 571 1513 631 sunt,
1550 563 1627 619 fretu·

108 649 219 721 quidem
234 651 414 720 metropolitis
428 652 578 707 secundum
590 651 707 723 priscam
719 667 782 708 con·
830 661 924 708 nostro
938 652 1078 724 asangm
1092 652 1258 708 Arelatensis
1272 651 1390 709 civitatis
1403 651 1534 723 episcopo
1553 652 1628 708 vices

97 754 148 794 rein
163 738 273 809 proprio
288 740 392 795 itenere
406 749 524 795 servato.
542 741 657 795 Paliium
672 757 780 812 quinque
831 749 938 796 nostras
953 740 1081 804 tribuere,
1102 750 1236 813 quatenns
1258 748 1286 796 ct
1308 739 1448 797 mttrolicae
1471 738 1535 796 fidei
1559 739 1628 795 inte·

97 825 166 881 imus
180 842 235 898 quo
259 826 417 883 irater-nitas
440 836 483 883 tua
507 829 664 885 decoretur.
687 828 780 885 Sicubi
831 829 925 899 gritas.
942 828 970 883 id
989 835 1030 884 est
1054 836 1207 884 sanctarum
1232 836 1346 899 quatuor
1368 827 1545 899 synodorum,
1571 829 1629 885 Deo

97 914 191 987 angius
205 915 397 986 episcoporum
411 916 556 988 quisquam
578 933 696 990 pergere
710 909 780 973 sorte
830 923 1000 989 protegente,
1017 916 1132 973 sollicite
1146 916 1291 973 devotione
1309 923 1448 981 cerretum
1464 924 1491 971 et
1514 916 1536 971 si
1560 915 1631 972 inter

97 1003 179 1071 ,sine
194 1011 247 1059 tuae
259 1003 410 1058 sanctitatis
433 1006 593 1061 auctoritate
617 1005 642 1060 ei
665 1005 699 1060 ad
721 1006 780 1061 loca
822 998 929 1055 imbus
955 1000 1218 1073 consacerdotesque
1248 1007 1355 1057 nostros
1388 999 1479 1072 aliqua
1510 999 1631 1055 evenerit

96 1090 160 1146 taire
176 1108 230 1145 non
253 1091 343 1147 liceat.
370 1092 398 1147 Si
422 1110 474 1164 qua
496 1109 561 1149 vero
585 1093 723 1165 inquisitio
745 1092 780 1150 de
831 1087 900 1145 forte
928 1088 1074 1156 contentio,
1104 1087 1271 1144 auctoritatis
1299 1104 1356 1145 suae
1383 1086 1498 1161 vigore,
1523 1087 1630 1145 vicibus

102 1178 221 1235 iortssse
234 1179 348 1234 aliarum
362 1196 451 1235 rerum
461 1182 533 1236 iuter
543 1182 688 1252 episcopos
697 1197 780 1237 causa
830 1193 929 1247 nempe
944 1176 1019 1231 sedis
1041 1176 1199 1246 spostolicae
1221 1176 1339 1243 iunctus,
1361 1176 1478 1233 discrete
1500 1175 1629 1232 modera-

97 1266 122 1321 tt
143 1282 206 1338 quas
230 1267 351 1324 discerni
374 1266 511 1325 difficilius
534 1270 629 1340 possit.
657 1269 780 1326 collectis
832 1264 904 1319 tione
919 1273 1086 1335 compescat.
1106 1263 1156 1319 Cui
1176 1263 1260 1319 etism
1279 1263 1445 1333 injunximus
1467 1271 1496 1318 ut
1516 1264 1541 1320 si
1559 1279 1629 1336 qaa-

97 1370 122 1411 m
137 1355 285 1426 episcopis,
302 1356 445 1412 ventiletur
459 1366 541 1429 atque
555 1358 715 1423 decidaturr
737 1357 780 1413 sin
831 1353 957 1407 rumdam
970 1368 1119 1409 causarum
1135 1352 1189 1407 tale
1203 1351 1285 1408 luerit
1296 1359 1435 1408 certarnen
1447 1359 1582 1415 exortum,
1603 1351 1632 1407 in

97 1442 180 1500 lecidi
205 1444 369 1516 nequiverit.
394 1445 519 1500 discussa
540 1446 652 1501 veritate
675 1446 710 1501 ad
731 1462 781 1502 no·
832 1457 887 1513 quo
909 1440 1023 1497 aliorum
1047 1441 1192 1511 presentis
1216 1456 1286 1510 opus
1309 1439 1361 1501 sit.
1386 1440 1560 1513 congregatis
1578 1439 1631 1495 sibi

97 1530 208 1587 tdicium
223 1531 358 1587 veteratur
372 1534 442 1601 (lluc
458 1550 545 1605 arque
556 1535 583 1591 S.
598 1535 698 1606 drop).
711 1536 781 1590 l'rob
831 1545 947 1585 numero
959 1528 1125 1599 competenti
1139 1527 1268 1583 iratribus
1283 1537 1310 1585 et
1330 1527 1501 1599 coepiscopis
1521 1527 1631 1595 nostris,

97 1628 154 1675 tum
169 1619 197 1673 in
212 1619 309 1675 Galliae
322 1621 447 1689 partibus
461 1636 584 1676 essemus
598 1623 669 1677 inter
682 1631 781 1678 scetem
831 1617 977 1673 salubriter
990 1624 1100 1673 servata
1114 1617 1167 1672 boc
1187 1615 1317 1687 aequitate
1339 1616 1474 1684 discutiat,
1498 1623 1525 1671 et
1548 1630 1633 1673 cano·

97 1707 155 1763 alde
172 1707 374 1778 prohibendum
397 1709 550 1764 invenimus
566 1726 573 1763 :
589 1711 778 1782 metropolita,
794 1705 894 1792 Bnica
908 1705 1069 1761 auctoritate
1083 1702 1208 1759 diffiniat.
1234 1704 1264 1759 si
1287 1719 1370 1776 quam
1392 1720 1458 1761 aero
1480 1703 1634 1761 contentio·

97 1804 124 1851 tn
138 1797 250 1867 pallium
266 1813 280 1851 a
296 1796 362 1852 sede
376 1798 525 1868 apostolica
540 1799 699 1870 eulampium,
716 1814 782 1855 cou-
833 1810 917 1857 uem,
936 1792 1009 1865 quod
1028 1793 1110 1865 longe
1129 1790 1211 1849 iaciat
1229 1790 1323 1847 divina
1346 1792 1487 1862 putenm,
1512 1793 1547 1849 de
1570 1790 1635 1848 fidei

97 1900 161 1941 nem
185 1882 275 1941 iacere
300 1894 477 1956 presumunt,
500 1886 573 1957 qnod
593 1896 783 1943 antecessores
832 1896 915 1938 caasa
930 1881 1040 1937 evenire
1062 1879 1219 1953 contigerit,
1244 1887 1292 1935 aut
1313 1880 1454 1951 negotium
1480 1879 1634 1949 emerserit,

97 1980 116 2029 rt
137 1988 189 2028 nos
213 1974 346 2031 canonico
369 1974 481 2030 decreto
504 1990 539 2030 ue
565 1973 644 2030 tieret
667 1974 783 2032 interdi·
833 1970 913 2040 cujus
945 1968 1093 2026 vehemens
1125 1969 1160 2024 sit
1183 1967 1301 2024 sortasse
1320 1967 1454 2037 dubletus,
1478 1975 1505 2025 ct
1524 1983 1575 2039 pro
1594 1967 1636 2023 sni

97 2061 175 2118 Unde
194 2061 389 2117 fraternitatem
414 2071 484 2117 tunm
502 2071 623 2119 sanctam
643 2080 692 2135 per
716 2064 783 2119 Gal·
834 2056 1134 2130 magnitudinejudicio
1149 2055 1395 2127 sedisapostolicae
1409 2055 1543 2129 indigeat.
1567 2069 1635 2111 θη·

98 2156 183 2205 tttram
206 2149 293 2205 ricem
318 2158 456 2205 tenentem
477 2151 625 2216 hortamur,
650 2161 784 2223 quatenus
834 2146 935 2201 minata
947 2144 1104 2218 diligentius
1118 2144 1242 2209 veritate,
1258 2144 1390 2201 relatione
1404 2144 1499 2201 autad
1513 2150 1636 2201 nosbam

97 2252 132 2294 oc
146 2238 358 2294 sollicitudinem
373 2238 486 2301 babeas,
498 2247 525 2294 et
535 2256 569 2295 uc
583 2238 654 2294 istud
664 2240 783 2305 adolent,
835 2234 943 2289 studeat
956 2233 1108 2305 perducere
1121 2233 1272 2299 notionem,
1287 2240 1448 2304 quatenusa
1458 2232 1537 2289 nobis
1547 2232 1637 2289 rulant

97 2332 141 2382 ste
167 2326 335 2396 prohibeas,
364 2335 392 2382 et
415 2335 443 2381 ut
467 2328 617 2383 secundum
645 2328 784 2400 antiquum
835 2337 960 2395 congrum
972 2321 1032 2378 sine
1046 2321 1129 2378 dubio
1152 2321 1287 2377 sententia
1306 2320 1457 2377 tenniuari.
1482 2320 1531 2377 Cui
1553 2320 1637 2377 ctiam

98 2430 222 2486 qnoerere
237 2413 365 2470 iestincnt
380 2428 504 2480 moneas,
521 2416 618 2472 incites
629 2425 786 2488 atqueprre
834 2410 1001 2480 injunximus
1015 2418 1044 2465 ut
1057 2409 1160 2465 nullum
1174 2408 1409 2481 archiepiscopum
1425 2409 1453 2464 in
1462 2408 1639 2480 inparibus

102 2503 168 2559 etsi
183 2503 235 2574 ipsi
250 2503 390 2569 obediant,
407 2519 505 2573 necne,
518 2513 611 2560 nostro
622 2505 786 2576 apostolatui
836 2497 896 2553 sine
910 2498 993 2571 pallio
1007 2514 1024 2554 a
1036 2499 1161 2555 ltornsno
1174 2497 1303 2569 pontifice
1324 2497 1431 2555 directo
1453 2495 1638 2555 consecratio-

97 2591 171 2646 mnia
186 2592 334 2655 renunties.
355 2592 378 2646 si
393 2601 483 2663 potest
505 2592 533 2647 in
556 2593 694 2649 nativitate
717 2608 785 2665 apo-
836 2603 900 2642 nem
915 2586 1008 2643 iacere
1021 2587 1171 2658 permittat,
1187 2594 1215 2641 et
1224 2585 1357 2643 iaciemes
1370 2593 1465 2641 nostra
1478 2583 1639 2643 auctoritate

97 2694 124 2749 n,
145 2688 191 2735 sut
214 2696 264 2750 per
286 2695 351 2744 vos,
377 2688 423 2734 aut
447 2696 498 2751 per
518 2689 640 2737 nostrum
665 2682 786 2754 tegetum
836 2683 942 2748 arguat
968 2674 1006 2731 lit
1032 2674 1163 2746 qnoniam
1187 2689 1302 2731 necesse
1329 2681 1372 2729 est
1398 2681 1429 2729 ut
1454 2673 1491 2729 sd
1514 2688 1576 2730 cum
1593 2671 1639 2729 oui

97 2784 101 2822 ι
116 2768 200 2825 certis
215 2768 311 2824 litteris
326 2769 461 2834 intimare,
479 2786 512 2824 ne
522 2768 642 2826 differas.
656 2770 788 2842 omnipo
836 2770 949 2820 nocuas
961 2762 1037 2819 vices
1051 2762 1225 2825 indulsimus.
1243 2761 1485 2834 quotiesoportere
1494 2776 1639 2833 pompose·

97 2862 151 2912 tem
166 2858 241 2912 Deus
255 2872 303 2911 sna
318 2872 368 2913 vos
382 2858 554 2928 protectione
573 2858 718 2925 custodiat,
735 2860 787 2915 bo-
837 2851 880 2917 rit,
907 2866 957 2922 pto
975 2848 1102 2907 facienti·
1120 2850 1264 2907 collebono
1282 2848 1354 2921 titiis
1380 2844 1501 2907 dobunt
1518 2847 1641 2921 episcopi

100 2961 135 3000 ue
149 2954 310 3016 perceptum
325 2961 375 3001 vos
387 2945 416 2999 in
431 2946 554 3001 moribus
569 2962 679 3003 servare
693 2962 788 3004 conce·
837 2938 1007 3010 lemboriim
1020 2937 1178 3005 convenire,
1194 2938 1337 2995 hortamur
1351 2946 1381 2994 ut
1393 2937 1486 2995 nullut
1504 2936 1641 3033 mauritii!

323 3122 445 3177 cxxiv.
800 3026 1642 3189 cffifflffiffifflfflffi

124 3224 161 3265 an
180 3225 337 3266 uuivansos
355 3225 505 3265 aresceres
524 3225 640 3267 nancte.
837 3202 982 3261 infirmit·
995 3202 1149 3276 quempiam
1164 3201 1281 3259 (ΟΜ
1296 3202 1420 3267 laberii,
1436 3209 1484 3259 ²¹¹¹
1501 3202 1642 3272 tilium

296 3298 387 3369 (Anno
402 3300 477 3370 878.)
837 3291 1096 3359 eurncatrsejustts
1110 3289 1250 3347 excusatio
1263 3288 1376 3347 minima
1396 3289 1491 3346 venire
1510 3286 1629 3359 peratiae

97 3390 173 3459 buno
187 3387 348 3442 Arelatensi
365 3390 502 3460 episcopo,
527 3389 574 3444 cui
587 3390 660 3445 vices
676 3404 741 3445 suas
756 3389 787 3444 in
837 3379 882 3436 rii·
896 3379 929 3435 ffi
944 3387 1035 3435 limen
1050 3377 1108 3450 (tui.
1125 3376 1288 3449 prohibente
1303 3376 1397 3449 ⁸1qu
1409 3376 1583 3446 neminie,
1598 3392 1634 3433 ne

124 3457 218 3514 Gallia
227 3459 378 3522 corrtmisit,
394 3474 490 3514 enarres
508 3458 648 3515 obediant.
838 3467 956 3539 quierint
969 3465 998 3521 in
1006 3465 1141 3538 synodum
1151 3464 1311 3535 convenire,
1320 3464 1382 3522 loco
1393 3481 1444 3521 suo
1453 3463 1644 3537 presbyterum

98 3040 126 3089 ta
141 3038 174 3089 ui
188 3050 285 3106 supra.

97 3545 153 3601 ibus
168 3545 396 3601 reverentissimis
411 3554 439 3601 et
453 3546 631 3602 sanctissimis
651 3546 788 3618 episcopis
838 3563 884 3611 ιιιι
898 3555 1045 3611 dierorum
1059 3552 1189 3625 dirigant,
1205 3561 1342 3624 quatenus
1356 3568 1418 3625 quse
1430 3567 1448 3609 t
1460 3559 1557 3609 nostro
1570 3551 1645 3609 vitta·

97 3632 155 3689 baa
169 3649 220 3704 per
234 3632 337 3689 Gallias
352 3634 514 3689 constitutis.
839 3643 888 3713 n‘o,
910 3641 1150 3706 amarulente,
1177 3639 1278 3697 merim
1305 3638 1426 3705 definita,
1450 3638 1487 3695 nd
1507 3655 1572 3697 eum
1596 3639 1643 3713 qai

97 3721 178 3795 imp..
195 3723 242 3777 tit.
259 3736 297 3786 tv,
313 3738 355 3794 ep.
373 3720 431 3793 δι.)
446 3723 487 3777 ttd
501 3722 553 3778 hoc
568 3721 667 3779 divinoe
681 3723 787 3795 dispen-
838 3731 941 3787 rigens
955 3737 1006 3798 est,
1022 3746 1073 3801 per
1087 3730 1178 3800 ipsum
1192 3744 1274 3800 quern
1295 3727 1409 3793 miserit,
1434 3726 1491 3784 lida
1513 3726 1644 3784 relatione

97 3846 99 3857 ι
110 3808 233 3881 provisio
248 3810 351 3883 gradus
361 3818 387 3865 et
398 3810 521 3866 diversos
532 3811 669 3867 constituit
678 3811 787 3867 ordines
838 3818 1012 3890 pervenient,
1040 3825 1071 3873 ut
1097 3816 1259 3875 inconvulsa
1280 3814 1408 3873 finnitate
1430 3824 1593 3885 serrantur,
1614 3823 1642 3871 et

97 3896 269 3967 idistinctos,
286 3905 314 3953 ut
329 3898 393 3954 dum
408 3900 591 3955 reverentiam
607 3900 728 3957 minores
741 3916 787 3972 po
840 3906 939 3963 nullius
953 3920 987 3963 ea
1006 3905 1124 3963 audeant
1147 3904 1302 3961 nemsioms
1323 3904 1500 3962 excusatione
1522 3902 1637 3961 violare.

97 3984 277 4051 „exhiberent
291 3994 316 4041 ct
326 3986 448 4059 potiores
458 3986 609 4043 minoribus
617 3986 786 4062 diligentiam
839 3996 897 4051 lion
911 3995 994 4051 etiam
1007 4008 1058 4049 vos
1071 3993 1174 4066 pariter
1197 3993 1373 4065 previdimus
1392 3992 1591 4060 admonendos,
1614 4001 1644 4048 ut

97 4082 193 4141 erent,
223 4090 277 4129 una
307 4074 463 4131 concordiae
488 4074 565 4130 beret
587 4092 603 4131 a
629 4074 787 4132 diversitate
838 4083 931 4139 nullus
952 4091 1071 4139 vestmm
1094 4081 1130 4137 ad
1153 4081 1344 4155 longinquiora
1368 4081 1431 4138 loca
1454 4080 1514 4137 sine
1536 4078 1640 4153 prelati

97 4162 134 4229 5⁰,
150 4171 178 4219 θῑ
193 4170 266 4218 recle
281 4162 429 4219 Officiofflm
440 4162 787 4237 getttelurfldminisittiio
839 4170 930 4227 iratris
946 4179 973 4227 et
987 4169 1143 4242 coepiscopi
1160 4169 1246 4225 nostri
1260 4169 1394 4241 Rostagni
1409 4170 1565 4225 auctoritate
1580 4176 1642 4223 ten·

97 4266 167 4305 rum.
182 4251 278 4322 Neque
294 4250 365 4306 onim
380 4250 543 4306 universitas
557 4250 610 4306 alia
624 4258 729 4322 poterat
743 4268 787 4306 ra·
840 4268 879 4315 tct
893 4259 985 4331 aliquo
998 4258 1080 4313 modo
1095 4256 1243 4328 proticisci,¹
1261 4258 1378 4313 scientes
1400 4255 1464 4328 quia
1487 4264 1513 4311 et
1535 4255 1642 4325 praede·

97 4337 234 4405 Ιῠδὶδῑθῖθ,
251 4338 303 4392 nisi
318 4338 472 4408 llujusmOdi
487 4355 603 4412 magnus
625 4355 686 4395 vam
709 4338 786 4394 diffe·
844 4360 986 4403 cesseram
999 4352 1164 4407 nostmrum,
1180 4344 1226 4415 qui
1240 4343 1314 4398 vices
1329 4358 1393 4397 suas
1409 4343 1467 4411 ejus
1489 4341 1642 4413 praedeces·

100 4428 169 4483 erdo
191 4436 324 4482 servaret.
356 4425 424 4495 Quia
451 4443 515 4483 vero
540 4435 667 4483 creatura
690 4427 718 4483 ln
743 4443 794 4481 una
810 4423 950 4490 Dsoribus
978 4438 1190 4501 concesserunt,
1220 4430 1260 4486 sic
1283 4430 1379 4501 procul
1407 4428 1490 4486 dubio
1515 4428 1642 4484 mandata

97 4515 299 4589 inaequalitate
310 4515 458 4587 gubernari
468 4514 610 4572 velvivere
621 4531 676 4572 non
685 4522 785 4587 potest,
840 4519 981 4577 definiunt.
998 4521 1145 4575 Hortamur
1159 4525 1291 4590 praeterea
1314 4524 1344 4572 ut
1365 4517 1400 4573 de
1423 4515 1512 4574 otiieio
1536 4530 1587 4571 suo
1610 4515 1645 4571 sit

97 4619 140 4661 um
158 4602 314 4659 militiarum
339 4604 464 4674 exempla
486 4620 537 4659 nos
558 4603 702 4669 instruunt,
725 4603 787 4676 quia
842 4610 959 4681 quisque
973 4616 1094 4665 vestrum
1109 4606 1252 4675 sollicitus,
1278 4614 1306 4662 et
1329 4604 1375 4678 qui
1394 4604 1555 4677 promissam
1569 4605 1643 4677 cupit

97 4698 132 4747 nt
150 4692 252 4763 angeli,
275 4692 328 4746 sint
349 4691 516 4765 archangeli,
541 4692 625 4763 liquet
649 4692 787 4766 quianon
837 4697 932 4771 patrie
958 4696 1116 4755 mercedem
1138 4695 1274 4768 portionis
1296 4694 1438 4766 accipere,
1461 4691 1638 4750 commissum

97 4788 194 4848 ssunt,
209 4780 299 4835 sedin
316 4787 449 4851 potestate
459 4787 485 4835 et
495 4778 600 4847 ordine,
612 4780 786 4847 sicutnostis,
838 4785 891 4842 sibi
904 4801 1020 4860 gregem
1035 4784 1217 4841 sollicitudine
1242 4791 1269 4839 ct
1289 4782 1414 4839 oratione
1436 4780 1579 4847 custodiat,
1604 4797 1639 4838 ae

97 4867 159 4924 tlter
174 4868 207 4923 ab
222 4867 318 4924 altero.
341 4868 370 4924 si
392 4885 460 4940 crgo
482 4868 551 4923 inter
574 4868 638 4936 hos,
662 4868 707 4941 qui
729 4868 788 4925 siue
838 4873 1065 4946 lupus'msidians
1079 4888 1147 4930 oves
1161 4871 1279 4929 creditas
1293 4868 1449 4927 invadendo
1467 4868 1590 4935 dilaniet
1613 4876 1641 4925 et

97 4982 100 5001 ι
114 4963 185 5021 sunt,
202 4956 254 5021 ista
268 4965 376 5012 constat
390 4973 452 5012 esse
467 4955 613 5026 distinctio,
630 4956 691 5027 quis
705 4956 790 5012 horni-
839 4962 874 5018 sit
885 4963 915 5019 in
929 4961 1109 5019 retributione
1119 4974 1202 5031 poem
1211 4974 1263 5029 pro
1272 4974 1394 5015 munere.
1406 4956 1539 5028 Optamus
1546 4957 1640 5029 igitur,

97 5052 171 5099 rnuat
186 5045 248 5099 huic
264 5061 293 5099 se
308 5044 426 5100 libenter
438 5043 609 5115 dispositioni
620 5043 787 5111 submittere,
838 5049 940 5106 iratres
953 5048 1120 5114 charissimi,
1137 5054 1165 5103 st
1178 5046 1241 5102 totis
1260 5045 1475 5117 omnipotentem
1495 5044 1642 5101 Dominum

100 5132 120 5188 it
134 5133 217 5188 etiarn
231 5134 346 5206 angelos
359 5130 470 5189 obedire
483 5138 494 5188 t
508 5133 577 5188 ilinc
586 5132 684 5188 etenim
695 5147 746 5203 pax
763 5140 790 5187 et
838 5138 970 5209 precibus
998 5150 1160 5200 exoramus,
1189 5142 1220 5191 ut
1240 5133 1414 5191 dilectionem
1436 5141 1554 5190 vestram
1576 5132 1643 5189 boni

97 5227 214 5275 smutua
228 5231 258 5276 se
275 5221 334 5277 vice
348 5221 546 5292 complectitur,
564 5228 591 5275 ct
606 5229 698 5276 manet
711 5218 790 5275 firma
839 5224 942 5281 amoris
964 5224 1008 5281 sui
1030 5222 1182 5279 constantis
1204 5220 1284 5280 uam
1307 5221 1397 5293 nans
1418 5219 1564 5294 ιιιιςίιᾳιιο
1586 5219 1642 5279 ior·

97 5308 143 5365 tie
157 5309 183 5362 in
200 5309 305 5364 alterna
321 5316 349 5364 et
363 5309 421 5364 Deo
440 5308 537 5379 placita
562 5307 707 5364 dilectione
730 5307 789 5363 sin·
839 5327 961 5377 vescere,
976 5318 1058 5383 atque
1071 5310 1100 5366 in
1113 5326 1180 5383 pace
1192 5309 1324 5368 Ecclesiae
1337 5316 1365 5365 ct
1378 5322 1433 5365 uns
1447 5322 1498 5365 vos
1508 5308 1641 5367 comat

97 5442 99 5449 ,
122 5395 193 5467 Quia
221 5397 304 5467 igitur
326 5397 538 5468 unumquodque
562 5404 626 5453 tune
648 5395 791 5452 salubriter
838 5414 951 5458 manere
964 5397 1121 5455 eoncordia.
1144 5398 1303 5455 Nuntiatum
1325 5412 1392 5453 vero
1414 5395 1494 5453 nobis
1514 5404 1558 5455 est
1576 5396 1642 5471 quia

97 5492 144 5541 tur
157 5484 284 5550 odicium,
300 5498 363 5542 curn
376 5484 456 5541 luerit
471 5500 542 5540 unus
556 5484 592 5540 sd
609 5500 691 5557 quem
703 5484 791 5556 possit
839 5504 889 5563 per
903 5486 1081 5544 neronianam
1092 5486 1222 5543 barmim
1234 5485 1271 5542 ad
1283 5500 1381 5545 sacros
1397 5484 1510 5543 ordinas
1531 5485 1643 5559 quidm
1748 5525 1751 5529 .

152 5600 277 5654 Parnon.
297 5599 422 5654 cxxvt.
1451 5598 1488 5655 tt
