3826 6098
859 162 871 191 0

178 245 233 300 fill

544 242 666 301 OPUSC.
682 244 728 299 ET
755 243 863 299 EPlST.
893 243 930 297 IN
958 241 1071 298 CAUSA
1097 243 1267 299 eluceant
1295 242 1448 300 LAUDUN.

1782 246 1834 301 oli

182 367 278 441 exigit,
290 383 306 422 a
319 365 503 440 suffraganeis
518 375 543 422 et
559 368 771 438 provincialibus
785 368 921 439 episcopis
935 367 982 422 ibi·
997 367 1137 439 Atropoli,
1154 383 1197 437 ec,
1214 367 1237 422 si
1261 367 1339 422 vobis
1359 367 1457 437 placet,
1482 373 1577 422 tenore
1595 366 1828 439 archiepiscopum

183 456 247 512 dem
272 456 488 528 metropolitanis
517 457 656 511 ordinetur
684 457 827 528 episeopus
851 456 984 527 (addan,

183 562 227 617 ep.
244 548 261 601 2
276 545 312 600 cd
342 546 426 617 episc,
443 545 539 618 synod.
554 545 709 616 Sccssicn.)
725 544 813 612 Quem
826 545 899 611 licet,
911 545 986 614 juxta

184 633 371 688 antiochenos
386 648 506 688 canones
520 633 639 704 perfecto
654 633 779 701 concilio,
795 641 877 704 atque
892 648 986 689 secun-

185 721 249 775 dum
266 721 431 792 npostolicas
441 729 546 776 vestras
561 721 665 776 litteras
680 721 787 778 vacanti
801 720 931 776 Ecclesia
946 721 987 774 in·

187 809 332 864 cardinarc
347 823 491 880 possemus
508 827 515 863 ε
532 809 596 880 quia
611 817 701 864 minen
716 809 882 864 Turonensis
895 809 988 865 Eccle.

186 897 224 952 sia
239 913 273 952 ea
287 897 398 968 antiquo
419 896 589 967 metropolis,
614 905 640 952 et
660 897 732 952 beati
754 897 860 952 llartini
883 897 987 952 meritis

185 985 370 1041 famosissima
391 994 417 1039 ct
432 985 598 1041 honorabilis
620 1002 728 1055 semper
747 986 856 1053 exstitit,
874 995 900 1041 et
913 1002 987 1057 prae-

187 1072 258 1128 fatus
282 1072 364 1128 frater
386 1082 479 1129 noster
497 1074 631 1129 lictardus
655 1074 818 1129 venerabilis
841 1075 987 1146 episcopus

185 1161 268 1234 genio
290 1161 364 1232 pallii
380 1170 423 1217 ²a
447 1162 613 1234 benignitate
637 1171 727 1217 restra
751 1172 790 1216 est
815 1164 985 1217 honoratus:

1036 455 1217 521 incardinetis,
1234 464 1262 509 nt
1276 463 1337 526 post
1361 454 1505 511 decessum
1525 454 1607 521 illius,
1632 454 1753 526 prelata
1774 471 1834 511 me·

1037 544 1134 614 tropoli
1155 543 1289 609 ecelesiae,
1315 543 1382 599 cleri
1396 551 1422 598 et
1436 543 1523 613 plebis
1548 542 1690 610 electione,
1707 543 1777 600 sicut
1791 559 1835 599 re-

1037 632 1109 703 gulae
1134 647 1218 700 sacrae
1239 632 1407 703 praecipiunt,
1424 640 1450 686 et
1465 640 1542 686 retus
1556 632 1724 687 consuetudo
1739 631 1832 703 exigit,

1037 734 1051 771 a
1075 718 1254 789 suffraganeis
1278 727 1304 774 ct
1325 719 1537 789 prouincialibus
1565 719 1711 790 episcopis,
1733 719 1837 776 ibidem

1037 807 1261 877 metropolitanus
1276 807 1415 862 ordinetur
1429 808 1583 878 episeopus.
1596 806 1684 876 Quem
1691 807 1838 877 licetjuxta

1038 895 1221 950 Antiochenos
1237 910 1356 950 canones
1370 895 1489 965 perfecto
1503 895 1628 962 concilio,
1644 905 1722 966 atque
1737 911 1837 953 secun-

1038 983 1102 1037 dum
1115 983 1279 1054 apostolicas
1294 992 1400 1038 vestras
1414 983 1519 1038 litteras
1531 983 1639 1039 vacanti
1653 983 1776 1040 ecclesiae
1790 983 1836 1038 in·

1038 1071 1183 1126 cardinarc
1196 1086 1340 1141 possemus
1356 1089 1362 1125 :
1380 1079 1470 1127 tamen
1486 1071 1548 1142 quia
1563 1071 1727 1127 Turonensis
1741 1071 1838 1128 Eccle-

1038 1158 1079 1213 sia
1094 1175 1126 1213 er
1143 1158 1252 1230 antiquo
1277 1159 1445 1229 metropolis,
1472 1167 1498 1213 et
1520 1159 1591 1214 beati
1614 1159 1720 1215 blartini
1734 1158 1837 1217 meritis

187 1249 375 1304 rationabilius
403 1249 529 1319 vidimus,
559 1258 589 1304 ut
609 1250 737 1321 petitione
762 1250 828 1305 cleri
848 1266 880 1306 ac
899 1250 988 1322 plebis
1038 1245 1229 1313 famosissima,
1246 1255 1272 1302 et
1285 1246 1452 1302 honorabilis
1467 1263 1574 1317 semper
1589 1247 1708 1313 exstitit3
1724 1255 1751 1303 ct
1765 1263 1837 1319 prae·

185 1337 273 1407 ipsius
288 1338 422 1407 ecclcsiae,
439 1346 466 1393 et
481 1354 616 1394 consensu
632 1346 732 1394 nostrae
746 1338 941 1405 unanimitatis,
957 1354 988 1394 ac
1038 1333 1109 1388 fatus
1125 1333 1206 1389 frater
1220 1343 1313 1389 noster
1336 1334 1471 1389 delardus
1493 1334 1657 1389 venerabilis
1679 1335 1836 1407 episcopus,

184 1423 279 1481 favore
303 1425 396 1480 domni
410 1426 496 1480 nostri
512 1425 602 1481 Caroli
617 1426 690 1498 regis
724 1427 835 1500 gloriosi
851 1427 987 1497 (Adrion,
1038 1422 1119 1493 genio
1146 1421 1230 1491 pallii,
1250 1421 1448 1492 abenignitate
1476 1429 1569 1475 restra
1597 1430 1638 1476 est
1666 1423 1836 1478 honoratus:

185 1515 330 1585 cpiam,
348 1513 514 1584 adderet),
544 1529 575 1568 ac
604 1522 693 1568 vestra
718 1515 877 1570 auctoritate
900 1514 989 1570 eidem
1038 1509 1223 1565 rationabilius
1253 1509 1378 1573 vidimus,
1407 1517 1435 1564 ut
1458 1509 1588 1580 petitione
1612 1509 1677 1565 cleri
1700 1526 1730 1565 ac
1750 1509 1839 1581 plebis

185 1599 374 1656 incardinetur
401 1600 542 1656 Ecclesia.
582 1601 657 1656 Deus
694 1609 788 1657 noster
816 1602 989 1658 sanctitatem
1038 1597 1125 1667 ipsius
1140 1597 1272 1663 ecclesiae,
1290 1604 1466 1653 etconsensu
1480 1604 1582 1652 nostrae
1597 1596 1792 1664 unanimitatis,
1807 1612 1840 1654 ac

184 1695 304 1742 vestram
324 1705 383 1744 aevo
399 1688 524 1761 longiore
546 1697 667 1745 orantem
682 1706 733 1760 pro
748 1690 826 1745 nobis
841 1691 983 1759 custodiat,
1000 1685 1130 1773 Bianore
1154 1685 1246 1740 domni
1269 1684 1355 1739 nostri
1381 1685 1472 1741 Caroli
1487 1685 1560 1757 regis
1576 1684 1699 1757 gloriosi,
1717 1692 1840 1742 arestra

184 1775 297 1831 domine
333 1777 553 1832 reverentissime
585 1779 665 1832 Pater
701 1778 728 1832 in
766 1779 891 1835 Domino.
917 1780 986 1835 Data
1041 1774 1198 1829 auctoritate
1213 1774 1302 1829 eidem
1318 1773 1500 1829 incardinetur
1514 1773 1647 1829 ccclesiae.

184 1877 234 1918 snt
263 1863 327 1919 Idus
356 1864 507 1936 Septembr.
532 1867 673 1936 praesentis
698 1875 800 1938 quarta
820 1867 987 1925 indictionis.
1075 1862 1115 1917 De
1130 1877 1214 1917 causa
1229 1878 1292 1917 vcro
1308 1861 1400 1917 fratris
1416 1861 1564 1928 llinemari,
1582 1862 1748 1918 sufficienter
1761 1861 1841 1919 robis

1039 1959 1180 2024 gestorum
1203 1950 1300 2017 scrieS,
1325 1965 1405 2020 quam
1426 1966 1475 2020 per
1488 1949 1560 2004 hune
1579 1949 1764 2006 venerabilem
1779 1949 1839 2006 fra-

1039 2048 1107 2094 trem
1132 2046 1158 2093 ct
1178 2037 1369 2109 coepiscopum
1393 2044 1513 2093 nostrum
1535 2038 1690 2104 actardum,
1718 2038 1839 2110 synodus

1038 2127 1065 2181 in
1080 2126 1209 2199 parochia
1232 2125 1380 2182 lilremensi
1401 2142 1489 2195 nuper
1503 2125 1604 2196 habita,
1630 2133 1728 2180 vestra
1742 2132 1840 2182 aucto·

1039 2215 1110 2270 ritati
1138 2214 1303 2284 transmittit,
1331 2214 1441 2285 plenam
1469 2213 1593 2269 notitiam
1621 2213 1763 2269 intimabit.
1789 2213 1838 2269 Cui

1038 2312 1100 2375 post
1123 2303 1214 2358 omnia
1237 2310 1326 2374 gesta,
1351 2319 1413 2372 quae
1426 2302 1460 2357 de
1474 2302 1520 2356 illo
1536 2302 1657 2374 gerenda
1671 2301 1758 2369 fuere,
1775 2316 1839 2358 cum

1038 2391 1098 2446 aliis
1113 2391 1249 2462 episcopis
1264 2399 1290 2446 ct
1304 2389 1486 2447 confratribus
1500 2390 1610 2458 nostris,
1622 2390 1694 2461 apud
1707 2390 1838 2447 domnum

1039 2496 1135 2553 regem
1157 2479 1272 2535 obtinuit
1296 2478 1359 2551 [lep.
1376 2479 1487 2534 uidetur
1502 2477 1626 2549 obtinuil,
1643 2479 1838 2550 etquicunque

220 2555 339 2613 Domino
369 2556 541 2614 sanctissimo
568 2565 595 2612 ei
623 2556 844 2614 reverenllsslmo
877 2559 987 2612 Ptlrum
1038 2569 1072 2623 dg
1086 2568 1170 2633 clepo,
1188 2568 1231 2623 vgl
1246 2567 1280 2621 de
1294 2566 1397 2621 familia
1419 2566 1607 2622 Laudunensis
1631 2566 1763 2622 Ecclesiae
1776 2582 1840 2623 cum

185 2646 260 2700 Patri
282 2645 412 2712 Adriane
437 2645 532 2717 prim&
558 2645 631 2701 sedis
655 2646 812 2717 8908101i0ae
835 2651 862 2700 ⁰1
875 2646 986 2701 univer·
1037 2656 1084 2711 illo
1099 2671 1214 2728 pergere
1229 2655 1318 2722 vellet,
1335 2654 1472 2709 licentiam
1494 2654 1616 2709 haberet.
1634 2654 1721 2723 Quem
1737 2653 1839 2711 utinam

185 2733 250 2789 nas
286 2733 418 2790 Ecclesiae
451 2750 539 2806 neos,
578 2733 750 2800 Hinemsrus,
787 2734 897 2789 nomine
933 2750 986 2790 non
1037 2759 1091 2798 non
1113 2743 1253 2811 vicissem,
1268 2743 1378 2797 niune
1402 2750 1494 2798 cutem
1517 2742 1593 2797 titum
1607 2759 1652 2798 mc
1666 2742 1795 2799 ornere
1808 2742 1838 2799 in

185 2821 285 2877 merito
295 2822 460 2879 Rhemorum
475 2822 631 2895 episcopus,
647 2839 678 2877 ac
692 2821 780 2894 plebis
795 2822 845 2877 Dei
859 2821 986 2877 famulus.
1034 2832 1193 2903 episcopum
1209 2831 1378 2903 contigisset,
1395 2847 1445 2900 per
1461 2847 1541 2901 quem
1558 2839 1662 2886 tantum
1678 2829 1840 2887 scandalum

220 2910 414 2966 Venerabilem
442 2910 565 2977 fratrem,
591 2918 617 2966 et
643 2911 835 2983 coepiscopum
864 2919 986 2968 nostrum
1033 2920 1061 2974 in
1084 2928 1240 2975 nostrarum
1255 2918 1453 2991 provinciarum
1478 2919 1613 2985 ecclesiis,
1629 2928 1656 2974 ct
1671 2919 1697 2974 in
1712 2934 1800 2992 regno
1813 2918 1841 2973 in

185 2999 346 3066 dometium,
362 2999 431 3055 sicut
445 3008 537 3055 vestra
551 2999 674 3072 dignatio
684 2999 824 3071 exiguitati
838 3017 907 3056 meae
920 3000 988 3056 litte·
1037 3024 1091 3080 quo
1114 3008 1249 3080 degimus,
1274 3008 1332 3063 sine
1354 3007 1408 3061 ulla
1431 3008 1594 3062 necessitate
1618 3016 1793 3078 commotum,
1813 3014 1840 3063 et

185 3087 225 3141 n'a
246 3087 304 3142 suis
325 3088 455 3159 praecepit
474 3088 597 3159 (adrian.
615 3091 695 3161 epist.
714 3090 738 3154 1,
755 3090 791 3144 cd
808 3089 942 3160 ilicem),
960 3062 1022 3143 inC
1038 3096 1141 3151 diutino
1164 3103 1287 3168 tempore
1303 3096 1435 3151 hactenus
1461 3104 1502 3151 est
1517 3096 1702 3167 perduratum.
1719 3095 1796 3151 Adeo
1809 3101 1840 3150 ut

185 3174 293 3248 gremio
307 3175 459 3232 dilectionis
474 3176 592 3247 suscepi,
607 3177 783 3250 etapaganis
798 3178 984 3244 Nomentanis,
1039 3200 1094 3239 non
1117 3183 1338 3240 inconvenienter
1361 3184 1395 3239 de
1418 3200 1451 3238 ec
1475 3184 1567 3239 dicere
1586 3199 1697 3254 possem
1713 3199 1719 3238 :
1736 3184 1839 3239 Bonum

186 3277 295 3319 necnon
316 3272 342 3318 et
363 3280 379 3319 a
401 3265 662 3335 pseudochristianis
683 3266 846 3321 brittonibus
876 3267 910 3321 dc
938 3282 986 3320 sua
1038 3271 1146 3337 eratci‚
1162 3272 1278 3326 sinatus
1301 3287 1356 3326 non
1380 3270 1475 3331 fuisset
1499 3272 1580 3326 homo
1594 3271 1640 3325 ille
1656 3289 1663 3325 :
1681 3270 1728 3342 qui
1741 3285 1792 3341 pro
1806 3285 1839 3326 eo

185 3351 253 3407 sede
269 3351 422 3423 expulsum,
435 3367 570 3409 consensu
585 3354 809 3425 coepiscoporum
825 3354 987 3410 Rhcmcnsis
1037 3367 1067 3414 ut
1094 3359 1129 3414 ad
1157 3359 1342 3430 episcopalem
1365 3359 1481 3429 gradum
1504 3366 1649 3428 provectus
1664 3358 1692 3411 in
1707 3357 1839 3430 religione

184 3440 345 3511 provincia,
362 3457 393 3497 ac
407 3441 499 3497 farore
515 3441 608 3497 domni
629 3443 717 3497 nostri
730 3442 820 3498 Caroli
833 3443 907 3515 regis
923 3443 985 3516 glo·
1036 3445 1191 3517 proliceret,
1209 3447 1259 3501 snb
1281 3463 1333 3518 qna
1356 3446 1471 3501 nutritus
1487 3447 1583 3512 fuerat,
1599 3460 1714 3516 pompas
1735 3453 1762 3504 et
1775 3446 1838 3503 ille-

182 3527 259 3596 riosi,
291 3528 320 3582 in
346 3537 459 3586 vacante
486 3529 603 3586 ecclesia
641 3529 807 3602 [ltorinensi]
836 3530 986 3586 dioeceseos
1036 3535 1133 3590 cebras
1147 3535 1239 3590 saculi
1254 3535 1335 3604 coepit
1354 3534 1441 3604 sequi,
1458 3542 1484 3589 et
1498 3534 1705 3601 familiaritates,
1722 3549 1838 3607 accon·

180 3625 286 3672 nostrae
300 3616 389 3674 locum
403 3616 583 3683 sacrificandi,
596 3626 623 3673 et
637 3619 792 3690 episcopale
807 3619 986 3674 ministerium
1036 3623 1161 3679 tubernia
1185 3622 1354 3678 saecularium
1373 3622 1521 3689 delectari;
1536 3623 1571 3676 de
1586 3622 1703 3695 negotiis
1718 3622 1835 3679 saecula·

177 3705 336 3778 peragendi
354 3707 479 3762 concessi
494 3726 503 3762 :
517 3714 543 3761 et
568 3707 716 3762 secundum
738 3707 915 3763 Sardicenses
938 3723 987 3763 ca·
1037 3712 1112 3766 ribus
1136 3710 1374 3766 sermocinationes
1398 3708 1589 3781 frequentare,
1614 3710 1790 3780 cupiditatem
1811 3717 1839 3766 et

177 3808 272 3849 nones
287 3793 363 3865 (ccc.
380 3798 406 3860 3,
422 3799 465 3862 ta,
481 3795 528 3867 21)
552 3795 717 3851 immorandi
740 3795 877 3851 licentiam
899 3797 962 3852 dedi
979 3816 985 3852 :
1037 3799 1187 3860 avaritiam,
1204 3815 1260 3853 non
1273 3798 1361 3854 solum
1376 3798 1507 3869 pecunia,
1524 3798 1573 3854 scd
1586 3806 1613 3852 et
1627 3798 1785 3865 altitudinis,
1802 3813 1837 3855 ac

178 3891 208 3939 ct
223 3881 261 3936 de
276 3881 360 3938 rebus
375 3898 408 3939 ac
423 3882 594 3939 facultatibus
618 3885 741 3953 ejusdem
756 3885 890 3953 ccclesiae,
907 3886 988 3958 larga
1037 3888 1123 3959 turpis
1138 3887 1205 3943 lucri
1221 3887 1403 3942 emolumenta
1426 3886 1543 3954 sectari,
1558 3902 1645 3952 meas,
1662 3893 1689 3941 ct
1704 3901 1838 3958 quorum-

179 3970 379 4028 benevolentia
391 3972 585 4028 humanitatem
599 3973 721 4028 exhiberi
742 3975 861 4045 praecepi
877 3992 883 4029 :
900 3991 987 4046 usque
1038 3992 1145 4047 cunque
1179 3976 1364 4047 correptiones
1401 3983 1580 4046 aspernanter
1609 3983 1635 4030 et
1663 3975 1838 4047 indignanter

176 4059 252 4116 dum
276 4067 357 4130 aptus
378 4068 406 4115 et
426 4060 592 4117 conveniens
617 4061 767 4117 sibilacus
791 4063 919 4129 eveniret,
942 4061 989 4118 ubi
1038 4065 1174 4135 accipere,
1199 4073 1225 4121 ct
1248 4065 1276 4118 in
1299 4080 1381 4119 sensu
1406 4079 1439 4120 ac
1460 4064 1592 4136 sapientia
1613 4080 1661 4119 sua
1681 4061 1839 4130 confidem

174 4147 338 4206 secundum
350 4149 563 4220 praeceptionem
577 4158 696 4205 vestram
707 4160 801 4222 posset
809 4151 986 4207 incardinari.
1038 4153 1108 4209 sicut
1123 4152 1209 4218 multi,
1220 4153 1288 4223 proli
1303 4151 1395 4207 dolori
1407 4152 1435 4205 in
1450 4152 1551 4207 nostris
1566 4151 1726 4222 regionibus
1739 4151 1837 4208 sciunt.

171 4238 211 4293 ln
228 4253 284 4309 qua
299 4245 412 4294 vacante
426 4237 541 4294 ecclesia
555 4238 708 4294 dioeceseos
722 4247 824 4296 nostrae
839 4240 989 4296 secundum
1038 4242 1073 4295 Et
1087 4248 1114 4294 ut
1141 4240 1196 4295 alia
1215 4241 1333 4310 plurima
1350 4239 1503 4310 specialiter
1527 4247 1683 4309 computare
1703 4239 1837 4310 omittam,

170 4325 353 4397 apostolicas
377 4325 479 4381 litteras
497 4335 611 4396 vestras,
637 4326 800 4383 incardinari
816 4343 871 4382 non
885 4328 988 4398 potuit;
1039 4345 1100 4400 quae
1120 4344 1171 4399 per
1193 4328 1285 4398 plures
1307 4342 1392 4381 annos
1414 4327 1442 4379 in
1463 4326 1570 4394 timore,
1587 4333 1614 4380 et
1627 4325 1717 4381 cordis
1730 4325 1837 4393 dolore,

167 4413 249 4486 quia
264 4429 311 4468 res
328 4413 459 4470 Ecclesia
480 4415 671 4470 Namnetensis
686 4430 703 4469 a
718 4414 833 4486 paganis
855 4416 983 4482 residuae,
1000 4411 1069 4472 Dde
1083 4415 1156 4470 illius
1170 4414 1291 4469 moribus
1302 4422 1327 4469 et
1340 4413 1562 4484 improbabilibus
1581 4413 1695 4479 actibus,
1713 4419 1740 4467 et
1755 4412 1837 4471 etiam

164 4499 270 4574 longe
285 4500 321 4555 ab
335 4501 460 4558 Ecclesia
480 4502 626 4558 Morinensi
650 4503 816 4558 ltlremorum
839 4503 987 4573 provinciae
1036 4506 1153 4559 humana
1181 4503 1344 4558 verecundia
1371 4503 1406 4557 de
1433 4499 1585 4557 insolentiis
1614 4502 1672 4570 ejus
1697 4500 1835 4556 sustinui:

167 4590 298 4655 (distant,
314 4596 341 4646 et
353 4589 382 4644 in
396 4589 501 4645 duabus
515 4591 664 4662 provinciis
673 4592 836 4664 regulariter
852 4591 988 4647 conscribi
1038 4592 1187 4663 saepissime
1208 4591 1284 4645 illum
1306 4598 1332 4646 et
1354 4590 1455 4655 verbis,
1479 4597 1506 4644 ct
1530 4588 1648 4660 scriptis,
1669 4587 1838 4643 familiariter

159 4690 241 4733 mon
255 4682 371 4748 poterat.
395 4678 475 4734 Nunc
498 4686 588 4735 autem
611 4679 674 4751 quia
687 4679 777 4736 clerus
793 4688 819 4734 et
833 4679 911 4750 plebs
926 4695 987 4735 me·
1038 4688 1065 4736 et
1078 4696 1128 4751 per
1141 4696 1194 4750 me,
1212 4687 1237 4734 et
1252 4695 1302 4750 per
1317 4694 1475 4735 communes
1486 4677 1635 4732 familiares
1650 4682 1762 4732 nostros
1772 4688 1836 4731 cor·

157 4763 300 4836 trapetis
327 4763 460 4821 Ecclesiae
487 4766 662 4836 Turonensis,
692 4768 721 4822 in
749 4767 844 4823 eadem
872 4767 988 4830 ecclesia
1038 4768 1151 4840 ripiens,
1168 4776 1195 4822 et
1215 4768 1249 4822 ad
1272 4766 1498 4840 recognitionem,
1515 4765 1557 4821 vei
1572 4764 1771 4820 correctionem
1784 4763 1837 4819 ad-

153 4848 366 4925 baptizatum,
382 4860 501 4923 tonsum,
527 4863 553 4910 et
576 4856 717 4923 nutritum,
743 4872 776 4912 ac
790 4872 841 4928 per
865 4855 988 4927 singulos
1038 4857 1138 4913 ducere
1160 4871 1216 4911 non
1239 4856 1351 4921 valens;
1367 4855 1401 4910 de
1425 4855 1467 4909 his
1490 4867 1579 4924 pauca
1603 4851 1836 4921 commemorabo,

145 4941 290 5014 gradus
300 4940 335 4996 ad
350 4940 475 4997 ordinem
489 4943 662 5016 episcopatus
671 4952 840 5015 proveetum,
857 4944 909 4999 sibi
924 4960 986 5001 cum
1037 4961 1099 5017 quae
1121 4952 1182 4999 ante
1202 4944 1409 5015 quadriennium
1427 4943 1455 4996 in
1470 4941 1548 5012 pejus
1574 4941 1731 5011 proficiens,
1747 4948 1775 4996 et
1788 4955 1839 4996 ex·

146 5024 352 5087 incardinari
372 5030 503 5103 deposcit,
530 5049 612 5105 quern
634 5040 725 5089 vestra
746 5034 893 5104 paternitas
906 5033 986 5090 nobis
1037 5048 1174 5097 crescens,
1191 5047 1253 5087 curn
1266 5031 1363 5088 uirtute
1379 5031 1503 5085 laborare
1518 5030 1608 5100 coepit,
1625 5037 1655 5085 nt
1668 5028 1790 5085 caderet.

146 5111 423 5189 incardinandum,
453 5120 534 5176 etiam
558 5121 582 5176 si
605 5120 682 5177 locus
706 5122 827 5185 eveniret
842 5122 870 5178 in
883 5121 984 5178 nostris
1073 5121 1159 5192 Coepit
1175 5120 1247 5175 enirn
1267 5119 1381 5174 clericos
1397 5128 1423 5174 et
1438 5119 1532 5184 laicos,
1549 5118 1596 5190 qui
1611 5134 1672 5172 eum
1687 5116 1837 5189 elegerant,

149 5204 346 5278 regionibus
372 5207 401 5262 in
427 5208 579 5280 metropoli,
605 5210 814 5277 commendavit,
835 5209 986 5265 auctoritati
1036 5225 1086 5280 per
1108 5208 1198 5264 varias
1219 5207 1378 5264 occasiones
1401 5207 1541 5280 affligere;
1558 5214 1584 5261 et
1598 5206 1634 5260 ab
1648 5204 1696 5272 eis,
1714 5205 1839 5277 qualia-

143 5299 282 5351 Vestrae
307 5293 469 5351 remittimus
486 5313 493 5351 :
510 5304 645 5368 quatenus
666 5297 744 5352 illum
759 5297 786 5353 in
799 5296 911 5370 praefata
925 5314 985 5353 me·
1036 5297 1147 5363 bebant,
1163 5297 1207 5352 vel
1220 5296 1362 5367 acquirere
1379 5304 1514 5368 poterant,
1530 5310 1581 5367 per
1596 5293 1705 5350 diversa
1728 5293 1838 5367 ingenia

296 2148 467 2206 EPISTOLA
486 2150 657 2207 HlNCllARl
676 2148 877 2207 RHEllENSlS

427 2305 463 2345 AD
483 2304 630 2346 melanuri
648 2303 749 2346 ΡΑΡΛΙ.

395 2431 476 2488 tapnd
491 2431 618 2478 labbeum
629 2432 673 2478 nbi
688 2433 782 2488 snpra.)

216 5449 231 5477 ⁸
242 5446 347 5499 Genium
359 5446 426 5511 pallii
437 5449 534 5501 rocam
544 5448 676 5513 oceanus
694 5449 752 5518 (rte.
764 5464 799 5514 n,
812 5450 884 5513 epist.
900 5448 957 5514 tat)
969 5450 1039 5503 dotes
1050 5451 1104 5513 ctus
1116 5450 1141 5502 et
1152 5447 1351 5511 sienitmticnes.
