3794 6104
195 220 247 275 559
597 228 601 237 “
640 215 811 273 mentm
838 211 1038 271 nnbubusls
1056 212 1330 271 ARCHIEPISCOPI.
1787 217 1836 270 560

198 341 347 398 manicare
383 339 510 412 qnotidie
540 343 787 397 excommunicato
809 355 868 396 non
894 355 993 396 comu-
1007 336 1205 409 Aproejudt'cio
1220 342 1345 396 servaret
1358 337 1529 394 mundatum
1539 336 1565 407 (l
1575 337 1643 393 Tim.
1655 336 1696 408 v).
1712 338 1747 392 Et
1757 337 1838 403 selas,
1888 390 1891 406 ,

195 430 410 486 ntonmrttsuus
426 430 579 501 episcopus,
591 428 990 500 eidemepiscopocboiiisnon
1039 426 1191 481 certissime
1217 427 1345 497 quoniam
1360 426 1383 480 si
1402 441 1482 482 secus
1501 425 1601 498 egeris,
1624 426 1684 480 Deo
1704 433 1840 481 aunuente
1873 455 1891 489 ε

194 517 620 588 commutttceturepiscopis,nt
633 518 832 587 magiscoueot
847 517 989 586 episcopus
1040 520 1066 567 et
1089 513 1142 568 vita
1166 515 1275 578 comite,
1297 522 1452 584 opportuno
1474 522 1596 584 tempore
1625 513 1677 569 boc
1700 528 1756 567 non
1781 514 1840 569 sine
1871 540 1891 578 ε

192 619 229 659 ne
244 605 321 660 dicot
334 606 366 660 in
381 620 548 676 quemquam
568 603 638 676 quod
652 604 718 659 aliis
733 603 908 660 documentis
919 617 988 656 oon·
1039 600 1157 671 regulari
1171 602 1342 657 discussione
1362 601 1503 667 dimittam,
1519 616 1575 657 non
1588 600 1653 666 mei,
1669 601 1744 672 qnod
1759 600 1840 669 absit,
1866 651 1891 678 ,

191 692 304 748 vincere
323 707 381 747 uon
399 694 500 762 potest.
827 754 831 762 ,
1038 702 1131 755 causa,
1155 689 1204 743 sed
1226 704 1363 745 sacrarum
1383 689 1535 761 regularum
1559 696 1728 759 contemptu.
1748 689 1790 744 De
1808 705 1841 745 eo
1859 715 1891 756 q

226 779 291 834 llaec
306 778 467 834 documenta
482 795 542 849 quas
556 778 603 833 tibi
619 785 645 834 et
659 777 744 848 prins,
761 785 787 833 et
801 793 873 832 nuuc
898 775 987 831 scribo
1038 776 1110 847 quod
1121 777 1149 830 in
1158 777 1254 831 eodem
1263 784 1308 832 tuo
1314 775 1418 831 insulso
1429 777 1529 847 scripto
1535 775 1689 846 apposuisti
1703 776 1791 830 :item
1801 792 1891 832 ca·-

191 865 306 937 qualiter
329 865 412 922 didici
434 874 461 920 et
483 865 659 937 praecedenti,
684 874 709 920 et
733 866 783 920 bac
813 862 988 935 subsequenti
1038 878 1092 918 non
1106 863 1192 918 dicit:
1211 865 1263 932 Qui
1285 881 1376 920 enum
1397 864 1506 920 crimen
1522 864 1637 933 probare
1652 881 1713 921 non
1734 867 1891 934 poterit:

190 953 307 1009 lectione
320 961 398 1023 potes
423 968 601 1026 cognoscere,
626 952 660 1007 ad
676 968 737 1023 quae
750 950 943 1016 confirmanda,
960 958 987 1005 et
1037 950 1073 1005 od
1087 951 1145 1006 olio
1160 951 1274 1006 admitti
1287 967 1346 1006 non
1357 951 1445 1017 debet,
1462 949 1509 1005 tibi
1523 951 1655 1017 rescribo,
1667 951 1769 1007 Nescis
1778 951 1891 1022 quid}

189 1040 224 1095 ad
238 1048 265 1095 te
285 1040 501 1096 convincendum
523 1039 613 1095 nullos
639 1047 721 1094 testes
741 1039 897 1109 producam,
924 1037 987 1109 quia
1036 1037 1105 1093 dicis
1118 1036 1232 1107 ;plenus
1251 1039 1439 1110 indignatione
1455 1046 1481 1092 et
1495 1038 1668 1094 contumacia
1691 1054 1750 1094 non
1762 1046 1891 1109 poteQ

186 1144 242 1184 uon
265 1128 361 1198 debeo,
387 1129 494 1184 nee‘de
509 1129 560 1183 hac
579 1143 610 1182 re
632 1133 764 1182 secretam
786 1125 985 1181 confessionem
1035 1125 1120 1179 oculis
1139 1125 1237 1179 mentis
1256 1126 1349 1181 videre
1369 1126 1442 1197 quod
1463 1126 1554 1181 verbis
1578 1126 1682 1181 debeas
1700 1142 1872 1199 promere*

186 1223 271 1282 tuam,
289 1232 371 1288 quam
386 1231 441 1270 non
454 1215 568 1286 accepit,
594 1229 720 1284 promere
735 1213 807 1282 volo,
833 1228 894 1268 cum
909 1213 985 1268 Seri·
1036 1211 1079 1267 uel
1108 1212 1180 1283 quod
1208 1211 1310 1267 debeas
1339 1213 1455 1269 reticere
1473 1232 1481 1279 ;
1498 1213 1520 1268 si
1543 1213 1702 1285 sequereris
1731 1214 1891 1286 beatmq

186 1311 266 1376 ptura
281 1304 352 1359 dicat
366 1303 391 1358 ei
403 1321 409 1357 :
425 1304 477 1371 Qui
486 1303 593 1358 revelat
606 1317 723 1366 arcano,
733 1305 761 1356 et
771 1301 898 1356 ambulat
908 1303 985 1371 froo-
1035 1299 1131 1360 David,
1147 1300 1292 1355 Dominum
1307 1299 1495 1371 deprecareris
1506 1308 1535 1356 ut
1545 1304 1665 1371 poneret
1678 1302 1891 1373 custodia&

188 1387 982 1458 dolenter,etdt'lototlobiosua,necommisoeon's(i’rou.
1001 1406 1004 1412 ’
1034 1389 1079 1442 ori
1092 1391 1149 1452 tuo,
1166 1391 1195 1442 et
1208 1390 1313 1443 ostium
1337 1390 1563 1444 circumstantiae
1574 1389 1656 1445 lobiis
1673 1391 1735 1445 tuis
1750 1391 1830 1460 (Psoi
1842 1438 1863 1447 ,
1874 1448 1891 1464 ,

186 1479 249 1548 xx).
265 1478 345 1546 Quod
358 1477 396 1533 ita
411 1484 549 1547 exponunt
563 1476 688 1532 doctores
701 1476 842 1531 catholici:
853 1476 895 1531 Ne
909 1491 984 1530 com·
1033 1476 1168 1545 xxxviii).
1185 1475 1277 1530 Canon
1291 1474 1374 1530 dicit:
1387 1474 1608 1547 Quotiescunque
1627 1475 1741 1533 clericis
1756 1477 1887 1550 multq

185 1565 327 1620 miscearis
352 1566 410 1634 ejus
434 1564 560 1619 amicitiis
584 1565 629 1635 qui
656 1563 752 1634 prioris
776 1563 855 1618 amici
878 1570 984 1617 secreta
1033 1561 1148 1617 crimina
1170 1562 1205 1616 ab
1227 1563 1429 1619 accusatoribus
1454 1563 1624 1632 objiciuntur,
1650 1571 1678 1618 et
1699 1581 1789 1620 unum
1807 1581 1870 1634 ex

185 1652 311 1718 denudat,
330 1653 378 1707 sed
399 1653 470 1707 hunc
488 1650 560 1707 velut
578 1649 712 1721 perfidum
731 1665 807 1706 cave.
829 1648 1017 1735 OstendereB
1033 1648 1099 1719 ipsis
1113 1650 1147 1704 de
1162 1665 1216 1721 quo
1235 1651 1312 1721 prius
1336 1651 1422 1724 egerit
1446 1652 1565 1722 probare
1580 1666 1635 1707 non
1655 1652 1786 1721 valuerit,
1805 1663 1854 1716 ad

184 1747 314 1795 autemst
336 1755 448 1795 monere
463 1747 489 1793 te
512 1738 609 1807 debeo,
634 1745 662 1792 ut
682 1738 831 1793 seeundum
852 1736 930 1810 leges
955 1744 982 1791 et
1032 1737 1199 1806 caeterajam
1221 1753 1276 1792 non
1293 1738 1468 1805 admittatur;
1485 1739 1529 1794 dic
1548 1739 1609 1811 quis
1624 1748 1668 1794 est
1689 1740 1738 1795 ille
1758 1757 1844 1800 aecu-

182 1828 295 1901 regulas
309 1827 371 1883 inde
382 1827 455 1899 quod
462 1828 564 1896 justum
574 1833 616 1880 est
631 1826 800 1897 exsequaris.
817 1827 856 1880 De
867 1841 900 1879 eo
915 1840 981 1880 vero
1031 1830 1123 1890 sator;
1139 1824 1183 1880 die
1202 1825 1274 1895 apud
1297 1842 1379 1897 quem
1400 1833 1426 1881 te
1452 1834 1592 1882 aecusator
1608 1836 1742 1895 accusat;
1755 1827 1832 1886 dien

184 1915 256 1986 quod
277 1930 363 1987 negas
381 1931 431 1985 per
454 1913 552 1968 multas
576 1913 707 1985 ambages
726 1928 781 1967 non
806 1912 979 1977 verisimiles,
1031 1926 1084 1981 quo
1099 1911 1219 1982 regulari
1235 1910 1338 1982 jndicio
1353 1921 1379 1968 te
1400 1921 1528 1980 accusat;
1546 1913 1590 1969 dic
1605 1913 1640 1970 de
1663 1915 1766 1986 quibus
1780 1917 1826 1972 cri-

182 2002 279 2073 quibus
291 2001 357 2055 mihi
367 2008 394 2056 et
408 2000 521 2072 longum
531 2008 557 2055 et
567 2000 659 2055 inutile
674 1999 841 2070 respondere
860 1999 978 2064 videtur,
1028 1997 1146 2053 minibus
1168 2007 1194 2054 te
1215 2008 1358 2055 accusator
1380 2008 1509 2067 accusat;
1525 2002 1569 2057 dic
1583 2001 1618 2057 de
1643 2019 1699 2074 quo
1722 2003 1825 2061 erimine

181 2097 207 2144 te
221 2104 276 2144 non
291 2088 474 2159 consensisse,
490 2096 520 2142 ut
534 2088 592 2158 ipse
608 2087 722 2143 clericus
736 2087 860 2142 eamdem
875 2093 980 2142 teneret
1028 2094 1174 2155 accusator
1189 2087 1254 2158 egit,
1271 2089 1345 2158 quod
1364 2089 1483 2158 probare
1497 2104 1552 2144 non
1567 2088 1664 2158 valuit,
1680 2098 1711 2144 ut
1726 2092 1764 2147 ad
1777 2107 1822 2149 ce·

182 2176 328 2233 ecelesiam
342 2177 365 2231 si
378 2176 407 2230 in
422 2175 592 2232 contumacia
611 2182 638 2229 et
650 2175 793 2245 negatione
818 2181 864 2228 tua
881 2189 978 2244 perse·
1028 2178 1088 2226 tera
1109 2173 1166 2241 jam
1190 2189 1245 2229 non
1264 2175 1445 2230 admittatur:
1466 2176 1686 2250 quotiescunque
1709 2179 1784 2234 enim
1802 2189 1823 2236 te

180 2279 277 2320 verare
306 2262 471 2332 decreveris,
507 2262 610 2317 babeas
638 2261 713 2316 illum
741 2260 912 2316 conscientie
949 2268 977 2316 et
1027 2262 1236 2331 metropolitana
1257 2263 1418 2319 auctoritate
1443 2280 1588 2331 monuero,
1604 2266 1650 2322 cui
1670 2282 1825 2336 perstaret

180 2349 335 2422 negationis
350 2357 403 2405 tuas
414 2348 544 2418 judicem,
561 2364 642 2420 quem
656 2348 769 2403 habebis
785 2355 812 2404 et
826 2356 932 2403 testem.
943 2347 977 2402 Et
1026 2361 1147 2404 canones
1171 2349 1317 2406 commissa
1333 2359 1375 2406 est
1398 2350 1555 2408 sollicitudo
1579 2352 1661 2408 totius
1683 2353 1825 2424 provintia

181 2437 309 2509 quoniam
330 2435 396 2490 milri
419 2436 552 2506 scripsisti
573 2435 646 2507 quod
674 2435 738 2491 inde
762 2451 871 2491 causam
895 2451 975 2507 quam
1025 2432 1060 2489 de
1074 2435 1117 2489 bis
1127 2452 1178 2506 pro
1193 2437 1292 2509 quibus
1308 2437 1396 2493 adme
1412 2438 1502 2494 detua
1516 2440 1648 2510 parochia
1658 2440 1706 2513 qui
1722 2443 1826 2514 negotia

176 2524 268 2582 nescis
282 2524 449 2597 inuestigare
462 2531 488 2578 et
503 2522 567 2577 mihi
587 2523 749 2578 remandare
763 2521 875 2588 debeas,
893 2522 976 2578 timeo
1023 2521 1150 2577 uidentur
1164 2524 1266 2579 habere
1280 2534 1455 2593 concurrunt,
1476 2543 1586 2598 semper
1604 2536 1753 2585 accusator
1767 2537 1823 2585 tuus

176 2624 228 2683 pru
243 2618 269 2668 te
283 2627 318 2667 ne
332 2612 401 2668 sicut
416 2612 473 2680 jam
495 2610 584 2667 iecisti
602 2619 631 2666 ut
649 2611 735 2666 victor
754 2610 781 2664 in
802 2609 974 2665 contentione
1024 2607 1148 2664 existam.
1174 2611 1209 2665 lit
1231 2626 1294 2667 cum
1315 2611 1425 2685 longius
1449 2628 1465 2670 a
1489 2620 1517 2669 te
1546 2623 1692 2685 separatus
1712 2632 1824 2689 corpore

178 2698 310 2756 uidereris
332 2700 442 2770 quando
463 2706 558 2755 contra
577 2713 683 2754 sacram
703 2698 890 2753 auctoritatem
913 2697 974 2752 cui·
1023 2694 1111 2767 luero,
1124 2706 1150 2753 et
1160 2698 1252 2754 verbis
1262 2700 1306 2756 vel
1317 2700 1414 2756 litteris
1422 2708 1448 2756 te
1457 2716 1600 2774 monuero,
1612 2713 1826 2774 proaccusatore

176 2786 239 2842 dam
264 2787 374 2842 decreto
403 2786 567 2856 pernicioso,
593 2794 622 2840 ut
646 2786 753 2855 dicitur,
779 2785 972 2854 subscripsisti,
1023 2789 1070 2838 tuo
1082 2785 1116 2840 de
1124 2785 1434 2856 criminibusinjudicio
1442 2789 1566 2862 regulari
1578 2791 1706 2847 tenebor.
1718 2792 1827 2864 Regula

176 2880 203 2928 et
217 2873 331 2930 elericos
346 2887 379 2928 ac
392 2873 569 2943 presbyteros
581 2873 718 2943 parochiae
733 2881 786 2927 tuae
801 2872 973 2927 subscribere
1023 2885 1142 2943 namque
1165 2874 1259 2930 dieunt
1282 2875 1354 2946 apud
1377 2892 1457 2947 quem
1471 2883 1497 2932 et
1517 2877 1633 2949 qualiter
1654 2880 1826 2936 accusandus

175 2958 271 3026 iecisti,
295 2960 374 3014 tede
396 2973 479 3016 causa
500 2960 579 3028 huJus
603 2957 726 3014 eeclesiae
744 2959 772 3013 in
790 2959 881 3030 aliquo
903 2975 972 3014 nau·
1023 2959 1168 3031 episcopus
1186 2961 1285 3018 debeat
1308 2964 1443 3031 accusari,
1460 2971 1487 3020 et
1509 2964 1568 3034 ubi,
1584 2972 1612 3021 et
1631 2966 1761 3039 qualiter,
1785 2967 1826 3025 sel

174 3044 277 3118 frages,
293 3053 320 3102 et
329 3045 396 3101 alios
412 3052 499 3101 tecum
512 3045 698 3117 irregulariter
713 3046 845 3118 colligans
856 3054 884 3102 ut
899 3046 974 3102 evin·
1023 3047 1154 3119 aquibus
1168 3048 1267 3105 debeat
1287 3050 1420 3119 jndicem
1437 3058 1464 3107 et
1484 3052 1591 3123 quoties
1604 3053 1660 3108 ,tibi
1679 3056 1825 3112 ostendero
1843 3075 1846 3081 ’

173 3145 231 3200 eas,
247 3133 276 3187 in
288 3132 459 3205 naufragium
477 3133 570 3189 ducas.
595 3133 672 3190 Unde
686 3132 808 3189 obtestor
822 3143 849 3188 et
873 3149 972 3190 moneo
1021 3148 1071 3206 per
1083 3144 1239 3191 sanctarum
1264 3137 1465 3209 scripturarum
1481 3140 1629 3208 tramitem,
1646 3148 1673 3197 et
1689 3157 1825 3200 sacrarum

174 3227 201 3277 te
223 3237 273 3292 per
298 3228 419 3277 sanctam
442 3228 470 3276 et
490 3220 702 3291 inseparabilem
726 3221 806 3276 unius
826 3221 972 3278 divinitatis
1021 3221 1179 3294 regularum
1189 3225 1377 3282 auctoritatem
1386 3226 1414 3280 in
1423 3227 1521 3299 quibus
1530 3228 1650 3297 excedis,
1658 3225 1825 3302 'sempertea

172 3308 340 3375 Trinitatem,
360 3317 387 3364 et
412 3324 463 3378 per
486 3308 623 3364 Christum
644 3309 738 3364 lesum
761 3309 972 3380 Redemptorem
1020 3325 1064 3364 me
1083 3310 1281 3384 irregulariter,
1313 3312 1416 3369 scilicet
1438 3313 1542 3387 absque
1560 3315 1684 3389 regulari
1700 3317 1824 3376 videlieet

172 3404 307 3463 uestrum,
319 3403 405 3467 etper
416 3396 533 3468 gratiam
548 3396 664 3467 Spiritus
679 3396 775 3463 sancti,
792 3397 838 3468 qui
854 3397 971 3452 maxime
1020 3397 1146 3466 synodali
1152 3399 1266 3468 judicio,
1276 3399 1822 3469 judicatumeausaberisxllominusenim

171 3481 431 3540 inordinationibus
449 3489 588 3554 operatur,
610 3499 691 3554 quem
705 3499 756 3554 per
770 3483 971 3554 impositionem
1019 3482 1621 3561 dicitinlivangelioztudistisqoiodictum
1631 3495 1818 3567 estantiquis,

172 3585 300 3626 monrium
315 3586 436 3626 mearum
461 3570 612 3642 accepisti;
628 3578 655 3625 et
668 3586 717 3641 per
728 3570 843 3642 gloriam
868 3579 970 3628 sanctae
1019 3571 1081 3628 Non
1097 3572 1204 3630 occides
1212 3593 1223 3641 ;
1232 3577 1383 3646 potantem
1400 3577 1607 3636 occideritreus
1622 3580 1680 3636 erit
1687 3581 1820 3652 judicio:

171 3657 223 3714 Dei
251 3657 390 3731 genitricis
408 3665 435 3713 et
455 3673 564 3729 semper
592 3657 704 3727 virginis
729 3658 830 3726 liariae,
864 3674 897 3714 ac
921 3675 970 3729 per
1019 3662 1242 3730 egooutemdt'oo
1257 3662 1570 3736 oobbqotnomntsooi
1589 3668 1820 3741 irascitursrotn'

169 3745 270 3807 electos
294 3745 345 3802 Dei
369 3744 492 3816 angelos,
514 3752 541 3800 et
560 3760 609 3814 per
628 3744 700 3799 beati
725 3744 841 3817 Remigii
862 3745 967 3812 merita,
1018 3760 1067 3802 suo
1078 3749 1245 3818 sinecoosa,
1257 3766 1323 3806 roos
1334 3752 1504 3824 eritjudiet'o
1515 3754 1625 3823 (llottb.
1637 3755 1679 3827 u),
1695 3764 1748 3813 etc.

169 3839 198 3888 et
211 3832 449 3902 metropolitanam
467 3831 651 3886 auctoritatem
667 3832 757 3886 eidem
769 3832 968 3902 predecessori
1052 3833 1087 3888 Et
1110 3834 1182 3890 sacri
1206 3851 1325 3892 canones
1351 3854 1541 3910 sepenumero
1566 3839 1663 3898 dicunt
1686 3842 1816 3916 :Siquis

170 3933 242 3986 meo,
259 3925 286 3972 et
300 3918 328 3971 in
342 3918 401 3985 ejus
417 3917 588 3974 successione
608 3918 735 3972 divinitus
749 3918 816 3973 mihi
830 3919 965 3988 collatam,
1015 3927 1116 3990 prater
1140 3922 1198 3978 hac
1219 3921 1330 3992 iecerit,
1364 3926 1444 3996 quasi
1471 3934 1567 3983 contra
1595 3944 1728 4001 magnum
1752 3945 1815 3988 eon·

167 4011 197 4060 ut
213 4012 309 4060 contra
322 4003 400 4077 leges
414 4019 483 4075 quas
497 4004 631 4061 catholica
645 4013 672 4060 et
683 4006 834 4076 apostolica
846 4006 967 4064 Ecclesia
1015 4005 1108 4062 cilium
1122 4025 1152 4064 se
1167 4009 1294 4077 efferens,
1325 4011 1384 4083 ipse
1399 4013 1434 4068 de
1458 4014 1604 4071 clericatus
1623 4017 1728 4075 honore
1742 4019 1815 4091 peri·

167 4105 203 4149 ex
230 4091 340 4164 antiquo
370 4093 521 4148 servandas
549 4092 677 4164 suscepit,
700 4102 850 4165 contraque
875 4110 966 4151 sacros
1017 4094 1166 4150 clitabitur.
1181 4098 1217 4151 Et
1231 4098 1342 4154 decreta
1363 4108 1464 4157 sanctae
1477 4102 1550 4157 sedis
1565 4103 1698 4162 Romauae
1711 4103 1814 4177 pontili-

167 4186 324 4236 sanctorum
355 4178 534 4235 conciliorum
561 4195 681 4236 canones
709 4189 736 4236 et
759 4182 870 4237 decreto
893 4183 966 4237 sedis
1014 4195 1078 4238 eum
1094 4182 1147 4238 boc
1160 4200 1242 4239 sensu
1257 4185 1370 4242 mount:
1391 4188 1420 4242 Si
1435 4188 1496 4259 quis
1510 4188 1627 4246 fratrum
1642 4200 1739 4249 contra
1760 4195 1813 4249 bac

166 4268 295 4326 Romana
306 4266 462 4339 pontificum
478 4268 512 4323 de
526 4268 610 4323 sacris
624 4268 773 4335 ordinibus,
789 4277 815 4325 et
829 4285 964 4326 canonum
1015 4269 1160 4324 constituta
1174 4272 1266 4328 venire
1282 4274 1435 4341 tentaverit,
1460 4283 1484 4331 ei
1500 4277 1640 4348 prohibita
1663 4277 1744 4336 luerit
1765 4297 1812 4336 au·

164 4355 337 4428 promulgata
365 4355 515 4426 disciplinis
543 4355 578 4411 de
606 4371 689 4412 causa
720 4357 851 4413 Ecclesiae
879 4353 1064 4428 ipsiustus
1080 4356 1233 4425 admittere,
1255 4375 1337 4416 asuo
1364 4377 1394 4416 se
1416 4363 1521 4420 noterit
1541 4363 1631 4422 officio
1648 4366 1811 4426 submoven·
1863 4400 1890 4407 -

165 4457 221 4498 nou
248 4442 348 4513 iacias,
377 4442 425 4498 sed
454 4443 512 4499 sine
541 4442 597 4499 ullo
628 4444 805 4514 praejudicio,
835 4453 964 4517 quantum
1013 4443 1087 4498 dum.
1112 4445 1147 4500 Et
1166 4452 1195 4501 ut
1222 4446 1269 4502 tibi
1292 4449 1454 4505 ostendatur
1482 4450 1511 4506 in
1526 4451 1626 4523 quibus
1639 4463 1735 4511 eontra
1754 4457 1810 4513 beet
1832 4491 1888 4504 -

165 4539 241 4595 Deus
265 4539 313 4594 tibi
340 4539 412 4595 seire
441 4545 467 4594 et
491 4554 573 4609 posse
603 4538 717 4606 dederit,
745 4541 817 4613 quod
838 4542 910 4611 juste
937 4550 965 4596 et
1012 4530 1083 4604 ΨΒ»
1102 4533 1236 4589 sustinere
1252 4550 1307 4591 11011
1321 4544 1410 4606 potes,
1429 4537 1478 4593 sed
1494 4555 1605 4611 semper
1616 4548 1644 4597 te
1652 4541 1886 4616 irregulari—-

164 4626 362 4682 rationabiliter
389 4625 504 4699 videris,
519 4627 687 4697 exsequaris,
713 4635 739 4682 et
762 4643 817 4683 nou
838 4628 963 4702 negligas
1012 4618 1365 4692 10rj¹1di0³l¹¹mq1¹0lerisss
1382 4632 1409 4680 θῑ
1421 4625 1530 4683 llbOraS
1547 4630 1699 4700 quaerendo
1713 4631 1888 4687 noduli-

163 4721 208 4779 vel
234 4722 414 4792 parvipendas
444 4736 512 4792 rogo
544 4722 614 4778 banc
647 4723 855 4778 obtestationem
879 4724 962 4793 justi·
995 4704 1039 4760 4¹¹
1061 4706 1159 4803 Sillim»
1182 4717 1222 4806 'eui
1238 4709 1310 4765 unde
1331 4717 1406 4766 luam
1428 4713 1588 4784 silentiam
1606 4716 1725 4788 t'flcffllb
1749 4718 1887 4776 ΜΞ

165 4815 203 4903 tia
231 4823 257 4870 et
280 4817 383 4872 ratione
412 4825 493 4889 atque
521 4817 676 4873 auctoritate
700 4817 820 4888 plenam,
849 4818 913 4889 quia
938 4818 962 4872 si
1010 4806 1100 4894 maim
1116 4795 1255 4936 {Quam
1273 4801 1580 4904 m⁰nstfast⁰u¹¹¹⁸di⁰³t
1595 4805 1744 4876 AP⁰⁵¹⁰¹⁰⁸
1759 4823 1766 4862 ³
1782 4800 1889 4865 Sd

1010 4886 1888 5046 „liet

94 5035 98 5044 ’
163 5006 250 5065 Deum
276 5022 328 5079 W
357 5008 535 5064 h⁰m¹l¹¹⁸te¹¹¹
562 5016 592 5115 ¹¹²·
618 5016 646 5063 ω
673 5025 725 5116 pes,
759 5018 961 5081 ¹mp⁰⁵¹t¹⁰¹¹em
1009 4998 1885 5138 eateooltotsioltitiomsuom,etquit'ncrepntiotfeaadid

162 5119 292 5160 manuum
306 5119 428 5158 mearum
439 5101 518 5209 fieres
533 5103 674 5159 ordinatus
683 5120 960 5178 episeopus,possum
1008 5145 1248 5213 morl-emam·
1264 5148 1344 5217 m),
1360 5156 1402 5203 et:
1420 5151 1728 5225 Nonamtpemkm
1745 5162 1880 5214 ΜΞ

163 5207 191 5304 et
203 5201 292 5256 debeo
314 5198 413 5257 eodem
434 5198 585 5255 ministerio
600 5208 625 5255 te
640 5201 771 5256 obtestari
794 5218 844 5275 per
863 5210 960 5259 aucto·
1009 5231 1056 5302 qui
1066 5247 1095 5286 ,e
1106 5234 1235 5304 corripit,
1248 5251 1299 5291 ,m
1310 5190 1559 5308 ,immamus
1569 5241 1703 5312 yram-mr
1716 5245 1830 5314 (ΜΓ,
1844 5271 1872 5288 ,

163 5301 268 5349 ntalem
283 5303 311 5350 ut
325 5295 407 5351 iacias
421 5294 494 5366 quod
515 5293 604 5349 lacere
618 5295 699 5351 debet
720 5296 874 5368 episcopus,
891 5297 960 5357 sieut
1008 5319 1075 5387 xv„
1089 5327 1116 5373 et
1125 5336 1132 5372 :
1147 5322 1237 5376 filius
1251 5323 1364 5392 sapiens
1375 5323 1506 5381 doctrino
1517 5330 1628 5397 patris:
1646 5331 1695 5403 qui
1711 5335 1866 5401 auter!

163 5394 191 5444 et
204 5389 301 5444 Paulus
315 5391 465 5445 obtestatus
478 5397 519 5446 est
539 5390 716 5446 Timothaeum
731 5407 747 5447 a
761 5409 792 5448 se
806 5394 959 5450 ordinatum
1006 5405 1108 5462 illusor
1122 5412 1174 5475 nst,
1193 5424 1251 5465 mm
1266 5410 1348 5465 audit
1361 5427 1426 5466 cnm
1441 5414 1573 5484 arquitur
1587 5414 1681 5486 (prov,
1696 5418 1767 5490 xm)3
1780 5412 1855 5475 μί

163 5481 330 5555 episcopum,
347 5490 445 5541 utnon
457 5485 603 5542 declinans
618 5486 651 5541 tn
665 5488 881 5558 otiomportom,
897 5492 959 5547 stne
1006 5491 1091 5552 Auris
1099 5510 1159 5567 que
1169 5496 1251 5552 eadit
1261 5497 1469 5569 increpationes
1479 5503 1589 5574 olimina
1597 5503 1690 5564 medio
1697 5508 1830 5578 sopior
