<?xml version="1.0" encoding="UTF-8"?>
<!DOCTYPE html PUBLIC "-//W3C//DTD XHTML 1.0 Transitional//EN"
    "http://www.w3.org/TR/xhtml1/DTD/xhtml1-transitional.dtd">
<html xmlns="http://www.w3.org/1999/xhtml" xml:lang="en" lang="en">
 <head>
  <title>
</title>
<meta http-equiv="Content-Type" content="text/html;charset=utf-8" />
  <meta name='ocr-system' content='tesseract 3.04.00' />
  <meta name='ocr-capabilities' content='ocr_page ocr_carea ocr_par ocr_line ocrx_word'/>
</head>
<body>
  <div class='ocr_page' id='page_1' title='image "./patrologiaecurs81unkngoog/patrologiaecurs81unkngoog_0533.png"; bbox 0 0 3794 6104; ppageno 0'>
   <div class='ocr_carea' id='block_1_1' title="bbox 180 162 1828 250">
    <p class='ocr_par' dir='ltr' id='par_1_1' title="bbox 180 162 1828 250">
     <span class='ocr_line' id='line_1_1' title="bbox 180 162 1828 250; baseline -0.01 0"><span class='ocrx_word' id='word_1_1' title='bbox 180 193 250 250; x_wconf 85' lang='lat' dir='ltr'>ross</span> <span class='ocrx_word' id='word_1_2' title='bbox 692 181 897 242; x_wconf 81' lang='lat' dir='ltr'>uirrnarns</span> <span class='ocrx_word' id='word_1_3' title='bbox 920 162 1183 237; x_wconf 69' lang='lat' dir='ltr'>sarciniensis</span> <span class='ocrx_word' id='word_1_4' title='bbox 1205 176 1324 235; x_wconf 76' lang='lat' dir='ltr'>ianas.</span> <span class='ocrx_word' id='word_1_5' title='bbox 1765 178 1828 234; x_wconf 85' lang='lat' dir='ltr'>ross</span> 
     </span>
    </p>
   </div>
   <div class='ocr_carea' id='block_1_2' title="bbox 179 298 1827 652">
    <p class='ocr_par' dir='ltr' id='par_1_2' title="bbox 179 298 1827 652">
     <span class='ocr_line' id='line_1_2' title="bbox 179 298 1827 391; baseline -0.012 -16"><span class='ocrx_word' id='word_1_6' title='bbox 179 334 270 391; x_wconf 84' lang='lat' dir='ltr'>ipsum</span> <span class='ocrx_word' id='word_1_7' title='bbox 296 331 436 390; x_wconf 70' lang='lat' dir='ltr'>rogemus,</span> <span class='ocrx_word' id='word_1_8' title='bbox 464 314 608 386; x_wconf 89' lang='lat' dir='ltr'>ipsumque</span> <span class='ocrx_word' id='word_1_9' title='bbox 637 310 753 366; x_wconf 81' lang='lat' dir='ltr'>humiles</span> <span class='ocrx_word' id='word_1_10' title='bbox 784 308 975 380; x_wconf 84' lang='lat' dir='ltr'>imploremus,</span> <span class='ocrx_word' id='word_1_11' title='bbox 992 305 1089 374; x_wconf 76' lang='lat' dir='ltr'>Aejus</span> <span class='ocrx_word' id='word_1_12' title='bbox 1101 311 1312 376; x_wconf 84' lang='lat' dir='ltr'>sanctorumque</span> <span class='ocrx_word' id='word_1_13' title='bbox 1326 301 1448 358; x_wconf 90' lang='lat' dir='ltr'>omnium</span> <span class='ocrx_word' id='word_1_14' title='bbox 1469 299 1640 358; x_wconf 84' lang='lat' dir='ltr'>orationibus</span> <span class='ocrx_word' id='word_1_15' title='bbox 1655 298 1771 356; x_wconf 83' lang='lat' dir='ltr'>crimina</span> <span class='ocrx_word' id='word_1_16' title='bbox 1784 317 1827 359; x_wconf 81' lang='lat' dir='ltr'>uo</span> 
     </span>
     <span class='ocr_line' id='line_1_3' title="bbox 181 389 1827 480; baseline -0.011 -17"><span class='ocrx_word' id='word_1_17' title='bbox 181 415 316 480; x_wconf 91' lang='lat' dir='ltr'>quatenus</span> <span class='ocrx_word' id='word_1_18' title='bbox 330 405 365 461; x_wconf 89' lang='lat' dir='ltr'>ad</span> <span class='ocrx_word' id='word_1_19' title='bbox 386 420 447 460; x_wconf 91' lang='lat' dir='ltr'>eum</span> <span class='ocrx_word' id='word_1_20' title='bbox 463 404 508 475; x_wconf 92' lang='lat' dir='ltr'>qui</span> <span class='ocrx_word' id='word_1_21' title='bbox 532 419 561 457; x_wconf 92' lang='lat' dir='ltr'>se</span> <span class='ocrx_word' id='word_1_22' title='bbox 582 409 733 472; x_wconf 80' lang='lat' dir='ltr'>martyrem</span> <span class='ocrx_word' id='word_1_23' title='bbox 757 399 829 463; x_wconf 84' lang='lat' dir='ltr'>serit,</span> <span class='ocrx_word' id='word_1_24' title='bbox 855 406 937 469; x_wconf 85' lang='lat' dir='ltr'>atque</span> <span class='ocrx_word' id='word_1_25' title='bbox 951 396 979 450; x_wconf 89' lang='lat' dir='ltr'>in</span> <span class='ocrx_word' id='word_1_26' title='bbox 1030 401 1084 448; x_wconf 87' lang='lat' dir='ltr'>stra</span> <span class='ocrx_word' id='word_1_27' title='bbox 1094 393 1165 449; x_wconf 90' lang='lat' dir='ltr'>idem</span> <span class='ocrx_word' id='word_1_28' title='bbox 1182 393 1315 448; x_wconf 88' lang='lat' dir='ltr'>Dominus</span> <span class='ocrx_word' id='word_1_29' title='bbox 1329 391 1416 446; x_wconf 91' lang='lat' dir='ltr'>solvat</span> <span class='ocrx_word' id='word_1_30' title='bbox 1431 398 1542 462; x_wconf 86' lang='lat' dir='ltr'>peccata</span> <span class='ocrx_word' id='word_1_31' title='bbox 1557 405 1607 445; x_wconf 89' lang='lat' dir='ltr'>seu</span> <span class='ocrx_word' id='word_1_32' title='bbox 1621 389 1773 446; x_wconf 83' lang='lat' dir='ltr'>commissa</span> <span class='ocrx_word' id='word_1_33' title='bbox 1787 406 1827 446; x_wconf 87' lang='lat' dir='ltr'>re·</span> 
     </span>
     <span class='ocr_line' id='line_1_4' title="bbox 180 476 1826 564; baseline -0.013 -10"><span class='ocrx_word' id='word_1_34' title='bbox 180 495 337 554; x_wconf 86' lang='lat' dir='ltr'>coelestibus</span> <span class='ocrx_word' id='word_1_35' title='bbox 364 492 483 564; x_wconf 86' lang='lat' dir='ltr'>martyrii</span> <span class='ocrx_word' id='word_1_36' title='bbox 509 490 622 562; x_wconf 87' lang='lat' dir='ltr'>praemic</span> <span class='ocrx_word' id='word_1_37' title='bbox 647 489 799 553; x_wconf 77' lang='lat' dir='ltr'><strong>coronavit,</strong></span> <span class='ocrx_word' id='word_1_38' title='bbox 816 502 868 557; x_wconf 91' lang='lat' dir='ltr'>pro</span> <span class='ocrx_word' id='word_1_39' title='bbox 884 493 980 540; x_wconf 89' lang='lat' dir='ltr'>nostra</span> <span class='ocrx_word' id='word_1_40' title='bbox 1029 481 1101 538; x_wconf 84' lang='lat' dir='ltr'>laxet</span> <span class='ocrx_word' id='word_1_41' title='bbox 1116 481 1252 547; x_wconf 81' lang='lat' dir='ltr'>universa,</span> <span class='ocrx_word' id='word_1_42' title='bbox 1269 479 1382 552; x_wconf 79' lang='lat' dir='ltr'>gloriam</span> <span class='ocrx_word' id='word_1_43' title='bbox 1406 479 1544 549; x_wconf 85' lang='lat' dir='ltr'>vitamque</span> <span class='ocrx_word' id='word_1_44' title='bbox 1568 476 1713 534; x_wconf 86' lang='lat' dir='ltr'>conlerrat</span> <span class='ocrx_word' id='word_1_45' title='bbox 1735 479 1826 550; x_wconf 89' lang='lat' dir='ltr'>sempi-</span> 
     </span>
     <span class='ocr_line' id='line_1_5' title="bbox 181 568 1594 652; baseline -0.014 -12"><span class='ocrx_word' id='word_1_46' title='bbox 181 584 279 640; x_wconf 83' lang='lat' dir='ltr'>animoe</span> <span class='ocrx_word' id='word_1_47' title='bbox 298 581 474 652; x_wconf 80' lang='lat' dir='ltr'>corporisque</span> <span class='ocrx_word' id='word_1_48' title='bbox 503 579 588 634; x_wconf 86' lang='lat' dir='ltr'>salute</span> <span class='ocrx_word' id='word_1_49' title='bbox 603 577 774 632; x_wconf 79' lang='lat' dir='ltr'>intercedere</span> <span class='ocrx_word' id='word_1_50' title='bbox 793 575 928 645; x_wconf 81' lang='lat' dir='ltr'>dignetur,</span> <span class='ocrx_word' id='word_1_51' title='bbox 953 581 980 627; x_wconf 91' lang='lat' dir='ltr'>ut</span> <span class='ocrx_word' id='word_1_52' title='bbox 1031 578 1137 626; x_wconf 89' lang='lat' dir='ltr'>ternam</span> <span class='ocrx_word' id='word_1_53' title='bbox 1149 569 1177 623; x_wconf 90' lang='lat' dir='ltr'>in</span> <span class='ocrx_word' id='word_1_54' title='bbox 1192 568 1292 625; x_wconf 86' lang='lat' dir='ltr'>saecula</span> <span class='ocrx_word' id='word_1_55' title='bbox 1306 568 1480 624; x_wconf 84' lang='lat' dir='ltr'>saeculorum.</span> <span class='ocrx_word' id='word_1_56' title='bbox 1495 569 1594 623; x_wconf 84' lang='lat' dir='ltr'>Amen.</span> 
     </span>
    </p>
   </div>
   <div class='ocr_carea' id='block_1_3' title="bbox 183 743 1829 791">
    <p class='ocr_par' dir='ltr' id='par_1_3' title="bbox 183 743 1829 791">
     <span class='ocr_line' id='line_1_6' title="bbox 183 743 1829 791; baseline -0.009 -1"><span class='ocrx_word' id='word_1_57' title='bbox 183 743 1829 791; x_wconf 43' lang='grc' dir='ltr'>βπ</span> 
     </span>
    </p>
   </div>
   <div class='ocr_carea' id='block_1_4' title="bbox 646 799 1573 1078">
    <p class='ocr_par' dir='ltr' id='par_1_4' title="bbox 646 799 1573 1078">
     <span class='ocr_line' id='line_1_7' title="bbox 646 799 1573 1078; baseline 0 0"><span class='ocrx_word' id='word_1_58' title='bbox 646 872 1423 1078; x_wconf 69' lang='lat' dir='ltr'>acinarius</span> <span class='ocrx_word' id='word_1_59' title='bbox 1563 799 1573 813; x_wconf 79' lang='grc'><strong>’</strong></span> 
     </span>
    </p>
   </div>
   <div class='ocr_carea' id='block_1_5' title="bbox 795 1146 1284 1207">
    <p class='ocr_par' dir='ltr' id='par_1_5' title="bbox 795 1146 1284 1207">
     <span class='ocr_line' id='line_1_8' title="bbox 795 1146 1284 1207; baseline 0.002 -1"><span class='ocrx_word' id='word_1_60' title='bbox 795 1146 1058 1206; x_wconf 79' lang='lat' dir='ltr'>SdNGALLENSIS</span> <span class='ocrx_word' id='word_1_61' title='bbox 1082 1147 1284 1207; x_wconf 66' lang='lat' dir='ltr'>bonitatis,</span> 
     </span>
    </p>
   </div>
   <div class='ocr_carea' id='block_1_6' title="bbox 530 1358 1488 1450">
    <p class='ocr_par' dir='ltr' id='par_1_6' title="bbox 530 1358 1488 1450">
     <span class='ocr_line' id='line_1_9' title="bbox 530 1358 1488 1450; baseline 0.003 -3"><span class='ocrx_word' id='word_1_62' title='bbox 530 1361 727 1447; x_wconf 79' lang='lat' dir='ltr'>bottiil</span> <span class='ocrx_word' id='word_1_63' title='bbox 762 1358 1037 1444; x_wconf 83' lang='lat' dir='ltr'>HlSTORlCd</span> <span class='ocrx_word' id='word_1_64' title='bbox 1080 1361 1129 1445; x_wconf 82' lang='grc' dir='ltr'>ΙΝ</span> <span class='ocrx_word' id='word_1_65' title='bbox 1167 1362 1488 1450; x_wconf 69' lang='lat' dir='ltr'>stillatur.</span> 
     </span>
    </p>
   </div>
   <div class='ocr_carea' id='block_1_7' title="bbox 633 1526 1419 1600">
    <p class='ocr_par' dir='ltr' id='par_1_7' title="bbox 633 1526 1419 1600">
     <span class='ocr_line' id='line_1_10' title="bbox 633 1526 1419 1600; baseline 0.001 -18"><span class='ocrx_word' id='word_1_66' title='bbox 633 1527 723 1599; x_wconf 79' lang='lat' dir='ltr'>(Apud</span> <span class='ocrx_word' id='word_1_67' title='bbox 738 1526 881 1593; x_wconf 85' lang='lat' dir='ltr'>Pertzium,</span> <span class='ocrx_word' id='word_1_68' title='bbox 898 1526 1071 1584; x_wconf 77' lang='lat' dir='ltr'>Monumenta</span> <span class='ocrx_word' id='word_1_69' title='bbox 1086 1526 1179 1583; x_wconf 87' lang='lat' dir='ltr'>Germ.</span> <span class='ocrx_word' id='word_1_70' title='bbox 1200 1528 1281 1594; x_wconf 86' lang='lat' dir='ltr'>illst,</span> <span class='ocrx_word' id='word_1_71' title='bbox 1294 1536 1359 1584; x_wconf 90' lang='lat' dir='ltr'>tom.</span> <span class='ocrx_word' id='word_1_72' title='bbox 1373 1530 1419 1600; x_wconf 90' lang='lat' dir='ltr'>ll.)</span> 
     </span>
    </p>
   </div>
   <div class='ocr_carea' id='block_1_8' title="bbox 187 1731 1842 3219">
    <p class='ocr_par' dir='ltr' id='par_1_8' title="bbox 187 1731 1840 2298">
     <span class='ocr_line' id='line_1_11' title="bbox 223 1731 1836 1808; baseline 0 -19"><span class='ocrx_word' id='word_1_73' title='bbox 223 1734 251 1789; x_wconf 87' lang='lat' dir='ltr'>S.</span> <span class='ocrx_word' id='word_1_74' title='bbox 268 1733 338 1790; x_wconf 89' lang='lat' dir='ltr'>Galli</span> <span class='ocrx_word' id='word_1_75' title='bbox 351 1733 535 1789; x_wconf 78' lang='lat' dir='ltr'>celeberrimae</span> <span class='ocrx_word' id='word_1_76' title='bbox 550 1733 664 1788; x_wconf 77' lang='lat' dir='ltr'>abbatim</span> <span class='ocrx_word' id='word_1_77' title='bbox 691 1733 718 1786; x_wconf 92' lang='lat' dir='ltr'>in</span> <span class='ocrx_word' id='word_1_78' title='bbox 735 1731 858 1786; x_wconf 88' lang='lat' dir='ltr'>llolvctia</span> <span class='ocrx_word' id='word_1_79' title='bbox 875 1731 986 1787; x_wconf 87' lang='lat' dir='ltr'>incuna-</span> <span class='ocrx_word' id='word_1_80' title='bbox 1000 1734 1214 1795; x_wconf 86' lang='lat' dir='ltr'>Bteutonismos</span> <span class='ocrx_word' id='word_1_81' title='bbox 1225 1742 1251 1788; x_wconf 90' lang='lat' dir='ltr'>et</span> <span class='ocrx_word' id='word_1_82' title='bbox 1266 1735 1363 1790; x_wconf 92' lang='lat' dir='ltr'>modos</span> <span class='ocrx_word' id='word_1_83' title='bbox 1377 1735 1505 1806; x_wconf 89' lang='lat' dir='ltr'>loquendi</span> <span class='ocrx_word' id='word_1_84' title='bbox 1521 1750 1554 1790; x_wconf 85' lang='lat' dir='ltr'>ex</span> <span class='ocrx_word' id='word_1_85' title='bbox 1574 1734 1678 1797; x_wconf 89' lang='lat' dir='ltr'>bibliis,</span> <span class='ocrx_word' id='word_1_86' title='bbox 1690 1734 1801 1808; x_wconf 76' lang='lat' dir='ltr'>liturgia</span> <span class='ocrx_word' id='word_1_87' title='bbox 1813 1743 1836 1790; x_wconf 92' lang='lat' dir='ltr'>et</span> 
     </span>
     <span class='ocr_line' id='line_1_12' title="bbox 188 1803 1838 1877; baseline 0 -17"><span class='ocrx_word' id='word_1_88' title='bbox 188 1805 387 1862; x_wconf 88' lang='lat' dir='ltr'>bulaetcasus</span> <span class='ocrx_word' id='word_1_89' title='bbox 409 1805 575 1874; x_wconf 87' lang='lat' dir='ltr'>describere,</span> <span class='ocrx_word' id='word_1_90' title='bbox 600 1804 743 1859; x_wconf 74' lang='lat' dir='ltr'>desinente</span> <span class='ocrx_word' id='word_1_91' title='bbox 772 1803 873 1858; x_wconf 77' lang='lat' dir='ltr'>saeculo</span> <span class='ocrx_word' id='word_1_92' title='bbox 900 1818 984 1869; x_wconf 91' lang='lat' dir='ltr'>nonu,</span> <span class='ocrx_word' id='word_1_93' title='bbox 1036 1805 1131 1877; x_wconf 78' lang='lat' dir='ltr'>regula</span> <span class='ocrx_word' id='word_1_94' title='bbox 1146 1806 1174 1860; x_wconf 84' lang='lat' dir='ltr'>S.</span> <span class='ocrx_word' id='word_1_95' title='bbox 1202 1806 1339 1861; x_wconf 90' lang='lat' dir='ltr'>Benedicti</span> <span class='ocrx_word' id='word_1_96' title='bbox 1361 1815 1495 1862; x_wconf 89' lang='lat' dir='ltr'>mutuatos</span> <span class='ocrx_word' id='word_1_97' title='bbox 1519 1805 1613 1872; x_wconf 83' lang='lat' dir='ltr'>refert,</span> <span class='ocrx_word' id='word_1_98' title='bbox 1644 1821 1677 1862; x_wconf 87' lang='lat' dir='ltr'>ae</span> <span class='ocrx_word' id='word_1_99' title='bbox 1708 1806 1838 1876; x_wconf 85' lang='lat' dir='ltr'>quasdam</span> 
     </span>
     <span class='ocr_line' id='line_1_13' title="bbox 188 1874 1837 1969; baseline -0.001 -37"><span class='ocrx_word' id='word_1_100' title='bbox 188 1877 333 1946; x_wconf 83' lang='lat' dir='ltr'>liutpertus</span> <span class='ocrx_word' id='word_1_101' title='bbox 347 1891 495 1948; x_wconf 80' lang='lat' dir='ltr'>aggressus</span> <span class='ocrx_word' id='word_1_102' title='bbox 522 1884 563 1930; x_wconf 90' lang='lat' dir='ltr'>est</span> <span class='ocrx_word' id='word_1_103' title='bbox 591 1875 645 1944; x_wconf 84' lang='lat' dir='ltr'>(o),</span> <span class='ocrx_word' id='word_1_104' title='bbox 671 1875 742 1969; x_wconf 71' lang='lat' dir='ltr'>quod</span> <span class='ocrx_word' id='word_1_105' title='bbox 759 1874 830 1928; x_wconf 68' lang='lat' dir='ltr'>incur</span> <span class='ocrx_word' id='word_1_106' title='bbox 851 1882 906 1927; x_wconf 90' lang='lat' dir='ltr'>tum</span> <span class='ocrx_word' id='word_1_107' title='bbox 923 1874 986 1928; x_wconf 88' lang='lat' dir='ltr'>dien</span> <span class='ocrx_word' id='word_1_108' title='bbox 1035 1876 1144 1931; x_wconf 82' lang='lat' dir='ltr'>rusticae</span> <span class='ocrx_word' id='word_1_109' title='bbox 1159 1877 1305 1931; x_wconf 69' lang='lat' dir='ltr'>Latinitatis</span> <span class='ocrx_word' id='word_1_110' title='bbox 1329 1892 1413 1932; x_wconf 88' lang='lat' dir='ltr'>voces</span> <span class='ocrx_word' id='word_1_111' title='bbox 1427 1877 1631 1947; x_wconf 82' lang='lat' dir='ltr'>ascriptoribus</span> <span class='ocrx_word' id='word_1_112' title='bbox 1654 1876 1752 1932; x_wconf 76' lang='lat' dir='ltr'>saeculi</span> <span class='ocrx_word' id='word_1_113' title='bbox 1774 1892 1801 1930; x_wconf 85' lang='lat' dir='ltr'>vr</span> <span class='ocrx_word' id='word_1_114' title='bbox 1814 1884 1837 1931; x_wconf 88' lang='lat' dir='ltr'>et</span> 
     </span>
     <span class='ocr_line' id='line_1_14' title="bbox 188 1944 1838 2008; baseline 0 -6"><span class='ocrx_word' id='word_1_115' title='bbox 188 1946 289 2002; x_wconf 83' lang='lat' dir='ltr'>saeculo</span> <span class='ocrx_word' id='word_1_116' title='bbox 305 1947 449 2001; x_wconf 90' lang='lat' dir='ltr'>undecimo</span> <span class='ocrx_word' id='word_1_117' title='bbox 464 1945 810 2008; x_wconf 84' lang='lat' dir='ltr'>Elkebardrrsll,soeculo</span> <span class='ocrx_word' id='word_1_118' title='bbox 840 1944 984 1999; x_wconf 82' lang='lat' dir='ltr'>undecimo</span> <span class='ocrx_word' id='word_1_119' title='bbox 1036 1962 1075 2000; x_wconf 88' lang='lat' dir='ltr'>vn</span> <span class='ocrx_word' id='word_1_120' title='bbox 1091 1946 1166 2000; x_wconf 90' lang='lat' dir='ltr'>libris</span> <span class='ocrx_word' id='word_1_121' title='bbox 1180 1946 1300 2002; x_wconf 78' lang='lat' dir='ltr'>invectas</span> <span class='ocrx_word' id='word_1_122' title='bbox 1314 1947 1404 2002; x_wconf 89' lang='lat' dir='ltr'>babet.</span> <span class='ocrx_word' id='word_1_123' title='bbox 1424 1949 1476 2003; x_wconf 89' lang='lat' dir='ltr'>Pro</span> <span class='ocrx_word' id='word_1_124' title='bbox 1493 1963 1570 2002; x_wconf 86' lang='lat' dir='ltr'>more</span> <span class='ocrx_word' id='word_1_125' title='bbox 1591 1955 1737 2003; x_wconf 90' lang='lat' dir='ltr'>auctorum</span> <span class='ocrx_word' id='word_1_126' title='bbox 1761 1945 1838 2002; x_wconf 82' lang='lat' dir='ltr'>medii</span> 
     </span>
     <span class='ocr_line' id='line_1_15' title="bbox 187 2015 1839 2088; baseline 0.001 -17"><span class='ocrx_word' id='word_1_127' title='bbox 187 2017 370 2084; x_wconf 76' lang='lat' dir='ltr'>burchardus,</span> <span class='ocrx_word' id='word_1_128' title='bbox 388 2016 488 2072; x_wconf 79' lang='lat' dir='ltr'>saeculo</span> <span class='ocrx_word' id='word_1_129' title='bbox 502 2017 609 2072; x_wconf 88' lang='lat' dir='ltr'>decimo</span> <span class='ocrx_word' id='word_1_130' title='bbox 634 2017 712 2071; x_wconf 88' lang='lat' dir='ltr'>tortio</span> <span class='ocrx_word' id='word_1_131' title='bbox 734 2015 875 2069; x_wconf 84' lang='lat' dir='ltr'>Corradus</span> <span class='ocrx_word' id='word_1_132' title='bbox 891 2015 925 2068; x_wconf 87' lang='lat' dir='ltr'>de</span> <span class='ocrx_word' id='word_1_133' title='bbox 941 2015 988 2068; x_wconf 81' lang='lat' dir='ltr'>Fa·</span> <span class='ocrx_word' id='word_1_134' title='bbox 1036 2017 1086 2072; x_wconf 81' lang='lat' dir='ltr'>ravi</span> <span class='ocrx_word' id='word_1_135' title='bbox 1102 2033 1167 2072; x_wconf 82' lang='lat' dir='ltr'>reru</span> <span class='ocrx_word' id='word_1_136' title='bbox 1183 2034 1296 2071; x_wconf 83' lang='lat' dir='ltr'>narrans</span> <span class='ocrx_word' id='word_1_137' title='bbox 1312 2017 1412 2072; x_wconf 78' lang='lat' dir='ltr'>fallitur</span> <span class='ocrx_word' id='word_1_138' title='bbox 1429 2018 1454 2071; x_wconf 93' lang='lat' dir='ltr'>in</span> <span class='ocrx_word' id='word_1_139' title='bbox 1471 2018 1628 2072; x_wconf 90' lang='lat' dir='ltr'>dominibus</span> <span class='ocrx_word' id='word_1_140' title='bbox 1642 2017 1782 2088; x_wconf 87' lang='lat' dir='ltr'>propriis,</span> <span class='ocrx_word' id='word_1_141' title='bbox 1797 2025 1839 2072; x_wconf 89' lang='lat' dir='ltr'>aut</span> 
     </span>
     <span class='ocr_line' id='line_1_16' title="bbox 187 2085 1839 2159; baseline -0.001 -17"><span class='ocrx_word' id='word_1_142' title='bbox 187 2086 273 2156; x_wconf 82' lang='lat' dir='ltr'>baria,</span> <span class='ocrx_word' id='word_1_143' title='bbox 302 2087 402 2143; x_wconf 83' lang='lat' dir='ltr'>saeculc</span> <span class='ocrx_word' id='word_1_144' title='bbox 430 2087 536 2143; x_wconf 90' lang='lat' dir='ltr'>decimo</span> <span class='ocrx_word' id='word_1_145' title='bbox 562 2094 655 2158; x_wconf 88' lang='lat' dir='ltr'>quarto</span> <span class='ocrx_word' id='word_1_146' title='bbox 688 2086 856 2141; x_wconf 88' lang='lat' dir='ltr'>Christianus</span> <span class='ocrx_word' id='word_1_147' title='bbox 887 2085 986 2140; x_wconf 83' lang='lat' dir='ltr'>liucbi·</span> <span class='ocrx_word' id='word_1_148' title='bbox 1036 2088 1172 2159; x_wconf 89' lang='lat' dir='ltr'>aliquibus</span> <span class='ocrx_word' id='word_1_149' title='bbox 1187 2089 1407 2153; x_wconf 87' lang='lat' dir='ltr'>circumstantiis,</span> <span class='ocrx_word' id='word_1_150' title='bbox 1428 2104 1497 2159; x_wconf 92' lang='lat' dir='ltr'>quos</span> <span class='ocrx_word' id='word_1_151' title='bbox 1522 2087 1613 2143; x_wconf 78' lang='lat' dir='ltr'>inlidae</span> <span class='ocrx_word' id='word_1_152' title='bbox 1628 2088 1839 2158; x_wconf 81' lang='lat' dir='ltr'>memoritelap·</span> 
     </span>
     <span class='ocr_line' id='line_1_17' title="bbox 187 2154 1839 2229; baseline 0 -16"><span class='ocrx_word' id='word_1_153' title='bbox 187 2158 300 2213; x_wconf 85' lang='lat' dir='ltr'>meister</span> <span class='ocrx_word' id='word_1_154' title='bbox 314 2158 453 2229; x_wconf 84' lang='lat' dir='ltr'>prosecuti</span> <span class='ocrx_word' id='word_1_155' title='bbox 467 2166 539 2223; x_wconf 90' lang='lat' dir='ltr'>suut,</span> <span class='ocrx_word' id='word_1_156' title='bbox 556 2174 640 2228; x_wconf 87' lang='lat' dir='ltr'>opere</span> <span class='ocrx_word' id='word_1_157' title='bbox 658 2174 709 2227; x_wconf 88' lang='lat' dir='ltr'>pro</span> <span class='ocrx_word' id='word_1_158' title='bbox 724 2156 890 2211; x_wconf 85' lang='lat' dir='ltr'>addiscenda</span> <span class='ocrx_word' id='word_1_159' title='bbox 904 2154 987 2210; x_wconf 88' lang='lat' dir='ltr'>medii</span> <span class='ocrx_word' id='word_1_160' title='bbox 1037 2175 1083 2212; x_wconf 89' lang='lat' dir='ltr'>sus</span> <span class='ocrx_word' id='word_1_161' title='bbox 1100 2159 1185 2213; x_wconf 87' lang='lat' dir='ltr'>relata</span> <span class='ocrx_word' id='word_1_162' title='bbox 1210 2159 1402 2225; x_wconf 81' lang='lat' dir='ltr'>referentibus,</span> <span class='ocrx_word' id='word_1_163' title='bbox 1432 2159 1607 2214; x_wconf 89' lang='lat' dir='ltr'>etlibrorum</span> <span class='ocrx_word' id='word_1_164' title='bbox 1637 2175 1692 2229; x_wconf 88' lang='lat' dir='ltr'>ope</span> <span class='ocrx_word' id='word_1_165' title='bbox 1708 2159 1839 2213; x_wconf 86' lang='lat' dir='ltr'>destitutis</span> 
     </span>
     <span class='ocr_line' id='line_1_18' title="bbox 188 2227 1840 2298; baseline -0.001 -13"><span class='ocrx_word' id='word_1_166' title='bbox 188 2229 239 2285; x_wconf 79' lang='lat' dir='ltr'>tavi</span> <span class='ocrx_word' id='word_1_167' title='bbox 253 2228 345 2284; x_wconf 89' lang='lat' dir='ltr'>indole</span> <span class='ocrx_word' id='word_1_168' title='bbox 360 2229 480 2298; x_wconf 90' lang='lat' dir='ltr'>apprime</span> <span class='ocrx_word' id='word_1_169' title='bbox 488 2227 673 2284; x_wconf 87' lang='lat' dir='ltr'>accommodo.</span> <span class='ocrx_word' id='word_1_170' title='bbox 1037 2229 1170 2284; x_wconf 88' lang='lat' dir='ltr'>accidisse</span> <span class='ocrx_word' id='word_1_171' title='bbox 1185 2245 1264 2284; x_wconf 87' lang='lat' dir='ltr'>nemo</span> <span class='ocrx_word' id='word_1_172' title='bbox 1280 2229 1432 2284; x_wconf 88' lang='lat' dir='ltr'>mirabitur.</span> <span class='ocrx_word' id='word_1_173' title='bbox 1448 2231 1595 2285; x_wconf 81' lang='lat' dir='ltr'>l‘rimaerus</span> <span class='ocrx_word' id='word_1_174' title='bbox 1606 2230 1733 2284; x_wconf 84' lang='lat' dir='ltr'>Casuum</span> <span class='ocrx_word' id='word_1_175' title='bbox 1747 2231 1840 2284; x_wconf 86' lang='lat' dir='ltr'>horum</span> 
     </span>
    </p>

    <p class='ocr_par' dir='ltr' id='par_1_9' title="bbox 189 2295 1842 3219">
     <span class='ocr_line' id='line_1_19' title="bbox 225 2295 1839 2371; baseline -0.001 -15"><span class='ocrx_word' id='word_1_176' title='bbox 225 2301 276 2356; x_wconf 79' lang='lat' dir='ltr'>itai</span> <span class='ocrx_word' id='word_1_177' title='bbox 297 2308 370 2353; x_wconf 88' lang='lat' dir='ltr'>ertus</span> <span class='ocrx_word' id='word_1_178' title='bbox 383 2299 484 2369; x_wconf 80' lang='lat' dir='ltr'>Tiguro</span> <span class='ocrx_word' id='word_1_179' title='bbox 498 2308 582 2359; x_wconf 89' lang='lat' dir='ltr'>ortus,</span> <span class='ocrx_word' id='word_1_180' title='bbox 599 2307 661 2368; x_wconf 89' lang='lat' dir='ltr'>post</span> <span class='ocrx_word' id='word_1_181' title='bbox 675 2298 795 2352; x_wconf 91' lang='lat' dir='ltr'>medium</span> <span class='ocrx_word' id='word_1_182' title='bbox 811 2295 904 2351; x_wconf 74' lang='lat' dir='ltr'>sarculi</span> <span class='ocrx_word' id='word_1_183' title='bbox 922 2295 988 2351; x_wconf 86' lang='lat' dir='ltr'>nuni</span> <span class='ocrx_word' id='word_1_184' title='bbox 1038 2308 1126 2355; x_wconf 86' lang='lat' dir='ltr'>textus</span> <span class='ocrx_word' id='word_1_185' title='bbox 1149 2301 1236 2354; x_wconf 90' lang='lat' dir='ltr'>autori</span> <span class='ocrx_word' id='word_1_186' title='bbox 1260 2316 1368 2354; x_wconf 75' lang='lat' dir='ltr'>coaevus</span> <span class='ocrx_word' id='word_1_187' title='bbox 1390 2307 1431 2354; x_wconf 88' lang='lat' dir='ltr'>est</span> <span class='ocrx_word' id='word_1_188' title='bbox 1457 2319 1464 2364; x_wconf 93' lang='lat'>·,</span> <span class='ocrx_word' id='word_1_189' title='bbox 1489 2301 1513 2354; x_wconf 93' lang='lat' dir='ltr'>is</span> <span class='ocrx_word' id='word_1_190' title='bbox 1528 2300 1667 2371; x_wconf 85' lang='lat' dir='ltr'>reperitur</span> <span class='ocrx_word' id='word_1_191' title='bbox 1691 2300 1720 2353; x_wconf 92' lang='lat' dir='ltr'>in</span> <span class='ocrx_word' id='word_1_192' title='bbox 1750 2300 1839 2355; x_wconf 85' lang='lat' dir='ltr'>codice</span> 
     </span>
     <span class='ocr_line' id='line_1_20' title="bbox 189 2316 1838 2441; baseline 0 -17"><span class='ocrx_word' id='word_1_193' title='bbox 189 2369 217 2424; x_wconf 93' lang='lat' dir='ltr'>in</span> <span class='ocrx_word' id='word_1_194' title='bbox 231 2370 260 2425; x_wconf 90' lang='lat' dir='ltr'>S.</span> <span class='ocrx_word' id='word_1_195' title='bbox 277 2316 355 2425; x_wconf 54' lang='lat' dir='ltr'>Rapo</span> <span class='ocrx_word' id='word_1_196' title='bbox 370 2370 549 2425; x_wconf 90' lang='lat' dir='ltr'>monasticam</span> <span class='ocrx_word' id='word_1_197' title='bbox 565 2370 646 2424; x_wconf 89' lang='lat' dir='ltr'>vitam</span> <span class='ocrx_word' id='word_1_198' title='bbox 661 2369 801 2439; x_wconf 83' lang='lat' dir='ltr'>amplexus</span> <span class='ocrx_word' id='word_1_199' title='bbox 817 2376 868 2432; x_wconf 92' lang='lat' dir='ltr'>est,</span> <span class='ocrx_word' id='word_1_200' title='bbox 894 2367 985 2420; x_wconf 75' lang='lat' dir='ltr'>mari·</span> <span class='ocrx_word' id='word_1_201' title='bbox 1038 2387 1065 2424; x_wconf 92' lang='lat' dir='ltr'>n.</span> <span class='ocrx_word' id='word_1_202' title='bbox 1082 2372 1143 2424; x_wconf 82' lang='lat' dir='ltr'>dli.</span> <span class='ocrx_word' id='word_1_203' title='bbox 1169 2370 1319 2425; x_wconf 82' lang='lat' dir='ltr'>canonibus</span> <span class='ocrx_word' id='word_1_204' title='bbox 1344 2371 1467 2426; x_wconf 83' lang='lat' dir='ltr'>Remedii</span> <span class='ocrx_word' id='word_1_205' title='bbox 1490 2371 1624 2441; x_wconf 81' lang='lat' dir='ltr'>episcopi.</span> <span class='ocrx_word' id='word_1_206' title='bbox 1649 2379 1676 2425; x_wconf 91' lang='lat' dir='ltr'>et</span> <span class='ocrx_word' id='word_1_207' title='bbox 1696 2370 1838 2425; x_wconf 81' lang='lat' dir='ltr'>ordinibus</span> 
     </span>
     <span class='ocr_line' id='line_1_21' title="bbox 191 2411 1839 2513; baseline 0.001 -18"><span class='ocrx_word' id='word_1_208' title='bbox 191 2448 261 2496; x_wconf 90' lang='lat' dir='ltr'>stros</span> <span class='ocrx_word' id='word_1_209' title='bbox 281 2440 391 2496; x_wconf 91' lang='lat' dir='ltr'>sortitus</span> <span class='ocrx_word' id='word_1_210' title='bbox 406 2441 563 2495; x_wconf 86' lang='lat' dir='ltr'>lllarcelluru</span> <span class='ocrx_word' id='word_1_211' title='bbox 576 2442 728 2503; x_wconf 90' lang='lat' dir='ltr'>etlsonem,</span> <span class='ocrx_word' id='word_1_212' title='bbox 738 2455 770 2494; x_wconf 84' lang='lat' dir='ltr'>ac</span> <span class='ocrx_word' id='word_1_213' title='bbox 786 2411 989 2506; x_wconf 65' lang='lat' dir='ltr'>condiscipuios</span> <span class='ocrx_word' id='word_1_214' title='bbox 1039 2441 1169 2496; x_wconf 82' lang='lat' dir='ltr'>Romanis</span> <span class='ocrx_word' id='word_1_215' title='bbox 1184 2441 1326 2513; x_wconf 82' lang='lat' dir='ltr'>colligatus</span> <span class='ocrx_word' id='word_1_216' title='bbox 1343 2460 1350 2507; x_wconf 91' lang='lat'>;</span> <span class='ocrx_word' id='word_1_217' title='bbox 1368 2450 1410 2496; x_wconf 85' lang='lat' dir='ltr'>est</span> <span class='ocrx_word' id='word_1_218' title='bbox 1424 2441 1542 2511; x_wconf 90' lang='lat' dir='ltr'>scriptus</span> <span class='ocrx_word' id='word_1_219' title='bbox 1565 2449 1662 2496; x_wconf 88' lang='lat' dir='ltr'>ornate</span> <span class='ocrx_word' id='word_1_220' title='bbox 1676 2450 1705 2495; x_wconf 87' lang='lat' dir='ltr'>et</span> <span class='ocrx_word' id='word_1_221' title='bbox 1719 2450 1839 2496; x_wconf 87' lang='lat' dir='ltr'>correcte</span> 
     </span>
     <span class='ocr_line' id='line_1_22' title="bbox 191 2510 1840 2635; baseline 0.001 -68"><span class='ocrx_word' id='word_1_222' title='bbox 191 2511 219 2567; x_wconf 89' lang='lat' dir='ltr'>S.</span> <span class='ocrx_word' id='word_1_223' title='bbox 235 2512 385 2566; x_wconf 86' lang='lat' dir='ltr'>Notlierum</span> <span class='ocrx_word' id='word_1_224' title='bbox 414 2511 562 2577; x_wconf 86' lang='lat' dir='ltr'>balbulum,</span> <span class='ocrx_word' id='word_1_225' title='bbox 588 2511 750 2575; x_wconf 88' lang='lat' dir='ltr'>Tutilonem,</span> <span class='ocrx_word' id='word_1_226' title='bbox 780 2510 987 2575; x_wconf 87' lang='lat' dir='ltr'>llartrnanuum,</span> <span class='ocrx_word' id='word_1_227' title='bbox 1038 2512 1145 2566; x_wconf 89' lang='lat' dir='ltr'>mendis</span> <span class='ocrx_word' id='word_1_228' title='bbox 1160 2512 1301 2635; x_wconf 55' lang='lat' dir='ltr'>scriptoris</span> <span class='ocrx_word' id='word_1_229' title='bbox 1315 2528 1399 2567; x_wconf 90' lang='lat' dir='ltr'>manu</span> <span class='ocrx_word' id='word_1_230' title='bbox 1413 2528 1507 2567; x_wconf 80' lang='lat' dir='ltr'>coaeva</span> <span class='ocrx_word' id='word_1_231' title='bbox 1527 2511 1695 2567; x_wconf 86' lang='lat' dir='ltr'>emendatis.</span> <span class='ocrx_word' id='word_1_232' title='bbox 1711 2512 1780 2568; x_wconf 86' lang='lat' dir='ltr'>lluic</span> <span class='ocrx_word' id='word_1_233' title='bbox 1795 2528 1840 2568; x_wconf 87' lang='lat' dir='ltr'>eo·</span> 
     </span>
     <span class='ocr_line' id='line_1_23' title="bbox 190 2578 1841 2654; baseline -0.001 -16"><span class='ocrx_word' id='word_1_234' title='bbox 190 2582 374 2638; x_wconf 89' lang='lat' dir='ltr'>Waltramum</span> <span class='ocrx_word' id='word_1_235' title='bbox 389 2590 416 2636; x_wconf 90' lang='lat' dir='ltr'>et</span> <span class='ocrx_word' id='word_1_236' title='bbox 431 2581 604 2637; x_wconf 85' lang='lat' dir='ltr'>Salomonem</span> <span class='ocrx_word' id='word_1_237' title='bbox 632 2589 727 2651; x_wconf 87' lang='lat' dir='ltr'>postea</span> <span class='ocrx_word' id='word_1_238' title='bbox 749 2579 914 2634; x_wconf 74' lang='lat' dir='ltr'>Constantia</span> <span class='ocrx_word' id='word_1_239' title='bbox 928 2578 988 2648; x_wconf 86' lang='lat' dir='ltr'>epi·</span> <span class='ocrx_word' id='word_1_240' title='bbox 1038 2582 1092 2637; x_wconf 88' lang='lat' dir='ltr'>dici</span> <span class='ocrx_word' id='word_1_241' title='bbox 1114 2590 1186 2636; x_wconf 88' lang='lat' dir='ltr'>tanta</span> <span class='ocrx_word' id='word_1_242' title='bbox 1221 2583 1339 2637; x_wconf 88' lang='lat' dir='ltr'>rdelitate</span> <span class='ocrx_word' id='word_1_243' title='bbox 1370 2583 1461 2637; x_wconf 90' lang='lat' dir='ltr'>studui</span> <span class='ocrx_word' id='word_1_244' title='bbox 1485 2583 1632 2647; x_wconf 74' lang='lat' dir='ltr'>inbrarere,</span> <span class='ocrx_word' id='word_1_245' title='bbox 1660 2591 1691 2636; x_wconf 91' lang='lat' dir='ltr'>ut</span> <span class='ocrx_word' id='word_1_246' title='bbox 1714 2583 1841 2654; x_wconf 89' lang='lat' dir='ltr'>nequein</span> 
     </span>
     <span class='ocr_line' id='line_1_24' title="bbox 189 2649 1841 2723; baseline -0.001 -16"><span class='ocrx_word' id='word_1_247' title='bbox 189 2668 313 2723; x_wconf 89' lang='lat' dir='ltr'>scopum,</span> <span class='ocrx_word' id='word_1_248' title='bbox 331 2653 404 2706; x_wconf 85' lang='lat' dir='ltr'>viros</span> <span class='ocrx_word' id='word_1_249' title='bbox 420 2652 492 2706; x_wconf 90' lang='lat' dir='ltr'>illius</span> <span class='ocrx_word' id='word_1_250' title='bbox 508 2653 557 2707; x_wconf 69' lang='lat' dir='ltr'>evi</span> <span class='ocrx_word' id='word_1_251' title='bbox 572 2651 812 2706; x_wconf 85' lang='lat' dir='ltr'>nominatissimus.</span> <span class='ocrx_word' id='word_1_252' title='bbox 841 2649 989 2704; x_wconf 68' lang='lat' dir='ltr'>Praefectus</span> <span class='ocrx_word' id='word_1_253' title='bbox 1039 2668 1115 2716; x_wconf 84' lang='lat' dir='ltr'>voco,</span> <span class='ocrx_word' id='word_1_254' title='bbox 1131 2669 1181 2707; x_wconf 91' lang='lat' dir='ltr'>nec</span> <span class='ocrx_word' id='word_1_255' title='bbox 1198 2653 1313 2723; x_wconf 76' lang='lat' dir='ltr'>syllaba,</span> <span class='ocrx_word' id='word_1_256' title='bbox 1330 2669 1383 2708; x_wconf 89' lang='lat' dir='ltr'>nec</span> <span class='ocrx_word' id='word_1_257' title='bbox 1398 2653 1487 2707; x_wconf 91' lang='lat' dir='ltr'>littera</span> <span class='ocrx_word' id='word_1_258' title='bbox 1501 2653 1534 2706; x_wconf 91' lang='lat' dir='ltr'>ab</span> <span class='ocrx_word' id='word_1_259' title='bbox 1557 2668 1590 2708; x_wconf 91' lang='lat' dir='ltr'>eo</span> <span class='ocrx_word' id='word_1_260' title='bbox 1606 2653 1780 2719; x_wconf 88' lang='lat' dir='ltr'>secederem,</span> <span class='ocrx_word' id='word_1_261' title='bbox 1802 2652 1841 2706; x_wconf 90' lang='lat' dir='ltr'>lit-</span> 
     </span>
     <span class='ocr_line' id='line_1_25' title="bbox 191 2719 1836 2848; baseline -0.001 -70"><span class='ocrx_word' id='word_1_262' title='bbox 191 2724 306 2805; x_wconf 86' lang='lat' dir='ltr'>postbac</span> <span class='ocrx_word' id='word_1_263' title='bbox 332 2723 391 2793; x_wconf 86' lang='lat' dir='ltr'>ipse</span> <span class='ocrx_word' id='word_1_264' title='bbox 414 2723 524 2790; x_wconf 90' lang='lat' dir='ltr'>scholis,</span> <span class='ocrx_word' id='word_1_265' title='bbox 542 2732 594 2778; x_wconf 88' lang='lat' dir='ltr'>tam</span> <span class='ocrx_word' id='word_1_266' title='bbox 611 2721 748 2777; x_wconf 81' lang='lat' dir='ltr'>indefesso</span> <span class='ocrx_word' id='word_1_267' title='bbox 767 2719 990 2800; x_wconf 79' lang='lat' dir='ltr'>studioslitteris</span> <span class='ocrx_word' id='word_1_268' title='bbox 1040 2724 1105 2777; x_wconf 91' lang='lat' dir='ltr'>teris</span> <span class='ocrx_word' id='word_1_269' title='bbox 1121 2724 1289 2793; x_wconf 86' lang='lat' dir='ltr'>majusculis,</span> <span class='ocrx_word' id='word_1_270' title='bbox 1299 2731 1325 2778; x_wconf 93' lang='lat' dir='ltr'>et</span> <span class='ocrx_word' id='word_1_271' title='bbox 1340 2723 1606 2848; x_wconf 59' lang='lat' dir='ltr'>interpunctionibus</span> <span class='ocrx_word' id='word_1_272' title='bbox 1621 2724 1757 2794; x_wconf 86' lang='lat' dir='ltr'>exceptis,</span> <span class='ocrx_word' id='word_1_273' title='bbox 1772 2740 1836 2794; x_wconf 79' lang='lat' dir='ltr'>que,</span> 
     </span>
     <span class='ocr_line' id='line_1_26' title="bbox 191 2793 1837 2864; baseline -0.001 -16"><span class='ocrx_word' id='word_1_274' title='bbox 191 2795 322 2856; x_wconf 81' lang='lat' dir='ltr'>incubuit,</span> <span class='ocrx_word' id='word_1_275' title='bbox 339 2801 367 2847; x_wconf 90' lang='lat' dir='ltr'>ut</span> <span class='ocrx_word' id='word_1_276' title='bbox 378 2808 428 2848; x_wconf 91' lang='lat' dir='ltr'>uec</span> <span class='ocrx_word' id='word_1_277' title='bbox 442 2809 507 2848; x_wconf 88' lang='lat' dir='ltr'>cura</span> <span class='ocrx_word' id='word_1_278' title='bbox 529 2794 664 2864; x_wconf 84' lang='lat' dir='ltr'>corporis,</span> <span class='ocrx_word' id='word_1_279' title='bbox 686 2808 736 2847; x_wconf 90' lang='lat' dir='ltr'>nec</span> <span class='ocrx_word' id='word_1_280' title='bbox 751 2807 888 2847; x_wconf 84' lang='lat' dir='ltr'>communi</span> <span class='ocrx_word' id='word_1_281' title='bbox 909 2805 990 2859; x_wconf 88' lang='lat' dir='ltr'>prece</span> <span class='ocrx_word' id='word_1_282' title='bbox 1039 2801 1132 2864; x_wconf 81' lang='lat' dir='ltr'>utpote</span> <span class='ocrx_word' id='word_1_283' title='bbox 1146 2795 1286 2854; x_wconf 75' lang='lat' dir='ltr'>obsoletae,</span> <span class='ocrx_word' id='word_1_284' title='bbox 1307 2811 1361 2848; x_wconf 90' lang='lat' dir='ltr'>uon</span> <span class='ocrx_word' id='word_1_285' title='bbox 1377 2795 1402 2848; x_wconf 87' lang='lat' dir='ltr'>vi</span> <span class='ocrx_word' id='word_1_286' title='bbox 1425 2802 1505 2848; x_wconf 88' lang='lat' dir='ltr'>entur</span> <span class='ocrx_word' id='word_1_287' title='bbox 1527 2810 1589 2849; x_wconf 87' lang='lat' dir='ltr'>esse</span> <span class='ocrx_word' id='word_1_288' title='bbox 1609 2795 1637 2848; x_wconf 91' lang='lat' dir='ltr'>iu</span> <span class='ocrx_word' id='word_1_289' title='bbox 1653 2795 1763 2849; x_wconf 87' lang='lat' dir='ltr'>recusis</span> <span class='ocrx_word' id='word_1_290' title='bbox 1776 2793 1837 2848; x_wconf 86' lang='lat' dir='ltr'>reti·</span> 
     </span>
     <span class='ocr_line' id='line_1_27' title="bbox 191 2861 1839 2935; baseline 0 -16"><span class='ocrx_word' id='word_1_291' title='bbox 191 2865 275 2920; x_wconf 90' lang='lat' dir='ltr'>abeis</span> <span class='ocrx_word' id='word_1_292' title='bbox 299 2863 386 2918; x_wconf 79' lang='lat' dir='ltr'>averti</span> <span class='ocrx_word' id='word_1_293' title='bbox 401 2879 430 2918; x_wconf 88' lang='lat' dir='ltr'>se</span> <span class='ocrx_word' id='word_1_294' title='bbox 444 2872 589 2934; x_wconf 84' lang='lat' dir='ltr'>pateretur,</span> <span class='ocrx_word' id='word_1_295' title='bbox 615 2865 715 2935; x_wconf 90' lang='lat' dir='ltr'>quippe</span> <span class='ocrx_word' id='word_1_296' title='bbox 740 2872 794 2917; x_wconf 89' lang='lat' dir='ltr'>tarn</span> <span class='ocrx_word' id='word_1_297' title='bbox 822 2876 886 2916; x_wconf 90' lang='lat' dir='ltr'>raro</span> <span class='ocrx_word' id='word_1_298' title='bbox 909 2861 990 2915; x_wconf 90' lang='lat' dir='ltr'>domo</span> <span class='ocrx_word' id='word_1_299' title='bbox 1040 2864 1146 2930; x_wconf 85' lang='lat' dir='ltr'>nendae,</span> <span class='ocrx_word' id='word_1_300' title='bbox 1173 2865 1223 2919; x_wconf 90' lang='lat' dir='ltr'>etsi</span> <span class='ocrx_word' id='word_1_301' title='bbox 1251 2864 1303 2919; x_wconf 91' lang='lat' dir='ltr'>illis</span> <span class='ocrx_word' id='word_1_302' title='bbox 1331 2864 1429 2935; x_wconf 90' lang='lat' dir='ltr'>quibus</span> <span class='ocrx_word' id='word_1_303' title='bbox 1462 2865 1599 2920; x_wconf 86' lang='lat' dir='ltr'>Romanos</span> <span class='ocrx_word' id='word_1_304' title='bbox 1633 2865 1754 2920; x_wconf 83' lang='lat' dir='ltr'>subinde</span> <span class='ocrx_word' id='word_1_305' title='bbox 1780 2880 1839 2919; x_wconf 82' lang='lat' dir='ltr'>usos</span> 
     </span>
     <span class='ocr_line' id='line_1_28' title="bbox 193 2933 1839 3014; baseline 0 -24"><span class='ocrx_word' id='word_1_306' title='bbox 193 2950 333 3014; x_wconf 75' lang='lat' dir='ltr'>agressus,</span> <span class='ocrx_word' id='word_1_307' title='bbox 348 2942 377 2987; x_wconf 91' lang='lat' dir='ltr'>ut</span> <span class='ocrx_word' id='word_1_308' title='bbox 388 2933 495 3005; x_wconf 82' lang='lat' dir='ltr'>integro</span> <span class='ocrx_word' id='word_1_309' title='bbox 505 2935 653 2988; x_wconf 88' lang='lat' dir='ltr'>anncduos</span> <span class='ocrx_word' id='word_1_310' title='bbox 664 2934 833 2988; x_wconf 87' lang='lat' dir='ltr'>calceosrron</span> <span class='ocrx_word' id='word_1_311' title='bbox 849 2937 989 2995; x_wconf 85' lang='lat' dir='ltr'>attereret,</span> <span class='ocrx_word' id='word_1_312' title='bbox 1040 2934 1125 2989; x_wconf 87' lang='lat' dir='ltr'>luisse</span> <span class='ocrx_word' id='word_1_313' title='bbox 1140 2934 1292 3007; x_wconf 78' lang='lat' dir='ltr'>fragmenta</span> <span class='ocrx_word' id='word_1_314' title='bbox 1321 2943 1416 2991; x_wconf 92' lang='lat' dir='ltr'>nostra</span> <span class='ocrx_word' id='word_1_315' title='bbox 1445 2935 1568 2990; x_wconf 88' lang='lat' dir='ltr'>codicum</span> <span class='ocrx_word' id='word_1_316' title='bbox 1594 2935 1698 2991; x_wconf 85' lang='lat' dir='ltr'>saeculo</span> <span class='ocrx_word' id='word_1_317' title='bbox 1718 2944 1839 2990; x_wconf 76' lang='lat' dir='ltr'>vittata·</span> 
     </span>
     <span class='ocr_line' id='line_1_29' title="bbox 192 3002 1840 3086; baseline 0.001 -27"><span class='ocrx_word' id='word_1_318' title='bbox 192 3003 304 3060; x_wconf 81' lang='lat' dir='ltr'>diurnas</span> <span class='ocrx_word' id='word_1_319' title='bbox 331 3002 497 3073; x_wconf 90' lang='lat' dir='ltr'>psalmorum</span> <span class='ocrx_word' id='word_1_320' title='bbox 526 3021 623 3075; x_wconf 89' lang='lat' dir='ltr'>preces</span> <span class='ocrx_word' id='word_1_321' title='bbox 645 3019 700 3058; x_wconf 89' lang='lat' dir='ltr'>non</span> <span class='ocrx_word' id='word_1_322' title='bbox 729 3003 905 3086; x_wconf 82' lang='lat' dir='ltr'>frequentans</span> <span class='ocrx_word' id='word_1_323' title='bbox 929 3017 989 3056; x_wconf 90' lang='lat' dir='ltr'>cum</span> <span class='ocrx_word' id='word_1_324' title='bbox 1041 3006 1273 3073; x_wconf 88' lang='lat' dir='ltr'>stiorumdocent,</span> <span class='ocrx_word' id='word_1_325' title='bbox 1298 3006 1363 3060; x_wconf 89' lang='lat' dir='ltr'>satis</span> <span class='ocrx_word' id='word_1_326' title='bbox 1382 3004 1537 3060; x_wconf 84' lang='lat' dir='ltr'>conformes</span> <span class='ocrx_word' id='word_1_327' title='bbox 1567 3006 1631 3060; x_wconf 85' lang='lat' dir='ltr'>sint.</span> <span class='ocrx_word' id='word_1_328' title='bbox 1658 3008 1688 3060; x_wconf 92' lang='lat' dir='ltr'>ln</span> <span class='ocrx_word' id='word_1_329' title='bbox 1715 3006 1757 3061; x_wconf 89' lang='lat' dir='ltr'>bis</span> <span class='ocrx_word' id='word_1_330' title='bbox 1774 3006 1840 3061; x_wconf 91' lang='lat' dir='ltr'>enim</span> 
     </span>
     <span class='ocr_line' id='line_1_30' title="bbox 193 3071 1838 3150; baseline 0.001 -21"><span class='ocrx_word' id='word_1_331' title='bbox 193 3075 266 3130; x_wconf 90' lang='lat' dir='ltr'>dicto</span> <span class='ocrx_word' id='word_1_332' title='bbox 283 3092 289 3128; x_wconf 95' lang='lat'><strong>:</strong></span> <span class='ocrx_word' id='word_1_333' title='bbox 306 3071 392 3129; x_wconf 82' lang='lat' dir='ltr'>bonus</span> <span class='ocrx_word' id='word_1_334' title='bbox 416 3075 518 3129; x_wconf 82' lang='lat' dir='ltr'>missos</span> <span class='ocrx_word' id='word_1_335' title='bbox 545 3077 678 3144; x_wconf 74' lang='lat' dir='ltr'>furimus,</span> <span class='ocrx_word' id='word_1_336' title='bbox 697 3074 720 3128; x_wconf 81' lang='lat' dir='ltr'>sl</span> <span class='ocrx_word' id='word_1_337' title='bbox 744 3074 815 3128; x_wconf 82' lang='lat' dir='ltr'>utros</span> <span class='ocrx_word' id='word_1_338' title='bbox 835 3075 929 3142; x_wconf 81' lang='lat' dir='ltr'>succro</span> <span class='ocrx_word' id='word_1_339' title='bbox 944 3088 991 3126; x_wconf 85' lang='lat' dir='ltr'>ecs</span> <span class='ocrx_word' id='word_1_340' title='bbox 1003 3088 1028 3150; x_wconf 76' lang='lat' dir='ltr'>C</span> <span class='ocrx_word' id='word_1_341' title='bbox 1041 3077 1237 3146; x_wconf 85' lang='lat' dir='ltr'>antiquissimis</span> <span class='ocrx_word' id='word_1_342' title='bbox 1252 3077 1361 3148; x_wconf 85' lang='lat' dir='ltr'>paginis</span> <span class='ocrx_word' id='word_1_343' title='bbox 1375 3092 1424 3147; x_wconf 88' lang='lat' dir='ltr'>pro</span> <span class='ocrx_word' id='word_1_344' title='bbox 1440 3084 1573 3131; x_wconf 85' lang='lat' dir='ltr'>commate</span> <span class='ocrx_word' id='word_1_345' title='bbox 1593 3085 1730 3146; x_wconf 83' lang='lat' dir='ltr'>puuctum</span> <span class='ocrx_word' id='word_1_346' title='bbox 1745 3077 1774 3131; x_wconf 89' lang='lat' dir='ltr'>iu</span> <span class='ocrx_word' id='word_1_347' title='bbox 1785 3093 1838 3132; x_wconf 88' lang='lat' dir='ltr'>me·</span> 
     </span>
     <span class='ocr_line' id='line_1_31' title="bbox 193 3142 1842 3219; baseline 0 -17"><span class='ocrx_word' id='word_1_348' title='bbox 193 3146 332 3202; x_wconf 79' lang='lat' dir='ltr'>docemus.</span> <span class='ocrx_word' id='word_1_349' title='bbox 345 3143 412 3198; x_wconf 89' lang='lat' dir='ltr'>Cum</span> <span class='ocrx_word' id='word_1_350' title='bbox 427 3144 452 3199; x_wconf 93' lang='lat' dir='ltr'>ei</span> <span class='ocrx_word' id='word_1_351' title='bbox 466 3145 637 3200; x_wconf 89' lang='lat' dir='ltr'>incumberet</span> <span class='ocrx_word' id='word_1_352' title='bbox 653 3145 750 3198; x_wconf 87' lang='lat' dir='ltr'>iratres</span> <span class='ocrx_word' id='word_1_353' title='bbox 760 3144 796 3198; x_wconf 90' lang='lat' dir='ltr'>ob</span> <span class='ocrx_word' id='word_1_354' title='bbox 811 3142 989 3197; x_wconf 72' lang='lat' dir='ltr'>commissura</span> <span class='ocrx_word' id='word_1_355' title='bbox 1042 3147 1087 3201; x_wconf 92' lang='lat' dir='ltr'>dio</span> <span class='ocrx_word' id='word_1_356' title='bbox 1102 3148 1190 3211; x_wconf 69' lang='lat' dir='ltr'>lineae,</span> <span class='ocrx_word' id='word_1_357' title='bbox 1203 3163 1251 3217; x_wconf 89' lang='lat' dir='ltr'>pro</span> <span class='ocrx_word' id='word_1_358' title='bbox 1268 3155 1368 3216; x_wconf 90' lang='lat' dir='ltr'>puncto</span> <span class='ocrx_word' id='word_1_359' title='bbox 1384 3147 1503 3217; x_wconf 88' lang='lat' dir='ltr'>speciem</span> <span class='ocrx_word' id='word_1_360' title='bbox 1531 3147 1670 3218; x_wconf 91' lang='lat' dir='ltr'>quandam</span> <span class='ocrx_word' id='word_1_361' title='bbox 1694 3149 1788 3219; x_wconf 87' lang='lat' dir='ltr'>puncti</span> <span class='ocrx_word' id='word_1_362' title='bbox 1807 3149 1842 3202; x_wconf 90' lang='lat' dir='ltr'>iu·</span> 
     </span>
    </p>
   </div>
   <div class='ocr_carea' id='block_1_9' title="bbox 193 3212 1842 3289">
    <p class='ocr_par' dir='ltr' id='par_1_10' title="bbox 193 3212 1842 3289">
     <span class='ocr_line' id='line_1_32' title="bbox 193 3212 1842 3289; baseline 0.001 -17"><span class='ocrx_word' id='word_1_363' title='bbox 193 3216 334 3288; x_wconf 85' lang='lat' dir='ltr'>superiore</span> <span class='ocrx_word' id='word_1_364' title='bbox 356 3230 390 3268; x_wconf 83' lang='lat' dir='ltr'>er</span> <span class='ocrx_word' id='word_1_365' title='bbox 413 3215 516 3286; x_wconf 81' lang='lat' dir='ltr'>regulae</span> <span class='ocrx_word' id='word_1_366' title='bbox 546 3217 573 3271; x_wconf 91' lang='lat' dir='ltr'>S.</span> <span class='ocrx_word' id='word_1_367' title='bbox 605 3214 746 3271; x_wconf 88' lang='lat' dir='ltr'>Benedicti</span> <span class='ocrx_word' id='word_1_368' title='bbox 770 3213 931 3284; x_wconf 78' lang='lat' dir='ltr'>praescripto</span> <span class='ocrx_word' id='word_1_369' title='bbox 954 3212 989 3267; x_wconf 90' lang='lat' dir='ltr'>nd</span> <span class='ocrx_word' id='word_1_370' title='bbox 1042 3218 1235 3289; x_wconf 84' lang='lat' dir='ltr'>terrogatiouis</span> <span class='ocrx_word' id='word_1_371' title='bbox 1262 3218 1389 3288; x_wconf 89' lang='lat' dir='ltr'>positam,</span> <span class='ocrx_word' id='word_1_372' title='bbox 1420 3226 1444 3273; x_wconf 92' lang='lat' dir='ltr'>et</span> <span class='ocrx_word' id='word_1_373' title='bbox 1470 3233 1599 3272; x_wconf 87' lang='lat' dir='ltr'>numeros</span> <span class='ocrx_word' id='word_1_374' title='bbox 1628 3219 1796 3274; x_wconf 88' lang='lat' dir='ltr'>antecedens</span> <span class='ocrx_word' id='word_1_375' title='bbox 1818 3226 1842 3272; x_wconf 84' lang='lat' dir='ltr'>at</span> 
     </span>
    </p>
   </div>
   <div class='ocr_carea' id='block_1_10' title="bbox 91 3282 1842 3360">
    <p class='ocr_par' dir='ltr' id='par_1_11' title="bbox 91 3282 1842 3360">
     <span class='ocr_line' id='line_1_33' title="bbox 91 3282 1842 3360; baseline 0.001 -18"><span class='ocrx_word' id='word_1_376' title='bbox 91 3308 95 3315; x_wconf 70' lang='grc'><em>’</em></span> <span class='ocrx_word' id='word_1_377' title='bbox 192 3287 396 3360; x_wconf 78' lang='lat' dir='ltr'>instigationem</span> <span class='ocrx_word' id='word_1_378' title='bbox 419 3287 623 3346; x_wconf 85' lang='lat' dir='ltr'>condemnatos.</span> <span class='ocrx_word' id='word_1_379' title='bbox 644 3286 778 3341; x_wconf 80' lang='lat' dir='ltr'>columma</span> <span class='ocrx_word' id='word_1_380' title='bbox 797 3283 923 3355; x_wconf 84' lang='lat' dir='ltr'>alligatos</span> <span class='ocrx_word' id='word_1_381' title='bbox 939 3282 988 3336; x_wconf 87' lang='lat' dir='ltr'>ila·</span> <span class='ocrx_word' id='word_1_382' title='bbox 1043 3290 1213 3359; x_wconf 84' lang='lat' dir='ltr'>subsequens</span> <span class='ocrx_word' id='word_1_383' title='bbox 1241 3297 1370 3358; x_wconf 90' lang='lat' dir='ltr'>punctum</span> <span class='ocrx_word' id='word_1_384' title='bbox 1403 3287 1503 3342; x_wconf 85' lang='lat' dir='ltr'>habere</span> <span class='ocrx_word' id='word_1_385' title='bbox 1536 3288 1674 3343; x_wconf 89' lang='lat' dir='ltr'>videmus.</span> <span class='ocrx_word' id='word_1_386' title='bbox 1708 3290 1842 3345; x_wconf 78' lang='lat' dir='ltr'>Habentur</span> 
     </span>
    </p>
   </div>
   <div class='ocr_carea' id='block_1_11' title="bbox 155 3354 1842 3856">
    <p class='ocr_par' dir='ltr' id='par_1_12' title="bbox 155 3354 1842 3856">
     <span class='ocr_line' id='line_1_34' title="bbox 192 3354 1841 3441; baseline 0.001 -29"><span class='ocrx_word' id='word_1_387' title='bbox 192 3357 273 3441; x_wconf 68' lang='lat' dir='ltr'>gellis</span> <span class='ocrx_word' id='word_1_388' title='bbox 297 3355 412 3418; x_wconf 71' lang='lat' dir='ltr'>cadere,</span> <span class='ocrx_word' id='word_1_389' title='bbox 428 3357 454 3410; x_wconf 93' lang='lat' dir='ltr'>id</span> <span class='ocrx_word' id='word_1_390' title='bbox 483 3373 582 3411; x_wconf 89' lang='lat' dir='ltr'>munus</span> <span class='ocrx_word' id='word_1_391' title='bbox 603 3358 630 3411; x_wconf 90' lang='lat' dir='ltr'>in</span> <span class='ocrx_word' id='word_1_392' title='bbox 653 3354 808 3422; x_wconf 75' lang='lat' dir='ltr'>huiusmodi</span> <span class='ocrx_word' id='word_1_393' title='bbox 837 3354 939 3408; x_wconf 87' lang='lat' dir='ltr'>otiosos</span> <span class='ocrx_word' id='word_1_394' title='bbox 964 3361 990 3407; x_wconf 81' lang='lat' dir='ltr'>el</span> <span class='ocrx_word' id='word_1_395' title='bbox 1043 3360 1160 3430; x_wconf 78' lang='lat' dir='ltr'>liutperti</span> <span class='ocrx_word' id='word_1_396' title='bbox 1176 3360 1262 3413; x_wconf 89' lang='lat' dir='ltr'>Casus</span> <span class='ocrx_word' id='word_1_397' title='bbox 1276 3359 1358 3414; x_wconf 87' lang='lat' dir='ltr'>etiam</span> <span class='ocrx_word' id='word_1_398' title='bbox 1373 3358 1401 3412; x_wconf 90' lang='lat' dir='ltr'>in</span> <span class='ocrx_word' id='word_1_399' title='bbox 1415 3359 1477 3413; x_wconf 87' lang='lat' dir='ltr'>cod.</span> <span class='ocrx_word' id='word_1_400' title='bbox 1501 3363 1604 3424; x_wconf 85' lang='lat' dir='ltr'>n.6l5‚</span> <span class='ocrx_word' id='word_1_401' title='bbox 1626 3360 1790 3415; x_wconf 85' lang='lat' dir='ltr'>sedeumis</span> <span class='ocrx_word' id='word_1_402' title='bbox 1809 3360 1841 3414; x_wconf 84' lang='lat' dir='ltr'>de</span> 
     </span>
     <span class='ocr_line' id='line_1_35' title="bbox 191 3425 1837 3503; baseline 0 -19"><span class='ocrx_word' id='word_1_403' title='bbox 191 3429 300 3484; x_wconf 81' lang='lat' dir='ltr'>inutiles</span> <span class='ocrx_word' id='word_1_404' title='bbox 316 3426 416 3483; x_wconf 84' lang='lat' dir='ltr'>acriter·</span> <span class='ocrx_word' id='word_1_405' title='bbox 442 3428 595 3483; x_wconf 80' lang='lat' dir='ltr'>exercebat.</span> <span class='ocrx_word' id='word_1_406' title='bbox 626 3427 754 3481; x_wconf 83' lang='lat' dir='ltr'>Extremo</span> <span class='ocrx_word' id='word_1_407' title='bbox 780 3425 990 3503; x_wconf 85' lang='lat' dir='ltr'>decumbentem</span> <span class='ocrx_word' id='word_1_408' title='bbox 1042 3432 1103 3486; x_wconf 74' lang='lat' dir='ltr'>eod.</span> <span class='ocrx_word' id='word_1_409' title='bbox 1120 3447 1147 3484; x_wconf 85' lang='lat' dir='ltr'>n.</span> <span class='ocrx_word' id='word_1_410' title='bbox 1165 3433 1216 3484; x_wconf 78' lang='lat' dir='ltr'>dli</span> <span class='ocrx_word' id='word_1_411' title='bbox 1236 3431 1390 3500; x_wconf 89' lang='lat' dir='ltr'>descriptus</span> <span class='ocrx_word' id='word_1_412' title='bbox 1416 3429 1577 3498; x_wconf 88' lang='lat' dir='ltr'>reperiatur.</span> <span class='ocrx_word' id='word_1_413' title='bbox 1596 3438 1623 3484; x_wconf 91' lang='lat' dir='ltr'>et</span> <span class='ocrx_word' id='word_1_414' title='bbox 1639 3431 1770 3486; x_wconf 78' lang='lat' dir='ltr'>saeculum</span> <span class='ocrx_word' id='word_1_415' title='bbox 1791 3445 1837 3485; x_wconf 84' lang='lat' dir='ltr'>rm</span> 
     </span>
     <span class='ocr_line' id='line_1_36' title="bbox 211 3495 1840 3574; baseline 0.001 -19"><span class='ocrx_word' id='word_1_416' title='bbox 211 3499 377 3569; x_wconf 77' lang='lat' dir='ltr'>uadragiuta</span> <span class='ocrx_word' id='word_1_417' title='bbox 391 3498 522 3567; x_wconf 90' lang='lat' dir='ltr'>canonici,</span> <span class='ocrx_word' id='word_1_418' title='bbox 554 3499 611 3566; x_wconf 89' lang='lat' dir='ltr'>ejus</span> <span class='ocrx_word' id='word_1_419' title='bbox 626 3497 762 3568; x_wconf 90' lang='lat' dir='ltr'>quondam</span> <span class='ocrx_word' id='word_1_420' title='bbox 791 3495 927 3574; x_wconf 84' lang='lat' dir='ltr'>discipuli,</span> <span class='ocrx_word' id='word_1_421' title='bbox 945 3510 990 3565; x_wconf 85' lang='lat' dir='ltr'>qut</span> <span class='ocrx_word' id='word_1_422' title='bbox 1042 3516 1097 3555; x_wconf 86' lang='lat' dir='ltr'>non</span> <span class='ocrx_word' id='word_1_423' title='bbox 1125 3508 1245 3571; x_wconf 88' lang='lat' dir='ltr'>superet,</span> <span class='ocrx_word' id='word_1_424' title='bbox 1274 3500 1462 3571; x_wconf 90' lang='lat' dir='ltr'>seponendum</span> <span class='ocrx_word' id='word_1_425' title='bbox 1491 3515 1552 3555; x_wconf 90' lang='lat' dir='ltr'>eum</span> <span class='ocrx_word' id='word_1_426' title='bbox 1586 3517 1648 3556; x_wconf 88' lang='lat' dir='ltr'>esse</span> <span class='ocrx_word' id='word_1_427' title='bbox 1677 3502 1840 3570; x_wconf 72' lang='lat' dir='ltr'>judicabam.</span> 
     </span>
     <span class='ocr_line' id='line_1_37' title="bbox 192 3517 1840 3642; baseline -0.003 -16"><span class='ocrx_word' id='word_1_428' title='bbox 192 3517 227 3626; x_wconf 59' lang='lat' dir='ltr'>ia</span> <span class='ocrx_word' id='word_1_429' title='bbox 243 3570 333 3624; x_wconf 91' lang='lat' dir='ltr'>multis</span> <span class='ocrx_word' id='word_1_430' title='bbox 348 3567 513 3626; x_wconf 75' lang='lat' dir='ltr'>Alamanniae</span> <span class='ocrx_word' id='word_1_431' title='bbox 528 3569 652 3624; x_wconf 87' lang='lat' dir='ltr'>ecclesiis</span> <span class='ocrx_word' id='word_1_432' title='bbox 667 3567 765 3623; x_wconf 80' lang='lat' dir='ltr'>festum</span> <span class='ocrx_word' id='word_1_433' title='bbox 786 3566 814 3620; x_wconf 90' lang='lat' dir='ltr'>S.</span> <span class='ocrx_word' id='word_1_434' title='bbox 831 3565 899 3620; x_wconf 87' lang='lat' dir='ltr'>Calli</span> <span class='ocrx_word' id='word_1_435' title='bbox 915 3567 990 3621; x_wconf 89' lang='lat' dir='ltr'>cele·</span> <span class='ocrx_word' id='word_1_436' title='bbox 1043 3571 1163 3642; x_wconf 76' lang='lat' dir='ltr'>Rarperri</span> <span class='ocrx_word' id='word_1_437' title='bbox 1191 3572 1278 3626; x_wconf 83' lang='lat' dir='ltr'>Casus</span> <span class='ocrx_word' id='word_1_438' title='bbox 1307 3571 1394 3642; x_wconf 88' lang='lat' dir='ltr'>primo</span> <span class='ocrx_word' id='word_1_439' title='bbox 1420 3569 1505 3624; x_wconf 82' lang='lat' dir='ltr'>edidit</span> <span class='ocrx_word' id='word_1_440' title='bbox 1533 3570 1669 3627; x_wconf 77' lang='lat' dir='ltr'>tielrbior</span> <span class='ocrx_word' id='word_1_441' title='bbox 1699 3572 1840 3628; x_wconf 77' lang='lat' dir='ltr'>Goldasrur</span> 
     </span>
     <span class='ocr_line' id='line_1_38' title="bbox 155 3636 1842 3709; baseline 0.002 -14"><span class='ocrx_word' id='word_1_442' title='bbox 155 3674 157 3678; x_wconf 92' lang='lat'><em>-</em></span> <span class='ocrx_word' id='word_1_443' title='bbox 192 3640 296 3696; x_wconf 90' lang='lat' dir='ltr'>braturi</span> <span class='ocrx_word' id='word_1_444' title='bbox 311 3641 364 3695; x_wconf 89' lang='lat' dir='ltr'>buc</span> <span class='ocrx_word' id='word_1_445' title='bbox 384 3648 576 3705; x_wconf 86' lang='lat' dir='ltr'>convenerant,</span> <span class='ocrx_word' id='word_1_446' title='bbox 602 3640 729 3705; x_wconf 85' lang='lat' dir='ltr'>invisere,</span> <span class='ocrx_word' id='word_1_447' title='bbox 748 3652 864 3709; x_wconf 89' lang='lat' dir='ltr'>quorum</span> <span class='ocrx_word' id='word_1_448' title='bbox 878 3636 992 3708; x_wconf 85' lang='lat' dir='ltr'>quilibet</span> <span class='ocrx_word' id='word_1_449' title='bbox 1044 3646 1112 3697; x_wconf 78' lang='lat'><strong>1606</strong></span> <span class='ocrx_word' id='word_1_450' title='bbox 1129 3641 1306 3705; x_wconf 82' lang='lat' dir='ltr'>Francoiurti,</span> <span class='ocrx_word' id='word_1_451' title='bbox 1338 3649 1445 3697; x_wconf 87' lang='lat' dir='ltr'>secutus</span> <span class='ocrx_word' id='word_1_452' title='bbox 1475 3639 1556 3696; x_wconf 84' lang='lat' dir='ltr'>fidem</span> <span class='ocrx_word' id='word_1_453' title='bbox 1576 3657 1625 3697; x_wconf 83' lang='lat' dir='ltr'>sex</span> <span class='ocrx_word' id='word_1_454' title='bbox 1645 3643 1783 3709; x_wconf 86' lang='lat' dir='ltr'>codicum,</span> <span class='ocrx_word' id='word_1_455' title='bbox 1798 3642 1842 3698; x_wconf 86' lang='lat' dir='ltr'>sed</span> 
     </span>
     <span class='ocr_line' id='line_1_39' title="bbox 193 3707 1842 3783; baseline 0.001 -16"><span class='ocrx_word' id='word_1_456' title='bbox 193 3727 223 3767; x_wconf 85' lang='lat' dir='ltr'>sa</span> <span class='ocrx_word' id='word_1_457' title='bbox 232 3727 284 3782; x_wconf 94' lang='lat' dir='ltr'>pro</span> <span class='ocrx_word' id='word_1_458' title='bbox 300 3727 333 3767; x_wconf 92' lang='lat' dir='ltr'>eo</span> <span class='ocrx_word' id='word_1_459' title='bbox 361 3707 488 3766; x_wconf 79' lang='lat' dir='ltr'>defuncto</span> <span class='ocrx_word' id='word_1_460' title='bbox 517 3711 627 3783; x_wconf 80' lang='lat' dir='ltr'>triginta</span> <span class='ocrx_word' id='word_1_461' title='bbox 654 3711 753 3763; x_wconf 89' lang='lat' dir='ltr'>missas</span> <span class='ocrx_word' id='word_1_462' title='bbox 767 3709 825 3763; x_wconf 86' lang='lat' dir='ltr'>Deo</span> <span class='ocrx_word' id='word_1_463' title='bbox 839 3707 991 3762; x_wconf 89' lang='lat' dir='ltr'>oblaturum</span> <span class='ocrx_word' id='word_1_464' title='bbox 1043 3713 1239 3768; x_wconf 90' lang='lat' dir='ltr'>recentiorum.</span> <span class='ocrx_word' id='word_1_465' title='bbox 1260 3712 1327 3780; x_wconf 80' lang='lat' dir='ltr'>Quae</span> <span class='ocrx_word' id='word_1_466' title='bbox 1344 3727 1430 3767; x_wconf 89' lang='lat' dir='ltr'>causa</span> <span class='ocrx_word' id='word_1_467' title='bbox 1451 3720 1503 3780; x_wconf 86' lang='lat' dir='ltr'>est,</span> <span class='ocrx_word' id='word_1_468' title='bbox 1526 3713 1599 3783; x_wconf 90' lang='lat' dir='ltr'>quod</span> <span class='ocrx_word' id='word_1_469' title='bbox 1619 3712 1724 3781; x_wconf 76' lang='lat' dir='ltr'>ineius</span> <span class='ocrx_word' id='word_1_470' title='bbox 1748 3715 1842 3769; x_wconf 87' lang='lat' dir='ltr'>editio·</span> 
     </span>
     <span class='ocr_line' id='line_1_40' title="bbox 195 3777 1840 3856; baseline 0.001 -18"><span class='ocrx_word' id='word_1_471' title='bbox 195 3782 358 3854; x_wconf 83' lang='lat' dir='ltr'>spondebat.</span> <span class='ocrx_word' id='word_1_472' title='bbox 372 3777 435 3834; x_wconf 87' lang='lat' dir='ltr'>Obii</span> <span class='ocrx_word' id='word_1_473' title='bbox 450 3781 494 3836; x_wconf 90' lang='lat' dir='ltr'>die</span> <span class='ocrx_word' id='word_1_474' title='bbox 508 3785 543 3837; x_wconf 72' lang='grc'>25</span> <span class='ocrx_word' id='word_1_475' title='bbox 559 3781 697 3845; x_wconf 88' lang='lat' dir='ltr'>Octobris,</span> <span class='ocrx_word' id='word_1_476' title='bbox 715 3780 790 3835; x_wconf 89' lang='lat' dir='ltr'>circa</span> <span class='ocrx_word' id='word_1_477' title='bbox 817 3781 990 3832; x_wconf 77' lang='lat' dir='ltr'>aunumlllill.</span> <span class='ocrx_word' id='word_1_478' title='bbox 1044 3800 1106 3838; x_wconf 91' lang='lat' dir='ltr'>nem</span> <span class='ocrx_word' id='word_1_479' title='bbox 1131 3783 1231 3839; x_wconf 88' lang='lat' dir='ltr'>menda</span> <span class='ocrx_word' id='word_1_480' title='bbox 1246 3783 1418 3853; x_wconf 86' lang='lat' dir='ltr'>irrepserint,</span> <span class='ocrx_word' id='word_1_481' title='bbox 1448 3798 1520 3852; x_wconf 86' lang='lat' dir='ltr'>quae,</span> <span class='ocrx_word' id='word_1_482' title='bbox 1548 3799 1610 3838; x_wconf 89' lang='lat' dir='ltr'>cum</span> <span class='ocrx_word' id='word_1_483' title='bbox 1625 3800 1717 3856; x_wconf 90' lang='lat' dir='ltr'>neque</span> <span class='ocrx_word' id='word_1_484' title='bbox 1728 3786 1840 3841; x_wconf 86' lang='lat' dir='ltr'>editores</span> 
     </span>
    </p>
   </div>
   <div class='ocr_carea' id='block_1_12' title="bbox 193 3850 1837 4088">
    <p class='ocr_par' dir='ltr' id='par_1_13' title="bbox 193 3850 1837 4088">
     <span class='ocr_line' id='line_1_41' title="bbox 194 3850 1837 3980; baseline 0 -68"><span class='ocrx_word' id='word_1_485' title='bbox 194 3854 235 3910; x_wconf 82' lang='lat' dir='ltr'>Ex</span> <span class='ocrx_word' id='word_1_486' title='bbox 250 3853 283 3908; x_wconf 81' lang='lat' dir='ltr'>iia</span> <span class='ocrx_word' id='word_1_487' title='bbox 299 3868 359 3925; x_wconf 76' lang='lat' dir='ltr'>quae</span> <span class='ocrx_word' id='word_1_488' title='bbox 374 3852 532 3933; x_wconf 58' lang='lat' dir='ltr'>scripserat.</span> <span class='ocrx_word' id='word_1_489' title='bbox 560 3859 707 3922; x_wconf 89' lang='lat' dir='ltr'>supersunt</span> <span class='ocrx_word' id='word_1_490' title='bbox 721 3857 821 3921; x_wconf 85' lang='lat' dir='ltr'>praeter</span> <span class='ocrx_word' id='word_1_491' title='bbox 835 3851 885 3929; x_wconf 84' lang='lat' dir='ltr'>lios</span> <span class='ocrx_word' id='word_1_492' title='bbox 908 3850 993 3928; x_wconf 83' lang='lat' dir='ltr'>Casus</span> <span class='ocrx_word' id='word_1_493' title='bbox 1044 3855 1242 3980; x_wconf 54' lang='lat' dir='ltr'>subsequentes</span> <span class='ocrx_word' id='word_1_494' title='bbox 1257 3854 1292 3909; x_wconf 91' lang='lat' dir='ltr'>ad</span> <span class='ocrx_word' id='word_1_495' title='bbox 1305 3853 1427 3909; x_wconf 90' lang='lat' dir='ltr'>codicem</span> <span class='ocrx_word' id='word_1_496' title='bbox 1450 3853 1644 3924; x_wconf 75' lang='lat' dir='ltr'>primigenium</span> <span class='ocrx_word' id='word_1_497' title='bbox 1659 3863 1837 3920; x_wconf 70' lang='lat' dir='ltr'>recurrerent,</span> 
     </span>
     <span class='ocr_line' id='line_1_42' title="bbox 196 3920 1454 3999; baseline -0.005 -19"><span class='ocrx_word' id='word_1_498' title='bbox 196 3923 294 3996; x_wconf 74' lang='lat' dir='ltr'>aliquae</span> <span class='ocrx_word' id='word_1_499' title='bbox 307 3924 409 3980; x_wconf 85' lang='lat' dir='ltr'>obartae</span> <span class='ocrx_word' id='word_1_500' title='bbox 425 3923 607 3988; x_wconf 79' lang='lat' dir='ltr'>traditionum,</span> <span class='ocrx_word' id='word_1_501' title='bbox 635 3923 726 3992; x_wconf 90' lang='lat' dir='ltr'>plures</span> <span class='ocrx_word' id='word_1_502' title='bbox 751 3922 842 3990; x_wconf 86' lang='lat' dir='ltr'>bymnr</span> <span class='ocrx_word' id='word_1_503' title='bbox 858 3935 928 3974; x_wconf 87' lang='lat' dir='ltr'>sacri</span> <span class='ocrx_word' id='word_1_504' title='bbox 943 3920 993 3999; x_wconf 80' lang='lat' dir='ltr'>abs</span> <span class='ocrx_word' id='word_1_505' title='bbox 1043 3925 1129 3981; x_wconf 78' lang='lat' dir='ltr'>identi</span> <span class='ocrx_word' id='word_1_506' title='bbox 1149 3941 1192 3980; x_wconf 78' lang='lat' dir='ltr'>ern</span> <span class='ocrx_word' id='word_1_507' title='bbox 1208 3940 1303 3981; x_wconf 79' lang='lat' dir='ltr'>recusa</span> <span class='ocrx_word' id='word_1_508' title='bbox 1319 3924 1454 3979; x_wconf 87' lang='lat' dir='ltr'>videmus.</span> 
     </span>
     <span class='ocr_line' id='line_1_43' title="bbox 193 3990 1392 4088; baseline -0.003 -39"><span class='ocrx_word' id='word_1_509' title='bbox 193 3994 296 4049; x_wconf 82' lang='lat' dir='ltr'>todooo</span> <span class='ocrx_word' id='word_1_510' title='bbox 311 3994 410 4049; x_wconf 83' lang='lat' dir='ltr'>llezler</span> <span class='ocrx_word' id='word_1_511' title='bbox 425 3993 534 4047; x_wconf 88' lang='lat' dir='ltr'>Canisio</span> <span class='ocrx_word' id='word_1_512' title='bbox 562 3992 650 4046; x_wconf 85' lang='lat' dir='ltr'>traditi</span> <span class='ocrx_word' id='word_1_513' title='bbox 676 3990 843 4061; x_wconf 88' lang='lat' dir='ltr'>publicandi,</span> <span class='ocrx_word' id='word_1_514' title='bbox 860 3998 886 4045; x_wconf 93' lang='lat' dir='ltr'>et</span> <span class='ocrx_word' id='word_1_515' title='bbox 903 4004 994 4045; x_wconf 82' lang='lat' dir='ltr'>versio</span> <span class='ocrx_word' id='word_1_516' title='bbox 1119 4023 1150 4077; x_wconf 69' lang='lat' dir='ltr'>ln</span> <span class='ocrx_word' id='word_1_517' title='bbox 1165 4022 1193 4078; x_wconf 43' lang='lat' dir='ltr'>S·</span> <span class='ocrx_word' id='word_1_518' title='bbox 1211 4021 1392 4088; x_wconf 46' lang='grc' dir='ltr'>6811οΛθῆ</span> 
     </span>
    </p>
   </div>
   <div class='ocr_carea' id='block_1_13' title="bbox 194 4059 1739 4275">
    <p class='ocr_par' dir='ltr' id='par_1_14' title="bbox 194 4059 1739 4275">
     <span class='ocr_line' id='line_1_44' title="bbox 194 4059 1739 4203; baseline -0.001 -15"><span class='ocrx_word' id='word_1_519' title='bbox 194 4059 995 4203; x_wconf 43' lang='grc' dir='ltr'>ἒὲιτιαῐΐῒὲιιιιῑξηίὃοῇῗὲἓιοὶῑιαέαἷὲῗοὸἲγάὶυὲεὲΞεΡὲῑὲῗιιιεὶξίζτ</span> <span class='ocrx_word' id='word_1_520' title='bbox 1388 4094 1581 4192; x_wconf 36' lang='lat' dir='ltr'>¹L⁰⁸⁹f¹⁰3¹⁵⁰⁵</span> <span class='ocrx_word' id='word_1_521' title='bbox 1591 4109 1648 4193; x_wconf 41' lang='lat'>¹¹⁰¹}</span> <span class='ocrx_word' id='word_1_522' title='bbox 1664 4099 1739 4167; x_wconf 53' lang='grc' dir='ltr'>Μ’</span> 
     </span>
     <span class='ocr_line' id='line_1_45' title="bbox 195 4182 1691 4275; baseline 0 -16"><span class='ocrx_word' id='word_1_523' title='bbox 195 4204 229 4259; x_wconf 87' lang='lat' dir='ltr'>sit</span> <span class='ocrx_word' id='word_1_524' title='bbox 246 4220 279 4261; x_wconf 87' lang='lat' dir='ltr'>ac</span> <span class='ocrx_word' id='word_1_525' title='bbox 298 4213 364 4260; x_wconf 64' lang='lat' dir='ltr'>aas</span> <span class='ocrx_word' id='word_1_526' title='bbox 381 4205 440 4273; x_wconf 87' lang='lat' dir='ltr'>ejus</span> <span class='ocrx_word' id='word_1_527' title='bbox 459 4205 488 4258; x_wconf 93' lang='lat' dir='ltr'>in</span> <span class='ocrx_word' id='word_1_528' title='bbox 516 4203 653 4275; x_wconf 86' lang='lat' dir='ltr'>plerisque</span> <span class='ocrx_word' id='word_1_529' title='bbox 682 4202 796 4271; x_wconf 83' lang='lat' dir='ltr'>larebat,</span> <span class='ocrx_word' id='word_1_530' title='bbox 820 4201 994 4256; x_wconf 92' lang='lat' dir='ltr'>nibilominus</span> <span class='ocrx_word' id='word_1_531' title='bbox 1452 4182 1691 4238; x_wconf 65' lang='lat' dir='ltr'><strong>B¹b¹¹⁰²h0⁶³s¹¹¹⁸·</strong></span> 
     </span>
    </p>
   </div>
   <div class='ocr_carea' id='block_1_14' title="bbox 194 4325 1838 4462">
    <p class='ocr_par' dir='ltr' id='par_1_15' title="bbox 194 4325 1838 4462">
     <span class='ocr_line' id='line_1_46' title="bbox 228 4325 1838 4395; baseline -0.001 -13"><span class='ocrx_word' id='word_1_532' title='bbox 228 4328 266 4395; x_wconf 80' lang='lat' dir='ltr'>(a)</span> <span class='ocrx_word' id='word_1_533' title='bbox 278 4331 381 4382; x_wconf 83' lang='lat' dir='ltr'>Notitias</span> <span class='ocrx_word' id='word_1_534' title='bbox 393 4343 449 4382; x_wconf 88' lang='lat' dir='ltr'>suas</span> <span class='ocrx_word' id='word_1_535' title='bbox 460 4329 543 4381; x_wconf 89' lang='lat' dir='ltr'>bausit</span> <span class='ocrx_word' id='word_1_536' title='bbox 566 4342 598 4380; x_wconf 82' lang='lat' dir='ltr'>ex</span> <span class='ocrx_word' id='word_1_537' title='bbox 610 4328 672 4379; x_wconf 85' lang='lat' dir='ltr'>Vitis</span> <span class='ocrx_word' id='word_1_538' title='bbox 692 4329 739 4379; x_wconf 83' lang='lat' dir='ltr'>ss.</span> <span class='ocrx_word' id='word_1_539' title='bbox 756 4326 908 4389; x_wconf 80' lang='lat' dir='ltr'>columbani,</span> <span class='ocrx_word' id='word_1_540' title='bbox 920 4327 994 4390; x_wconf 87' lang='lat' dir='ltr'>Galli,</span> <span class='ocrx_word' id='word_1_541' title='bbox 1045 4329 1070 4376; x_wconf 91' lang='lat' dir='ltr'>et</span> <span class='ocrx_word' id='word_1_542' title='bbox 1081 4325 1175 4376; x_wconf 87' lang='lat' dir='ltr'>chartis</span> <span class='ocrx_word' id='word_1_543' title='bbox 1187 4326 1336 4376; x_wconf 84' lang='lat' dir='ltr'>authenticis</span> <span class='ocrx_word' id='word_1_544' title='bbox 1348 4326 1411 4388; x_wconf 92' lang='lat' dir='ltr'>apud</span> <span class='ocrx_word' id='word_1_545' title='bbox 1431 4327 1457 4376; x_wconf 84' lang='lat' dir='ltr'>S.</span> <span class='ocrx_word' id='word_1_546' title='bbox 1478 4326 1573 4377; x_wconf 82' lang='lat' dir='ltr'>Gallum</span> <span class='ocrx_word' id='word_1_547' title='bbox 1585 4329 1724 4380; x_wconf 78' lang='lat' dir='ltr'>adservatis</span> <span class='ocrx_word' id='word_1_548' title='bbox 1739 4329 1793 4391; x_wconf 85' lang='lat' dir='ltr'>;sui</span> <span class='ocrx_word' id='word_1_549' title='bbox 1803 4329 1838 4380; x_wconf 77' lang='lat' dir='ltr'>da</span> 
     </span>
     <span class='ocr_line' id='line_1_47' title="bbox 194 4393 1836 4462; baseline -0.005 -12"><span class='ocrx_word' id='word_1_550' title='bbox 194 4403 220 4452; x_wconf 85' lang='lat' dir='ltr'>at</span> <span class='ocrx_word' id='word_1_551' title='bbox 228 4397 332 4462; x_wconf 80' lang='lat' dir='ltr'>otmari,</span> <span class='ocrx_word' id='word_1_552' title='bbox 345 4411 375 4449; x_wconf 85' lang='lat' dir='ltr'>cr</span> <span class='ocrx_word' id='word_1_553' title='bbox 389 4399 545 4459; x_wconf 86' lang='lat' dir='ltr'>antiquorum</span> <span class='ocrx_word' id='word_1_554' title='bbox 557 4398 657 4447; x_wconf 85' lang='lat' dir='ltr'>Patrum</span> <span class='ocrx_word' id='word_1_555' title='bbox 682 4394 863 4456; x_wconf 89' lang='lat' dir='ltr'>traditionibus,</span> <span class='ocrx_word' id='word_1_556' title='bbox 879 4394 994 4454; x_wconf 84' lang='lat' dir='ltr'>librisque</span> <span class='ocrx_word' id='word_1_557' title='bbox 1045 4393 1117 4454; x_wconf 87' lang='lat' dir='ltr'>nique</span> <span class='ocrx_word' id='word_1_558' title='bbox 1131 4393 1247 4455; x_wconf 80' lang='lat' dir='ltr'>temporis</span> <span class='ocrx_word' id='word_1_559' title='bbox 1255 4393 1362 4444; x_wconf 79' lang='lat' dir='ltr'>historia</span> <span class='ocrx_word' id='word_1_560' title='bbox 1371 4405 1428 4456; x_wconf 90' lang='lat' dir='ltr'>pars</span> <span class='ocrx_word' id='word_1_561' title='bbox 1436 4393 1545 4457; x_wconf 83' lang='lat' dir='ltr'>ipscnau</span> <span class='ocrx_word' id='word_1_562' title='bbox 1559 4405 1640 4456; x_wconf 84' lang='lat' dir='ltr'>parra</span> <span class='ocrx_word' id='word_1_563' title='bbox 1653 4395 1744 4448; x_wconf 84' lang='lat' dir='ltr'>luerat.</span> <span class='ocrx_word' id='word_1_564' title='bbox 1753 4398 1836 4448; x_wconf 78' lang='lat' dir='ltr'>Parra.</span> 
     </span>
    </p>
   </div>
   <div class='ocr_carea' id='block_1_15' title="bbox 0 0 1921 6100">
    <p class='ocr_par' dir='ltr' id='par_1_16' title="bbox 0 0 1921 6100">
     <span class='ocr_line' id='line_1_48' title="bbox 0 0 1921 6100; baseline 0 0"><span class='ocrx_word' id='word_1_565' title='bbox 0 0 1921 6100; x_wconf 95' lang='lat' dir='ltr'> </span> 
     </span>
    </p>
   </div>
  </div>
 </body>
</html>
