3794 6104
76 243 125 297 tlt

662 229 840 290 nrtshona
866 227 912 283 ΕΤ
934 228 1111 286 anenata,

1678 231 1733 289 did

73 376 689 449 rotoeommunidecernas.turereamgotiun
698 375 748 430 viri
761 372 872 428 illustris
886 351 1006 413 Afi⁰⁰l0
1017 361 1214 423 satadewinus·
1228 352 1401 424 Quapropter
1423 354 1502 423 hujus
1531 361 1630 410 ⁰⁰⁵¹?oe
1657 371 1733 411 com-

74 469 229 525 Deusdedit
244 466 359 540 gloriosi
382 466 469 534 ducis,
493 466 538 536 qui
560 472 682 519 nostrum
712 460 880 533 pontificium

72 557 150 624 adiit,
163 557 260 611 dicens
276 571 306 610 se
320 570 336 609 a
348 562 392 608 tua
407 554 518 608 solertia
534 568 582 623 pro
597 551 726 622 conjugio
739 566 795 604 suae
809 563 880 602 uxo-

72 647 122 710 ris,
139 660 223 716 quam
239 643 311 697 illins
322 642 555 714 consanguineam
564 639 658 694 lateris
668 639 879 703 existere,eom-

75 732 207 788 munione
222 732 370 803 privatum,
388 738 429 784 est
460 728 553 800 procul
580 728 664 781 dubio
682 724 878 787 ventilandum,

72 830 101 876 ut
117 819 250 892 quidquid
270 818 311 873 rei
326 818 428 873 veritas
441 817 504 871 hinc
532 813 764 877 demonstraverit,
789 811 880 867 omni-

72 908 165 963 modis
178 921 369 978 exsequamur.
400 903 452 974 Qui
466 920 515 974 pro
530 919 563 958 eo
577 902 649 975 quod
666 911 720 956 tam
736 901 781 954 diu
806 899 879 970 apud

72 1012 125 1051 nos
142 994 369 1058 estimmoratus,
386 1000 413 1046 et
433 992 466 1046 de
496 999 540 1046 tua
555 1000 641 1061 parte,
672 989 718 1060 qui
748 987 879 1042 rationem

73 1084 215 1146 redderet,
242 1098 296 1136 nou
324 1089 366 1136 est
390 1081 523 1145 inventus,
554 1077 752 1132 rationabiliter
781 1083 880 1130 erata

75 1171 159 1226 nobis
176 1170 284 1224 interim
299 1168 483 1223 absolvendus
501 1174 608 1221 :tamen
624 1165 687 1236 quia
701 1165 728 1218 in
743 1163 877 1234 proximo,

78 1259 151 1314 sicut
162 1258 289 1324 diximus,
313 1254 448 1327 synodum
463 1255 529 1325 (qua
557 1255 608 1308 hoc
623 1269 683 1308 curn
704 1251 879 1306 unanimitate

74 1347 193 1402 aliorum
217 1343 445 1401 consacerdotum
468 1341 637 1412 fratrumque
663 1347 819 1395 nostrorum
851 1341 878 1393 et

71 1445 117 1489 tua
132 1443 174 1489 est
189 1434 261 1488 inter
288 1432 343 1486 alia
370 1429 603 1500 pertractandum)
634 1429 775 1484 celebrare
797 1427 879 1481 debe·

71 1538 145 1585 mus,
162 1520 273 1591 dignius
283 1517 475 1588 judicavimus,
492 1517 564 1588 quod
579 1523 606 1571 et
613 1517 680 1586 ipsae
690 1532 735 1570 res
750 1521 879 1586 expetunt

68 1619 146 1665 tuum
162 1607 317 1680 praestolari
333 1607 488 1673 adventum,
505 1613 534 1660 ut
562 1605 615 1660 hoe
638 1604 762 1676 synodali
782 1603 877 1657 discu-

67 1699 170 1752 tiamus
192 1695 321 1767 collegio,
337 1702 364 1749 et
378 1694 482 1749 alterna
503 1693 608 1748 visione
636 1691 870 1764 congratulantes,
887 1697 913 1758 B

930 441 1087 497 monitionis
1111 441 1280 496 sanctitatem
1304 449 1424 496 vestram
1449 443 1626 497 exhortamur
1646 443 1734 515 apici·
1792 451 1804 465 ‘

930 529 991 593 bus,
1009 538 1047 595 ut,
1065 529 1142 583 solita
1158 529 1263 583 desidia
1278 529 1412 599 deposita,
1434 530 1469 585 ad
1493 532 1619 586 eamdem
1647 548 1733 603 syno-

930 617 993 670 dum
1010 616 1122 670 Romam
1139 616 1231 670 venire
1245 632 1299 672 non
1325 615 1468 683 differatis,
1489 626 1634 690 quatenus,
1664 620 1735 677 sicut

930 703 1057 767 diximus,
1074 720 1105 758 ea
1121 720 1181 775 quae
1196 705 1304 776 agenda
1319 714 1390 771 sunt,
1401 706 1509 761 Christo
1521 708 1642 777 juvante,
1659 724 1734 764 com·

929 791 1047 846 muniter
1062 808 1236 864 peragamus,
1250 800 1276 847 et
1292 810 1353 864 qum
1377 794 1453 864 juxta
1480 795 1567 850 nostri
1588 795 1734 853 ministerii

929 878 1019 935 officia
1030 880 1175 934 statuenda
1189 888 1261 945 suut,
1278 880 1421 937 salubriter
1441 890 1602 938 statuamus.
1633 884 1730 941 Videte

929 966 1020 1038 itaque
1035 983 1069 1022 ne
1086 967 1165 1022 solito
1179 968 1352 1040 negligenter
1366 970 1464 1042 agatis,
1481 987 1515 1026 ne
1531 971 1554 1025 si
1569 987 1618 1042 per
1631 987 1681 1027 vos
1696 986 1730 1028 ea

929 1071 990 1126 qua,¹
1005 1055 1102 1109 honori
1122 1063 1149 1109 et
1165 1056 1246 1110 statui
1261 1065 1362 1112 sanctas
1383 1058 1432 1112 Dei
1447 1058 1579 1114 Ecclesiae
1592 1067 1655 1115 sunt
1668 1074 1730 1131 pro-

929 1140 1009 1207 ficua,
1028 1142 1182 1197 inordinata
1198 1145 1389 1214 remanserint,
1406 1153 1442 1212 et,
1455 1148 1528 1218 quod
1543 1163 1597 1201 aon
1610 1155 1727 1218 oportet,

928 1231 1020 1285 venire
1035 1231 1263 1301 contempseritis,
1282 1233 1418 1288 canonicis
1444 1234 1542 1290 ictibus
1558 1251 1612 1290 non
1627 1236 1726 1292 imme·

929 1318 980 1373 rito
997 1317 1143 1373 feriamini.
1159 1320 1229 1374 Data
1239 1319 1326 1390 pridie
1342 1321 1477 1376 Kalendas
1492 1322 1629 1391 Octobris,
1653 1322 1726 1378 indi·

928 1406 1016 1461 ctione
1026 1421 1085 1461 xrv.

1283 1496 1370 1552 cccl.

1174 1595 1211 1636 nu
1223 1596 1351 1639 canonux
1366 1599 1470 1641 necem

1233 1671 1323 1739 (Auno
1343 1673 1418 1742 880.)

66 1785 127 1855 pari
143 1783 276 1839 sententia
299 1782 502 1838 decernamus:
527 1780 554 1835 in
569 1794 624 1852 que
638 1779 719 1834 etiam
738 1778 870 1850 quidquid
922 1758 1726 1843 Loeisswrde‘lulimf’ll‘muatf‘i’ssumfflmmmm

956 1845 981 1883 er
996 1845 1128 1901 prospere
1136 1833 1269 1884 eorntnnt
1280 1849 1289 1884 ,·
1301 1835 1420 1885 nanbat
1428 1832 1608 1887 Saracenosn
1621 1833 1723 1890 Groecis

955 1900 1050 1963 victos,
1064 1916 1145 1970 seque
1170 1899 1329 1963 Saracenis,
1358 1903 1556 1956 etntiisctiom
1572 1904 1722 1975 ocldepre·

953 1987 1002 2094 pitz
1000 1985 1103 2093 :tqanre
1112 1971 1186 2042 petit
1194 1974 1226 2025 nt
1235 1970 1288 2025 ribi
1297 1988 1382 2043 qnam
1392 1971 1530 2026 citissime
1548 1973 1661 2030 nuntio
1670 1990 1719 2031 vc·

66 1887 151 1943 supra
160 1886 292 1944 generum
309 1885 387 1924 suurn
401 1869 538 1934 habueris,
566 1868 688 1922 similiter
702 1866 811 1921 diffiniri
823 1867 868 1934 ju-

68 1959 194 2014 beamus.
213 1960 342 2013 Praeterea
353 1957 407 2025 jam
423 1957 487 2012 dicti
502 1956 552 2011 viri
575 1956 684 2024 conjux,
714 1955 796 2009 llaria
823 1969 870 2009 no·

66 2048 152 2113 mine,
170 2045 291 2100 libellum
306 2061 362 2100 suae
377 2043 576 2099 reclamationis
591 2060 640 2114 per
658 2042 768 2097 Paulum
788 2041 867 2114 lega-

63 2143 121 2189 tum
153 2149 231 2187 snum
256 2141 350 2187 nostro
377 2130 533 2203 praesulatui
547 2131 665 2201 dirigere
700 2130 865 2200 procuravit,
953 2127 1066 2181 Canobo
1081 2127 1203 2197 glorioso
1217 2127 1286 2198 regi.

66 2237 197 2277 asserens
208 2228 281 2275 tuam
295 2219 463 2274 sanctitatem
480 2219 621 2289 innuptiis
637 2234 687 2288 per
703 2233 867 2274 consensum
953 2214 1092 2284 Susceptis
1107 2215 1202 2287 gloriae
1221 2223 1327 2285 vestrae,
1348 2216 1476 2287 spiritalis
1485 2227 1565 2291 atque
1575 2220 1718 2277 desidera-

67 2309 157 2381 patris
172 2309 206 2364 de
227 2323 260 2363 ca
288 2308 398 2372 habitis,
429 2307 567 2362 consciam
582 2306 719 2361 exstitisse
735 2324 742 2371 ;
759 2313 785 2360 et
814 2313 865 2359 tam
917 2301 978 2356 bilis
1007 2300 1045 2356 srli
1073 2303 1152 2357 nobis
1189 2303 1301 2359 directis
1326 2304 1458 2375 apicibus,
1488 2314 1570 2380 atque
1598 2308 1716 2379 relectis,

64 2399 157 2453 virum
172 2412 251 2451 suurn
269 2412 350 2467 quarn
376 2411 415 2461 se,
440 2403 585 2465 postquam
608 2409 662 2448 una
689 2409 753 2449 caro
777 2391 866 2448 effecti
917 2390 980 2461 quia
994 2406 1053 2458 vos,
1070 2390 1128 2445 Deo
1137 2391 1248 2462 gratias,
1266 2392 1380 2447 sanitate
1405 2393 1716 2468 vigere'cognovimus,

62 2493 137 2550 suut,
165 2493 220 2538 tarn
244 2484 278 2538 ad
300 2483 461 2554 spiritalem,
485 2483 542 2537 sive
567 2482 747 2547 Dominicam,
785 2497 864 2552 quam
915 2476 1076 2533 ineffabiliet
1093 2479 1259 2550 ultraquam
1288 2480 1341 2534 dici
1373 2482 1459 2551 possit
1482 2483 1649 2552 jucunditate
1667 2501 1716 2541 re·

63 2573 146 2628 etiam
165 2572 200 2626 ad
215 2571 428 2626 communiorem
456 2585 590 2634 mensam,
621 2585 694 2640 sape
708 2583 761 2623 noa
776 2569 864 2624 solum
914 2564 987 2631 lecti,
1006 2566 1032 2619 in
1049 2566 1164 2621 Domino
1188 2567 1315 2637 gratulati
1343 2585 1437 2623 sumus
1452 2585 1458 2624 :
1475 2579 1501 2625 et
1530 2580 1556 2626 ut
1568 2572 1657 2645 magis
1684 2587 1717 2630 ac

64 2659 223 2727 admisisse,
237 2659 284 2713 sed
299 2658 381 2713 etiarn
396 2657 535 2713 invitasse.
552 2658 771 2726 Sedethocper
785 2672 864 2711 eum·
914 2655 1002 2723 magis
1018 2653 1095 2709 vobis
1117 2655 1248 2710 Dominus
1276 2656 1350 2710 Deus
1379 2666 1472 2712 noster
1505 2661 1714 2731 prosperitatem

65 2749 130 2803 dem
148 2763 225 2801 suum
248 2746 368 2800 libellum
396 2745 571 2800 reclamando
587 2745 701 2799 innotuit
717 2745 790 2815 quod
805 2745 865 2800 bla—
913 2742 1025 2810 tribuat,
1055 2741 1221 2812 triumphurn
1240 2743 1274 2799 de
1301 2744 1507 2801 adversantibus
1529 2729 1670 2815 concedat,
1687 2756 1714 2805 et

56 2837 186 2904 juranus,
203 2835 248 2906 qui
276 2842 303 2889 et
331 2833 517 2904 llaginpertus
541 2833 674 2888 diaconus
702 2832 809 2899 dicitur,
835 2833 862 2887 iu
912 2827 1002 2883 felicia
1016 2837 1139 2899 tempora
1152 2830 1186 2884 ad
1198 2847 1313 2903 regnum
1326 2831 1439 2903 pacifice
1461 2842 1542 2906 atque
1562 2836 1713 2906 justissime

61 2939 163 2979 necem
178 2923 219 2976 sui
232 2921 319 2992 patris
330 2922 509 2983 consenserit,
527 2928 623 2991 petens
638 2937 652 2974 a
668 2920 748 2975 nobis
766 2937 798 2975 er
810 2921 862 2977 hoc
912 2916 1112 2987 disponendum
1140 2918 1310 2990 multiplicet,
1333 2921 1469 2976 continuis
1489 2923 1559 2978 votis
1587 2924 1714 2982 eumdem

60 3010 271 3067 convenientem
281 3008 423 3078 justitiam,
439 3016 465 3064 et
479 3009 578 3063 obnixe
592 3007 732 3079 postulans
747 3009 798 3064 hoc
822 3009 862 3062 in·
876 3043 900 3106 C
913 3005 1059 3060 Dominum
1074 3006 1261 3075 deprecamur.
1279 3007 1349 3076 Quia
1363 3008 1431 3063 nihil
1459 3018 1500 3065 cst
1527 3012 1647 3080 omnino,
1676 3012 1715 3069 fili

58 3099 217 3154 discussum
232 3113 285 3152 non
296 3096 457 3168 derelinqui,
475 3113 557 3168 quern
571 3095 697 3152 videlicet
714 3094 863 3167 saepissinie
911 3093 1080 3159 charissime,
1097 3095 1176 3150 nobis
1187 3095 1291 3152 dulcius
1307 3096 1428 3169 nihilque
1450 3099 1602 3167 amabilius,
1627 3117 1709 3172 quam

59 3184 244 3243 Bononiensis
259 3184 403 3256 episcopus
421 3201 478 3240 suae
500 3185 632 3241 Ecclesiae
648 3184 777 3240 famulum
791 3202 863 3257 quae-
912 3189 940 3234 ut
963 3198 1012 3236 vos
1035 3197 1145 3253 semper
1174 3183 1210 3237 ad
1246 3181 1435 3240 defensionem
1464 3195 1491 3241 ct
1516 3188 1708 3244 exaltationem

57 3291 122 3330 rere
139 3273 249 3328 studuit.
265 3273 350 3344 Hujus
379 3273 419 3328 rei
448 3273 544 3346 gratia,
574 3273 747 3344 precipimus
773 3273 862 3345 ipsum
910 3277 1011 3324 sancta
1019 3269 1115 3324 matris
1131 3277 1229 3325 vestrae
1243 3271 1372 3327 Romane
1398 3273 1532 3330 Ecclesiae
1558 3290 1711 3346 cognosca-

54 3364 209 3420 diaoonum
224 3361 576 3418 tecumnobisomnimodis
590 3361 723 3426 exhiheri,
740 3370 769 3415 ut
783 3362 860 3433 quid-
906 3372 968 3410 mus
981 3373 1043 3412 esse
1057 3357 1286 3428 promptissimos,
1303 3368 1369 3414 etet
1384 3360 1424 3415 eis
1439 3362 1484 3431 qui
1499 3378 1560 3418 eam
1587 3362 1703 3419 diversis

57 3451 128 3523 quid
144 3449 256 3506 rationis
279 3451 348 3506 ordo
375 3449 541 3521 poposcerit,
567 3450 713 3518 adjuvante
732 3450 858 3517 Domino,
909 3445 997 3500 modis
1012 3445 1180 3517 impugnant,
1198 3446 1283 3502 libera
1303 3448 1480 3505 correctionis
1507 3465 1541 3507 ae
1554 3451 1706 3523 discipline

55 3538 191 3596 canonice
206 3537 366 3594 ventilemus
379 3544 405 3593 ct
421 3538 550 3609 synodice
562 3545 721 3592 statuamus.
737 3538 806 3593 Data
829 3554 859 3594 nr
909 3532 1040 3588 sententia
1055 3533 1200 3589 contraire.
1230 3536 1288 3590 Nos
1302 3544 1402 3604 autem,
1432 3536 1536 3593 licetin
1559 3539 1707 3596 innumeris

54 3627 197 3683 Kalendas
211 3625 347 3692 Octobris,
363 3625 510 3681 indictione
527 3626 632 3682 decima
646 3634 750 3698 quarta.
907 3618 1107 3675 infrunitatihus
1122 3630 1203 3693 atque
1220 3624 1355 3696 augustiis
1380 3626 1528 3693 constituti,
1559 3627 1618 3683 Deo
1646 3644 1710 3701 gra-

414 3757 477 3813 CCC
908 3707 968 3774 tias,
998 3716 1134 3780 utcunque
1161 3710 1286 3766 valemus
1302 3731 1309 3779 ;
1326 3713 1375 3768 sed
1403 3721 1467 3769 tunc
1494 3715 1584 3785 potius
1613 3725 1708 3774 nostra

267 3859 284 3900 Α
369 3860 385 3897 v
483 3799 489 3811 '
907 3796 1010 3850 sanitas
1023 3796 1083 3861 erit,
1101 3796 1123 3851 si
1138 3813 1188 3853 vos
1203 3800 1277 3854 omni
1291 3801 1482 3872 prosperitate,
1513 3810 1542 3859 ut
1570 3803 1702 3874 diximus,

286 3859 645 4004 ⁰⁰m(;³:gg⁵8¹;g;⁸⁰⁰⁹⁰⁸'
906 3883 1010 3954 pollere
1039 3879 1259 3958 cognoverimus,
1289 3890 1374 3945 etad
1403 3890 1481 3946 nobis
1508 3891 1704 3950 conserendum

191 4023 225 4079 Ut
238 4021 400 4078 mamad
413 3974 549 4093 synodum}
559 4022 722 4079 adveniam·
905 3972 1031 4028 solatium
1046 3973 1207 4030 festinanter
1231 3992 1387 4044 occurrere,
1406 3987 1434 4034 ut
1468 3980 1573 4036 alterna
1597 3981 1702 4039 visione

167 4126 172 4136 ι
279 4126 284 4138 ¹
356 4126 361 4136 ι
904 4059 1057 4133 loquamur,
1074 4079 1128 4118 non
1145 4064 1202 4135 pati
1230 4081 1321 4121 moras
1349 4067 1529 4124 advertimus.
1560 4070 1703 4138 Caeterum,

88 4127 442 4198 0¹1¹1¹¹b¹1³⁰1³¹⁸⁰⁰ll¹⁵ller
469 4127 596 4183 duilium
625 4128 801 4199 SPOlelflssum
830 4137 856 4185 ⁰²
905 4150 977 4219 quod
993 4150 1081 4206 dicitis
1097 4159 1125 4205 ut
1140 4151 1323 4209 Liuttvardum
1337 4157 1519 4212 venerabilem
1544 4159 1704 4231 episcopum

55 4216 273 4314 &meritsssefflt
288 4223 315 4313 ἓξ
329 4215 364 4270 fid
379 4230 474 4270 ⁰11¹sse⁵
489 4216 633 4287 091800905
662 4234 712 4288 per
730 4218 854 4273 divers&
904 4251 1076 4292 communem
1105 4238 1211 4294 lidelem
1240 4249 1363 4296 nostrum
1388 4244 1422 4297 ad
1450 4260 1501 4299 uos
1520 4246 1690 4315 praemittatis

51 4319 210 4376 provincias
226 4310 396 4359 ὓθῃθῑῑῑῦῑθῦ·
904 4323 983 4379 valde
999 4325 1025 4378 in
1042 4325 1157 4380 Domino
1172 4328 1340 4396 gratulamur
1355 4348 1362 4393 ;
1379 4338 1473 4385 etcum
1488 4347 1550 4385 eum
1565 4349 1616 4402 pro
1631 4291 1703 4390 com1

86 4400 224 4455 Nolumus
238 4400 365 4473 ignorare
375 4408 494 4456 vestram
514 4401 710 4458 fraternitatem
724 4403 785 4475 quia
800 4419 850 4475 pro
864 4394 976 4465 Dmuni
996 4412 1110 4467 utilitate
1125 4429 1233 4483 semper
1246 4414 1381 4470 desudare
1395 4420 1615 4489 cognoverimus,
1640 4437 1700 4476 rna-

48 4488 249 4559 multiplicibus
269 4497 369 4544 sanctae
380 4490 430 4544 Dei
441 4490 571 4546 Ecclesiae
587 4492 804 4552 necessitatibus.
823 4508 850 4548 vr
901 4515 986 4571 gnum
1002 4499 1081 4555 nobis
1096 4501 1225 4570 gaudium
1241 4501 1269 4555 in
1291 4503 1409 4558 adventu
1425 4504 1498 4559 illius
1507 4517 1641 4574 nascetur,
1666 4524 1700 4565 eo

49 4578 115 4632 ldus
139 4576 302 4631 Novembris
324 4575 401 4631 istius
430 4587 532 4649 quar-tce
559 4579 674 4635 decima
697 4580 851 4635 indictionis
901 4587 1014 4658 quadiu
1029 4588 1114 4658 ipsius
1128 4591 1274 4659 prasentia
1289 4599 1407 4646 vestram
1422 4593 1585 4648 intuebimur
1609 4596 1698 4651 excel·

50 4664 215 4737 synodalem
230 4673 402 4730 conventum,
418 4667 535 4721 Domino
552 4668 706 4736 adjuvante,
724 4668 849 4723 celebra·
901 4674 1022 4730 lentiam.
1039 4677 1189 4743 Postremo,
1220 4676 1431 4743 lilicbarissirne,
1444 4682 1699 4752 quodsciscitamini

47 4754 104 4809 turi
121 4769 217 4807 sumus
229 4771 236 4817 ;
248 4760 341 4808 etcum
349 4754 476 4819 diversis,
488 4757 625 4826 praecipue
638 4756 847 4821 Saracenorum,
900 4763 935 4818 dc
951 4764 1065 4831 Graecis,
1083 4774 1165 4838 atique
1192 4768 1346 4833 lsmaelitis,
1363 4777 1389 4823 et
1417 4770 1520 4825 caeteris
1544 4772 1696 4846 quibusque

47 4841 254 4913 impedimentis
268 4841 398 4912 implicati
425 4859 558 4908 essemus,
588 4844 762 4914 nequivimus
787 4862 848 4901 eum
901 4853 1177 4923 exterisnationibus
1195 4855 1237 4910 vel
1252 4856 1420 4923 concivibus,
1437 4859 1553 4929 qualiter
1570 4877 1615 4916 res
1630 4878 1695 4935 aga·

47 4946 99 4985 suo
114 4938 240 4998 ternpore
254 4945 435 5002 congregare,
452 4931 565 5004 dignum
590 4932 716 4987 duximus
740 4935 774 4988 ad
798 4950 848 4989 au·
900 4947 953 5008 tur,
966 4941 1125 4997 brevissime
1142 4943 1349 5013 respondemus.
1367 4945 1420 5000 Sed
1443 4955 1470 5000 ut
1486 4949 1648 5005 haecomnia
1662 4967 1695 5006 ex

46 5013 232 5088 gmentandas
247 5020 328 5084 atque
343 5013 523 5095 pertitoiendas
533 5016 734 5072 ecclesiasticas
748 5019 847 5072 utilita-
899 5027 993 5083 intimo
1010 5031 1092 5085 cordo
1106 5039 1186 5102 atque
1201 5031 1325 5086 dolenter
1339 5033 1492 5098 actv-enatis,
1523 5037 1596 5091 omni
1622 5054 1696 5092 men·

45 5100 418 5172 ‘estvelpfoefflwlefflpffle
448 5119 502 5157 non
531 5105 708 5174 praeletmillit
740 5106 847 5178 quomi·
899 5115 933 5170 tis
948 5118 1091 5173 conamine
1105 5119 1284 5175 exhortamur
1302 5136 1307 5175 :
1325 5128 1415 5176 tamen
1435 5123 1492 5178 Deo
1522 5124 1575 5179 sint
1600 5133 1692 5196 grates

44 5206 97 5245 nus
111 5197 188 5244 tauta
205 5190 353 5244 necessitas
379 5190 438 5245 sine
465 5192 590 5246 consultu
615 5193 730 5248 aliorum
744 5194 848 5249 contra·
898 5213 925 5258 et
940 5203 1035 5258 laudes
1049 5205 1111 5275 quia
1127 5206 1285 5262 fimorum
1302 5209 1412 5282 navigia
1434 5211 1460 5265 in
1475 5212 1545 5266 mari
1560 5212 1693 5269 [metita.

44 5287 116 5334 irum
128 5277 452 5376 ¹¹·0511'0fflfflllf11‘fi801185st
466 5295 520 5335 ¹10ss
535 5290 696 5347 remaneret,
710 5290 737 5336 ¹11
752 5282 848 5337 vestris
899 5308 958 5345 rum
988 5292 1191 5350 victorisissime
1207 5304 1360 5352 straverunt
1381 5298 1540 5372 phalanges,
1579 5308 1605 5356 et
1632 5316 1690 5368 eos,

43 5365 205 5421 satubnbus
220 5367 341 5421 consrlns
357 5365 425 5432 sulti,
451 5368 583 5439 quidquid
599 5369 633 5422 ad
649 5370 779 5425 honorem
798 5371 847 5426 Dei
896 5386 976 5449 prout
991 5379 1122 5434 Dominus
1136 5382 1229 5447 voluit,
1245 5383 1372 5440 debellati
1383 5383 1456 5439 sunt.
1471 5386 1525 5441 Sed
1541 5402 1590 5442 nos
1605 5396 1695 5445 tamen

45 5464 72 5514 et
87 5470 265 5512 communem
280 5455 423 5510 utilitatem
437 5456 563 5527 pertinet
579 5457 761 5514 communiter
782 5475 846 5534 per·
897 5475 953 5523 am
967 5466 1018 5539 tpst
1031 5467 1164 5538 Jordan
1184 5471 1327 5529 ismaelita
1342 5488 1423 5547 quam
1437 5473 1484 5530 alii
1498 5475 1625 5534 concives
1639 5491 1692 5535 no-
