3794 6104
113 219 116 226 '
180 222 215 273 ⁹5
660 217 830 274 titucuhtii
850 216 1050 272 RHEMENSIS
1068 214 1345 272 theumatscoet.
1795 222 1830 273 att

179 341 356 398 dominationi
389 351 486 399 restrae
514 343 581 397 dixit
600 350 689 397 ratum
718 340 883 415 significare,
909 339 1188 402 llio-Aauctoritate
1203 340 1354 410 apostolica
1368 348 1395 394 et
1416 340 1538 411 generali
1552 340 1745 412 episcoporum
1759 357 1830 398 oon-

181 445 274 486 cmaro
289 431 417 502 episeopo
440 431 523 486 rebus
543 440 569 487 et
592 430 764 486 facultatibus
783 429 977 486 ecclesiasticis
1028 445 1121 497 sensu,
1134 427 1320 484 ecclesiastico
1332 428 1435 502 vigore,
1451 444 1483 484 ac
1500 428 1657 500 reipublicae
1673 430 1831 487 christianae

182 521 280 591 quibus
305 520 435 591 spoliatus
454 519 547 590 100001,
570 519 706 586 revestito,
732 519 760 573 in
783 518 934 589 provincia,
951 527 977 573 et
1028 516 1173 572 cohibente
1185 516 1318 587 religione
1338 517 1538 586 destruxerunt,
1553 517 1627 573 velut
1652 517 1830 589 100100001-

180 609 344 679 competenti
363 609 434 675 loco,
457 609 490 662 ab
506 609 600 664 electis
615 625 647 663 ex
663 606 804 679 utriusque
818 607 900 678 partis
915 622 979 662 con·
1029 605 1106 660 stolis
1120 604 1154 659 01
1168 605 1257 675 ipsum
1282 605 1440 660 Mauricium
1462 606 1665 676 imperatorem,
1682 615 1710 661 et
1723 607 1758 661 ad
1770 607 1830 677 plu·

181 712 265 752 censu
285 696 422 765 judicibus
437 697 584 752 secundum
599 697 676 769 leges
691 696 901 758 ecclesiasticas,
918 694 977 749 sine
1028 693 1113 748 nimos
1135 692 1356 764 archiepiscopos
1379 693 1490 749 directis
1514 693 1678 748 ostenditur.
1701 692 1783 762 Quod
1805 703 1832 750 et

181 785 324 857 potestatis
339 794 438 841 0001000
456 786 548 858 aliquo
563 785 736 850 detrimento,
754 792 851 839 etcum
865 783 978 838 honoris
1028 780 1099 836 diva
1119 780 1258 836 memoriae
1283 796 1335 835 avo
1358 789 1448 836 vestro
1471 782 1569 837 Carolo
1594 781 1741 853 subripuit,
1763 783 1833 838 sicut

182 873 266 929 vestri
281 882 445 946 augmento,
466 875 574 930 dicente
593 875 644 928 Dei
668 873 764 944 spiritu
789 889 838 943 per
861 871 977 926 Psalmi·
1028 869 1162 939 majorum
1172 868 1326 935 traditione,
1337 877 1364 923 et
1373 869 1463 924 verbis
1473 877 1499 924 et
1510 870 1619 941 scriptis
1628 869 1788 925 didicimus.
1799 871 1833 925 Et

182 970 252 1018 stam
267 981 274 1017 :
289 964 381 1018 Honor
392 965 462 1034 repis
483 964 626 1034 judiciam
645 961 738 1032 1111011
753 961 840 1031 (Psoi.
869 960 976 1029 00010),
1028 957 1057 1011 10
1070 956 1142 1011 libro
1156 957 1243 1028 primo
1263 956 1447 1029 capitulorum
1471 973 1531 1029 cap.
1549 960 1599 1015 111
1613 958 1831 1019 demonstratur,

180 1051 400 1123 quaestiocontra
422 1051 548 1106 eumdem
572 1050 747 1104 Hincmarum
773 1055 918 1115 commota,
935 1065 978 1103 re·
1029 1046 1063 1102 de
1085 1045 1180 1100 liberis
1203 1045 1358 1101 hominibus
1382 1046 1416 1101 01
1440 1046 1580 1100 servitium
1596 1046 1645 1101 Dei
1661 1046 1720 1101 sine
1736 1064 1786 1102 sua
1801 1047 1833 1102 li-

182 1134 312 1208 gulariter
325 1135 415 1189 audita
430 1143 456 1190 et
470 1134 599 1189 ventilata
613 1140 655 1188 est
669 1150 701 1188 ac
715 1132 836 1197 definita,
849 1140 979 1204 quantum
1027 1134 1116 1189 000110
1131 1150 1186 1189 000
1200 1135 1400 1189 convertendis.
1413 1133 1493 1202 Quod
1504 1134 1629 1190 Ecclesia
1640 1143 1666 1190 et
1674 1135 1833 1206 respublica

180 1223 214 1277 ad
246 1223 426 1278 ministerium
455 1222 610 1293 episcopale
639 1222 779 1292 pertinuit,
807 1222 870 1277 licet
892 1221 980 1275 isdem
1029 1238 1084 1277 non
1106 1223 1254 1289 consensit,
1280 1223 1406 1294 quodque
1436 1232 1532 1293 postea
1556 1223 1697 1290 correxit3
1714 1224 1784 1279 sicut
1807 1225 1833 1279 in

181 1312 328 1382 episcopus
350 1327 383 1365 ex
402 1311 510 1381 integro
532 1297 586 1364 000
609 1310 687 1365 100011
708 1310 862 1365 revestitus.
880 1309 979 1364 Contu·
1030 1310 1354 1380 00100111100000131
1376 1319 1552 1365 monstratur.
1561 1304 1608 1366 'De
1634 1312 1719 1367 rebus
1734 1312 1832 1367 nihilo·

181 1401 299 1455 macium
318 1398 900 1469 0010000000,011000010001000000101.
918 1398 978 1452 Non
1029 1399 1117 1453 minus
1143 1399 1336 1455 ecclesiasticis
1364 1399 1517 1454 dividendis
1537 1399 1627 1454 eidem
1661 1414 1716 1455 avo
1739 1409 1831 1456 vestro

181 1486 276 1560 igitur,
291 1486 364 1558 quod
383 1486 410 1541 in
426 1487 611 1543 adolescentia
625 1487 845 1558 vestra‚quand0
873 1488 979 1541 animus
1029 1487 1239 1558 incongruentia
1264 1487 1385 1558 quaedam
1411 1488 1555 1558 subripuit,
1571 1503 1632 1559 000
1651 1488 1709 1542 0010
1730 1488 1833 1559 000100-

181 1576 307 1631 hominus
323 1575 460 1643 lubricus,
478 1584 505 1628 et
528 1578 563 1630 ad
588 1575 707 1630 indebita
731 1575 888 1646 usurpanda
910 1574 979 1628 solet
1030 1574 1117 1641 sione,
1135 1583 1161 1630 et
1175 1575 1258 1631 edicti
1274 1575 1474 1646 subscriptione
1489 1576 1618 1641 correxit,
1636 1576 1707 1632 sicut
1720 1576 1748 1629 in
1762 1593 1833 1647 prae-

181 1680 243 1719 esse
264 1663 409 1734 proclivus,
434 1664 550 1718 Domino
574 1680 623 1718 uos
638 1663 815 1730 custodiente,
834 1679 887 1718 non
904 1663 1014 1755 acci-B
1029 1662 1082 1718 1010
1104 1663 1193 1734 primo
1213 1664 1284 1718 libro
1319 1664 1521 1734 Capitulorum,
1538 1680 1597 1734 cap.
1630 1666 1664 1718 tt
1694 1664 1834 1719 evidenter

181 1751 229 1821 dit,
246 1752 273 1805 in
297 1751 414 1822 perlecta
438 1760 515 1807 aetate
540 1752 617 1807 vobis
640 1752 752 1822 subripi,
764 1750 874 1806 minime
890 1760 979 1805 autem
1033 1750 1193 1806 ostenditur.
1211 1752 1289 1806 Unde
1312 1751 1497 1822 praejudicium
1522 1753 1557 1806 ad
1572 1759 1678 1822 tempus
1700 1760 1835 1807 extortum

182 1840 341 1912 persuaderi
365 1840 441 1912 leges
465 1840 675 1901 ecclesiasticas,
698 1840 740 1895 vel
760 1840 785 1893 10
807 1840 914 1894 modico
937 1839 981 1893 10-
1033 1838 1077 1894 001
1092 1848 1259 1909 usurpatum,
1272 1855 1320 1910 pro
1335 1839 1404 1912 legis
1418 1839 1718 1907 judicionemosanum
1727 1842 1835 1912 sapiens

183 1928 275 2001 iringi,
288 1928 345 1983 sive
356 1928 499 1983 convellia
512 1944 673 2000 quocunque
685 1928 848 1982 sustinentia.
870 1927 984 1982 uScieu-
1034 1927 1128 1992 tenuit,
1146 1927 1252 1993 retinet,
1269 1927 1312 1981 vel
1330 1928 1440 1983 tenebit.

182 2025 224 2071 tes
249 2017 329 2088 (sicut
344 2016 537 2071 Constantinus
561 2026 587 2070 et
602 2018 736 2071 Constans
752 2017 931 2087 imperatores
954 2015 982 2069 in
1069 2015 1205 2070 Caeterum
1226 2016 1253 2070 in
1280 2016 1400 2070 0000010
1424 2015 1494 2070 libro
1516 2016 1702 2087 capitulorum
1725 2031 1787 2086 cap.
1805 2019 1835 2068 ta

180 2104 269 2160 edicto
284 2121 340 2160 suae
355 2104 426 2176 legis
442 2122 496 2176 quo
511 2105 707 2160 immunitatem
722 2105 863 2173 Ecclesiae,
880 2120 912 2160 ac
927 2103 983 2158 suis
1033 2104 1196 2173 continetur,
1212 2112 1241 2158 nt
1257 2126 1271 2154 a
1286 2105 1314 2159 Si
1329 2104 1389 2157 talis
1404 2120 1486 2159 causa
1508 2105 1534 2158 10
1550 2104 1670 2176 qualibet
1683 2104 1834 2175 provincia.

181 2193 314 2248 ministris
328 2193 481 2263 conserunt)
492 2194 594 2249 debere
604 2194 693 2266 magis
704 2193 891 2265 religionibus,
903 2208 983 2263 quarn
1034 2200 1080 2247 aut
1091 2192 1118 2246 10
1129 2193 1219 2264 aliquo
1233 2192 1359 2247 comitatu
1375 2201 1432 2247 orta
1455 2192 1546 2259 100011,
1564 2208 1624 2263 quae
1647 2203 1691 2248 aut
1706 2194 1741 2248 01
1756 2194 1835 2247 inho-

182 2280 294 2346 officiis,
319 2289 345 2336 et
369 2281 462 2336 labore
483 2281 605 2351 corporis
618 2289 644 2335 et
669 2281 766 2335 sudore
788 2279 983 2350 rempublicam
1034 2281 1205 2335 notationem
1230 2282 1322 2353 regni,
1335 2289 1380 2334 aut
1395 2282 1428 2336 01
1443 2297 1587 2337 commune
1603 2282 1734 2336 damnum
1749 2284 1834 2352 perti-

183 2368 484 2425 000110001111101001
508 2384 580 2438 saepe
603 2368 696 2424 soletis
720 2368 852 2432 recolere,
875 2368 984 2423 beatum
1036 2376 1110 2433 0001,
1127 2385 1187 2439 000
1211 2370 1292 2424 etiam
1315 2369 1374 2424 siue
1392 2378 1487 2424 nostra
1508 2377 1644 2440 potestate
1659 2369 1764 2442 corrigi
1778 2386 1835 2424 non

185 2456 527 2528 Gregoriumlirunichildi
536 2456 640 2528 reginae
648 2456 813 2511 Francorum
822 2455 982 2526 scripsisse:
1036 2457 1133 2527 possit,
1149 2473 1200 2511 nos
1224 2457 1270 2512 diu
1285 2457 1369 2512 latere
1394 2474 1448 2512 uon
1472 2458 1652 2528 permittatis,
1669 2458 1715 2530 qui
1731 2458 1831 2523 omnia,

186 2566 197 2596 a
215 2545 307 2600 Facite
327 2544 400 2617 quod
416 2544 466 2599 Dei
490 2553 541 2610 est,
558 2553 584 2598 et
598 2545 672 2599 Deus
686 2544 765 2599 100101
777 2544 849 2615 quod
866 2553 986 2598 restrum
1036 2544 1095 2599 Deo
1110 2545 1266 2609 auxiliante,
1282 2545 1420 2616 corrigere
1430 2547 1571 2601 debemus.
1583 2545 1723 2618 Quidquid
1737 2547 1833 2602 hacte-

114 2699 117 2704 ,
184 2641 241 2697 001;
262 2656 273 2683 a
290 2633 527 2703 huicpraemittens
538 2633 679 2688 sententiae
696 2650 702 2688 :
722 2655 733 2684 x
752 2632 929 2702 confidimus,
945 2633 986 2686 in·
1037 2650 1089 2688 nus
1105 2633 1189 2689 101010
1213 2651 1273 2705 quae
1296 2635 1330 2687 ad
1345 2650 1440 2704 pacem
1456 2643 1482 2689 01
1494 2635 1624 2703 justitiam
1647 2635 1729 2689 totius
1743 2636 1837 2707 populi

183 2723 251 2794 quit,
267 2722 340 2793 quod
356 2730 430 2776 tauto
445 2721 578 2793 propitius
593 2737 690 2778 causas
705 2731 810 2777 0001000
826 2737 875 2776 000
886 2721 986 2792 0101010
1037 2721 1183 2792 pertinent,
1199 2730 1226 2776 et
1240 2722 1274 2776 ad
1290 2723 1421 2777 honorem
1433 2722 1520 2794 regni,
1533 2737 1566 2778 ac
1579 2739 1752 2778 communem
1767 2724 1839 2779 utili-

185 2810 321 2881 disponet,
344 2819 446 2881 quanto
470 2810 529 2880 ipse
545 2810 579 2865 de
600 2825 650 2863 sua
678 2825 727 2864 vos
741 2826 804 2864 0000
818 2810 891 2863 01101
906 2825 986 2864 causa
1037 2816 1129 2875 tatem,
1145 2819 1220 2864 anta
1236 2810 1323 2873 nobis,
1342 2819 1385 2863 aut
1401 2826 1417 2864 0
1441 2810 1528 2873 vobis,
1549 2811 1705 2882 neglectum
1720 2819 1773 2877 est,
1788 2813 1838 2866 de-

185 2897 325 2953 sollicitos.
346 2918 356 2946 x
378 2897 452 2952 Olim
483 2898 565 2961 enirn,
582 2898 650 2952 sicut
671 2899 808 2952 Honorius
824 2896 987 2951 011110010-
1038 2897 1143 2967 bemus,
1156 2899 1213 2953 Deo
1223 2898 1378 2964 auxiliante,
1390 2905 1494 2953 certare
1505 2899 1620 2969 qualiter
1631 2899 1733 2955 abhinc
1743 2908 1839 2956 nostro

185 2984 242 3040 sius
256 2987 285 3039 in
295 2984 357 3058 lege
369 2986 431 3039 data
441 2985 574 3041 Ecclesiae
584 2985 715 3051 scribunt,
733 2994 760 3039 ut
774 3000 868 3039 eorum
879 2992 987 3039 utamur
1038 2994 1064 3041 et
1079 2993 1170 3040 vestro
1186 2985 1276 3040 studio
1291 2986 1465 3042 emendatum
1479 2984 1526 3040 fiat
1540 2994 1564 3040 ⁰.
1582 3007 1593 3035 x
1611 2987 1641 3040 ln
1652 2996 1749 3058 quarto
1760 2988 1840 3043 etiam

186 3072 324 3128 000111οε1
342 3073 464 3127 Clericos
487 3072 657 3128 indiscretim
672 3074 706 3126 ad
725 3073 874 3128 saeculares
879 3052 1022 3142 judicesC
1037 3073 1105 3129 libro
1121 3089 1180 3143 cap.
1198 3075 1231 3130 at
1248 3074 1378 3144 scriptum
1401 3082 1442 3128 est
1460 3091 1466 3128 ε
1484 3096 1495 3123 a
1513 3074 1542 3128 si
1562 3075 1622 3145 quis
1637 3074 1726 3146 aliqua
1741 3092 1840 3131 00000-

184 3160 287 3216 dehere
302 3160 402 3216 deduci
420 3160 556 3215 infaustus
572 3170 753 3232 presumptor
768 3161 900 3225 edixerat,
918 3176 987 3231 quos
1039 3161 1118 3215 sitate
1130 3170 1245 3233 cogente
1261 3161 1437 3216 homicidium
1451 3162 1595 3229 commisit,
1612 3178 1705 3218 comes
1718 3164 1746 3217 in
1763 3168 1841 3233 cujus

185 3249 308 3304 abdicata
323 3248 428 3320 tyranni
443 3249 667 3321 praesumptione,
684 3249 834 3320 episcopali
845 3249 987 3304 audientiae

185 3353 370 3417 reservamus
388 3339 438 3393 Fas
462 3338 534 3393 enim
556 3353 610 3392 000
631 3347 683 3407 001,
701 3338 738 3392 uti
759 3337 842 3392 divini
866 3337 987 3392 muneris

184 3426 302 3482 ministri
330 3427 520 3498 temporalium
548 3435 712 3498 potestatum
737 3426 888 3481 subdantur
912 3426 986 3480 arbi-

186 3515 248 3570 trio.
264 3536 275 3564 x
292 3513 359 3583 Quae
369 3515 412 3570 lex
432 3524 558 3586 0001000
582 3515 778 3571 decessoribus
793 3515 986 3586 0100010000-

187 3603 297 3658 soribus
322 3604 423 3659 vestris
442 3604 566 3677 regibus,
593 3604 725 3661 Ecclesiae
740 3612 766 3659 et
781 3603 914 3658 ministris
929 3603 987 3657 suis

187 3700 350 3748 conservata
369 3692 417 3747 1011
430 3711 437 3758 ;
452 3692 506 3746 0101
529 3691 597 3747 10010
621 3701 666 3746 001
685 3709 734 3763 000
754 3707 896 3746 excessum
908 3691 986 3761 priu-

186 3781 288 3851 cipum,
300 3787 346 3834 aut
359 3796 409 3848 per
424 3779 620 3852 negligentiam
630 3779 823 3850 episcoporum
834 3779 869 3833 ad
880 3787 987 3849 tempus

186 3866 360 3939 aliquomodo
384 3867 486 3920 exstitit
518 3866 640 3922 violata:
661 3883 721 3937 quae
744 3875 788 3921 aut
805 3867 985 3927 correctione.

186 3962 231 4008 aut
245 3954 374 4009 innovata
398 3953 589 4009 constitutione
607 3954 735 4027 indigens
757 3971 808 4026 per
823 3957 910 4011 00001
922 3966 986 4012 010-

186 4049 243 4096 tum
258 4040 406 4096 solidatum
425 4051 467 4097 est
482 4043 601 4107 reducta,
618 4044 661 4098 vel
676 4043 703 4097 10
719 4051 792 4098 01010
807 4045 895 4099 solido
918 4061 986 4100 con-

1037 3249 1190 3304 ministerio
1211 3257 1396 3320 perpetratum
1419 3259 1469 3315 est,
1491 3260 1517 3305 et
1539 3251 1767 3321 compositionem
1783 3253 1840 3307 sol-

1037 3353 1114 3402 vere,
1132 3344 1159 3391 et
1183 3336 1284 3392 saidam
1303 3353 1352 3408 per
1366 3346 1564 3393 sacramentum
1586 3337 1731 3408 pacificare
1749 3339 1838 3396 saciat.

1037 3424 1116 3494 Quod
1139 3425 1161 3479 si
1182 3441 1314 3496 unapars
1330 3426 1354 3480 ei
1379 3428 1413 3480 ad
1427 3428 1479 3482 hoc
1494 3428 1648 3482 consentire
1664 3427 1794 3499 voluerit,
1811 3430 1837 3484 id

1037 3523 1079 3570 est
1100 3522 1145 3568 aut
1170 3514 1214 3569 ille
1237 3515 1283 3586 qui
1302 3514 1477 3570 homicidium
1503 3515 1664 3582 commisit,
1681 3525 1728 3571 aut
1750 3517 1775 3571 is
1796 3518 1841 3588 qui

1037 3602 1263 3673 compositionem
1283 3602 1421 3674 suscipere
1445 3603 1536 3669 debet,
1559 3603 1641 3659 faciat
1661 3604 1738 3658 illum
1749 3605 1797 3676 qni
1813 3608 1837 3661 01

1037 3699 1183 3746 contumax
1199 3688 1280 3745 100011
1296 3691 1330 3745 01
1354 3691 1527 3760 praesentiam
1552 3700 1674 3746 nostram
1690 3693 1796 3757 venire,
1808 3703 1837 3747 ut

1037 3794 1098 3834 euru
1122 3778 1158 3832 ad
1179 3785 1287 3848 tempus
1308 3778 1381 3849 quod
1405 3779 1483 3833 uobis
1505 3779 1636 3849 placuerit
1660 3780 1686 3834 iu
1712 3780 1839 3834 exsilium

1036 3866 1185 3930 mittamus,
1200 3866 1287 3920 10000
1300 3867 1337 3920 ibi
1351 3867 1507 3938 castigetur,
1520 3875 1549 3922 ut
1563 3867 1656 3923 comiti
1670 3884 1721 3923 suo
1736 3868 1765 3923 in
1775 3869 1840 3923 obe-

1036 3954 1114 4008 diens
1138 3970 1199 4009 esse
1221 3953 1335 4009 ulterius
1359 3971 1413 4009 non
1436 3956 1544 4025 audeat,
1562 3965 1587 4010 et
1602 3956 1691 4025 majus
1707 3957 1839 4010 damnum

1036 4041 1099 4096 inde
1114 4057 1168 4095 000
1183 4050 1321 4097 accrescat
1335 4042 1358 4095 a,
1382 4064 1392 4091 1

185 4127 301 4184 firmata.
322 4129 396 4184 Sicut
415 4129 519 4199 10001,
541 4139 567 4184 01
593 4131 679 4201 001010
703 4132 786 4187 000101
809 4133 934 4204 0001101ἰο
959 4136 986 4189 10
1072 4130 1124 4184 Cur
1138 4138 1229 4184 autem
1245 4129 1297 4185 ista
1315 4130 1394 4185 vobis
1408 4131 1478 4186 bene
1498 4132 1647 4186 scientibus
1662 4132 1763 4199 scribo,
1777 4133 1840 4204 quia

185 4217 254 4273 libro
269 4218 358 4289 primo
373 4217 678 4289 Capitulorumhabetis
694 4237 754 4291 quaa
773 4221 986 4293 iuquaterniun·
1035 4217 1114 4273 vobis
1148 4226 1239 4274 lacere
1262 4235 1315 4274 non
1350 4218 1454 4285 audeo,
1469 4229 1593 4290 patenter
1627 4221 1752 4275 ostendo.
1781 4222 1840 4275 Jaut

187 4307 255 4363 culis
270 4318 283 4346 ⁸
299 4306 376 4362 vobis
400 4323 482 4377 super
511 4307 583 4378 apud
611 4308 697 4363 Pisias
727 4310 826 4364 oblatis
850 4319 876 4364 et
892 4321 987 4381 postea
1036 4306 1181 4377 plusquam
1208 4316 1325 4378 quatuor
1345 4307 1423 4361 aunis
1444 4325 1477 4362 ex
1499 4325 1552 4378 quo
1568 4308 1652 4363 Luido
1667 4308 1693 4361 iu
1709 4310 1841 4378 parochia

186 4411 270 4452 causa
292 4395 464 4466 compendii,
480 4396 508 4451 in
530 4396 618 4450 rotula
629 4391 641 4426 l’
652 4397 828 4453 dominationi
849 4411 948 4456 vestrae
971 4406 1023 4466 al]
1037 4403 1130 4450 nostra
1145 4395 1244 4450 invitus
1264 4396 1439 4451 homicidium
1463 4396 1638 4467 perpetravit,
1655 4397 1727 4450 uude
1742 4397 1841 4452 Lotha-

185 4501 231 4541 me
245 4485 369 4553 collecta,
387 4492 413 4539 et
433 4485 511 4539 vobis
534 4485 596 4539 data
621 4485 680 4539 siue
699 4486 857 4543 difficultate
870 4493 984 4560 potestis
1036 4483 1093 4537 rius
1107 4492 1292 4554 ¹¹⁸P0⁸V0⁸l⁰l
1307 4485 1333 4539 i¹¹
1349 4499 1437 4555 ¹⁸03ss⁰
1456 4500 1516 4550 ⁵1¹0,
1532 4485 1591 4540 Sine
1606 4493 1733 4555 resbellu
1748 4486 1838 4541 flliffll·

186 4574 319 4648 relegare.
345 4575 436 4629 Potest
456 4573 527 4628 enim
552 4571 610 4626 sieri
633 4580 662 4626 nt
686 4573 765 4628 alicui
787 4575 903 4648 principi
924 4589 985 4635 ante
1033 4571 1078 4641 ius
1101 4573 1359 4643 perseuerauerint
1379 4573 1558 4627 ministerium
1574 4573 1742 4643 0110010011.
1760 4575 1840 4629 Nunc

186 4677 245 4727 000,
271 4663 334 4717 hinc
358 4663 514 4732 subreptum
536 4660 570 4714 ad
591 4661 728 4715 modicum
743 4662 831 4729 100011,
848 4673 875 4718 01
888 4666 985 4722 iterum

188 4757 287 4802 aeterna
311 4750 372 4822 lege
403 4758 563 4807 correctum.
588 4749 816 4820 8100110110000,
840 4761 865 4807 et
889 4765 986 4824 000100

187 4836 337 4906 imperator
353 4838 498 4894 hlauricius
513 4839 702 4904 decreverunt,
719 4847 747 4893 ut
762 4838 787 4893 01
801 4841 847 4910 qui
858 4844 942 4898 semel
959 4845 986 4899 iu

188 4932 295 4978 terrena
309 4924 404 4979 militia
419 4927 540 4998 signatus
555 4927 646 4993 100011,
662 4927 713 4981 0101
727 4935 773 4981 001
792 4929 899 4998 expleta
912 4932 985 4986 mili-

188 5011 235 5078 tia,
254 5019 300 5066 aut
321 5027 370 5081 pro
390 5012 528 5071 debilitate
543 5017 668 5088 corporis
691 5016 827 5087 repulsus,
840 5018 868 5072 in
888 5036 985 5076 mona-

189 5100 273 5156 sterio
297 5098 392 5169 recipi,
420 5108 446 5154 et
460 5103 569 5158 Christo
600 5120 662 5159 eum
679 5105 795 5159 militare
819 5122 872 5161 000
895 5109 984 5164 liceat.

1036 4668 1125 4715 autem
1147 4662 1182 4716 ad
1203 4661 1300 4725 Pistas,
1317 4670 1343 4715 et
1358 4662 1421 4716 iude
1445 4662 1479 4716 ad
1494 4661 1618 4716 basivum
1636 4662 1761 4716 eumdem
1778 4663 1841 4717 Lui-

1036 4748 1135 4802 donem
1150 4757 1179 4802 ut
1193 4764 1255 4804 cum
1269 4750 1423 4804 hominibus
1439 4749 1631 4804 dominationis
1646 4758 1745 4804 vestra}
1760 4751 1838 4821 paci-

1037 4834 1133 4891 ficatus
1148 4852 1209 4891 esse
1224 4846 1327 4906 posset,
1343 4837 1412 4892 sicut
1426 4838 1504 4893 vohis
1518 4846 1543 4892 et
1560 4839 1652 4907 nepoti
1667 4847 1759 4892 vestro
1774 4855 1841 4894 con-

1037 4924 1145 4979 venisse
1155 4925 1256 4992 audiri,
1269 4926 1369 4980 ducere
1385 4926 1474 4980 studui
1486 4944 1493 4990 ;
1506 4935 1532 4980 01
1542 4927 1692 4981 seeundum
1702 4942 1841 4983 cummen-

1037 5012 1174 5067 dationem
1190 5021 1309 5067 vestram
1320 5029 1369 5083 per
1385 5014 1471 5086 legale
1477 5014 1608 5083 judicium
1616 5030 1697 5070 causa
1707 5017 1839 5086 perrexit,

1036 5101 1174 5170 usquead
1204 5100 1230 5155 id
1257 5100 1324 5166 loci,
1340 5110 1368 5155 ut
1395 5118 1429 5156 ne
1460 5103 1561 5157 faidam
1597 5103 1722 5159 homines
1754 5105 1840 5159 vestri

191 5187 271 5257 Quod
295 5187 417 5260 religiosi
442 5188 629 5259 imperatores,
653 5202 679 5248 et
702 5202 813 5249 sanctus
833 5195 986 5266 Gregorius
1034 5188 1170 5257 lurstl'ffll·
1196 5188 1260 5243 Vi⁸⁵
1282 5189 1345 5244 inde
1366 5190 1401 5244 ad
1427 5199 1545 5246 l'esslfflffl
1573 5192 1840 5247 00mffi011d8l50¹¹em

224 5325 393 5389 ι11000110
413 5323 519 5388 premier
542 5326 656 5376 ratmoire
680 5329 791 5389 00000011
809 5334 824 5381 a
842 5332 943 5383 charles
966 5333 988 5382 10

1071 5332 1082 5358 e
1094 5303 1243 5367 Capitulaire
1254 5306 1284 5357 de
1295 5306 1344 5356 l’an
1356 5308 1416 5370 813,
1435 5320 1490 5371 cap.
1505 5310 1548 5358 ts.

188 5392 298 5442 chauve.
316 5392 376 5454 Voy.
389 5392 512 5442 ci·dessus
524 5390 585 5441 daus
597 5390 632 5440 les
643 5394 777 5454 opuscules.
1073 5378 1084 5416 ‘¹
1096 5389 1244 5451 capitulatio
1257 5390 1289 5440 10
1300 5391 1348 5441 l'au
1362 5392 1421 5449 ata,
1433 5404 1487 5454 000.
1501 5393 1543 5445 ld.

225 5477 237 5512 ¹³
249 5485 343 5536 800001
355 5485 472 5536 00000100
483 5496 514 5534 00
525 5484 572 5534 001.
584 5483 644 5545 vop
657 5485 720 5536 thid.
