3794 6104
186 235 255 288 tol,
663 247 665 252 ·
718 226 889 281 alucuxat
917 219 1117 281 RllEllENSlS
1136 224 1410 283 ARCHlEPlSCOPl.
1790 228 1840 283 5⁹2

185 360 253 419 tum,
280 351 396 407 dicendo
418 366 465 406 eos
480 349 705 418 communicasse,
727 365 806 421 quos,
823 364 856 404 ee
872 348 983 418 sciente,
1000 345 1171 407 Abeneficia
1194 365 1243 405 sua
1265 366 1352 422 usque
1367 349 1402 405 ad
1416 349 1535 422 legalem
1554 347 1747 404 diffinitionem
1761 354 1839 403 tono-

187 456 242 496 non
271 439 488 495 communicasse
517 437 674 506 constiterit,
700 437 780 491 etiam
801 437 986 508 episcopatum
1036 446 1105 506 rent,
1130 437 1262 494 beneficia
1277 438 1337 509 ipsa
1359 437 1527 507 desererent,
1543 445 1570 493 et
1585 437 1646 508 ipse
1661 435 1738 507 qued
1752 435 1838 490 incoe-

190 529 305 584 omittat.
325 548 336 578 x
1035 533 1123 594 perat,
1140 526 1318 581 evindicaret.
1338 525 1404 580 Cum
1422 526 1490 581 sicut
1504 526 1530 581 ei
1543 540 1600 580 non
1613 524 1688 593 licet,
1705 524 1837 579 de-acou·

223 616 257 669 Et
271 623 415 686 postquam
431 615 502 669 idem
516 613 678 683 praepositns
692 612 789 668 Heddo
804 612 870 666 mihi
884 610 986 682 praefa·
1036 613 1138 669 satione
1160 613 1217 669 sive
1238 613 1395 680 criminalis,
1421 613 1478 668 sive
1506 613 1593 668 civilis
1616 616 1721 678 causae,
1743 610 1835 667 relicto

186 709 242 757 tarn
267 700 425 757 schedulam
449 699 534 768 dedit,
559 699 624 753 dixit
640 699 711 754 inter
725 706 835 764 caetera,
851 698 986 752 seniorem
1036 700 1229 769 ecclesiastico,
1250 701 1358 772 publico
1372 700 1485 772 purgari
1496 699 1617 769 judicio;
1635 699 1673 753 ita
1689 699 1772 753 etiam
1784 714 1834 753 non

189 805 267 844 suum
291 788 357 842 mihi
379 788 533 853 mandasse,
557 786 620 857 quia
644 802 699 841 nen
721 793 816 856 posset
839 784 985 853 dimittere,
1035 786 1099 843 licet
1112 788 1149 841 illi
1164 788 1327 859 postposite,
1342 789 1385 844 vel
1399 795 1553 858 contempto
1568 786 1759 843 ecclesiastico
1771 786 1833 854 judi

188 884 216 931 ut
230 876 354 931 homines
379 890 443 929 sues
467 875 513 944 qni
536 890 581 928 res
607 874 641 929 de
664 889 713 927 sua
728 873 845 928 ccclesia
860 872 986 927 tenebant
1035 875 1087 942 cio,
1118 875 1152 929 ad
1181 875 1319 931 saecularia
1336 876 1437 944 judicia
1466 874 1640 931 convolare:
1667 873 1832 945 vcl1quom-

188 979 239 1034 per
262 970 423 1033 potestatem
448 970 473 1016 et
495 961 610 1017 verbum
626 961 709 1031 regis,
729 976 783 1015 non
800 959 985 1014 excommuni-
1036 979 1154 1034 cunque,
1178 964 1222 1018 vel
1244 963 1326 1018 etiam
1355 963 1453 1018 laicam
1481 977 1630 1033 personam
1656 962 1831 1032 pertrahere;

187 1058 272 1105 caret.
289 1049 424 1119 Quoniam
440 1050 524 1104 altera
539 1049 598 1104 vice
611 1048 719 1119 quando
729 1046 987 1117 domneapestolico
1035 1065 1124 1120 neque
1147 1051 1182 1104 ad
1204 1049 1293 1105 ferum
1318 1067 1397 1105 suum
1418 1051 1504 1121 sequi,
1521 1050 1544 1104 si
1560 1051 1620 1121 ipsa
1635 1064 1756 1120 persona
1769 1049 1833 1104 laioa

188 1138 325 1193 mandavit
348 1138 382 1193 de
406 1137 587 1202 Nertmanno,
610 1137 662 1190 hec
685 1134 710 1190 ei
726 1134 895 1189 remandavit
909 1134 986 1188 dem·
1035 1138 1206 1192 consenserit
1229 1137 1416 1193 ecclesiastice
1440 1138 1532 1192 subire
1552 1137 1668 1205 judicio.
1695 1136 1772 1191 Sicut
1793 1135 1832 1190 lex

188 1242 239 1280 nus
261 1225 436 1297 apostolicus,
453 1232 482 1278 ut
503 1224 578 1294 prius
593 1222 656 1277 inde
679 1222 788 1278 fecisset
812 1237 891 1276 suum
912 1220 987 1275 mini·
1037 1224 1228 1290 Valentiniani,
1246 1241 1325 1296 quam
1339 1225 1448 1295 probat,
1464 1224 1598 1290 Ecclesia,
1615 1224 1786 1279 demonstrat
1798 1223 1832 1277 di·

188 1314 311 1381 sterium,
326 1320 353 1368 et
367 1320 431 1367 tunc
445 1328 475 1366 se
491 1311 676 1367 reclamasset.
701 1311 735 1364 Et
750 1311 802 1365 hoc
815 1309 877 1364 ideo
894 1310 987 1364 bacte-
1035 1326 1102 1366 cens
1119 1328 1125 1366 :
1143 1334 1154 1359 α
1173 1311 1295 1368 Clericus
1320 1312 1343 1366 si
1357 1311 1475 1382 aliquem
1499 1310 1546 1366 lite
1561 1311 1722 1382 pulsaverit,
1737 1311 1765 1364 in
1777 1309 1832 1365 loro

185 1418 237 1456 nus
251 1400 401 1465 dimiserat,
423 1400 510 1453 donec
525 1399 578 1454 hoc
593 1398 657 1451 mibi
673 1398 826 1462 mandaret,
844 1405 872 1450 ut
886 1397 986 1452 scirem
1036 1397 1109 1453 illius
1132 1416 1213 1471 quem
1228 1400 1262 1454 ad
1284 1399 1416 1468 judicium
1438 1406 1577 1471 provocat,
1603 1399 1742 1454 audiatur.
1756 1398 1784 1455 si
1797 1406 1832 1453 ta·

188 1489 251 1561 quia
265 1503 337 1543 nunc
352 1487 415 1541 inde
430 1503 508 1541 suum
522 1485 702 1539 ministerium
714 1484 816 1540 faceret
829 1485 901 1538 unde
916 1484 986 1539 inter
1036 1502 1099 1540 men
1122 1485 1243 1556 pulsatus
1257 1503 1311 1542 non
1334 1487 1501 1558 acquieverit
1514 1487 1546 1541 ad
1562 1487 1721 1558 presbyteri
1736 1493 1763 1541 et
1776 1485 1831 1557 epi·

189 1583 287 1632 cratera
302 1575 327 1630 ci
351 1574 471 1645 scripsi:
491 1595 502 1624 ι
519 1576 589 1645 Age,
613 1573 696 1627 frater
717 1572 886 1640 charissime,
912 1571 985 1643 quod
1036 1574 1112 1643 scopi
1136 1575 1228 1629 venire
1249 1574 1419 1643 judicium.»
1441 1574 1475 1629 Et
1495 1581 1604 1630 sanctus
1626 1575 1682 1629 Leo
1703 1573 1770 1646 ]imo
1783 1575 1831 1631 leo

188 1663 371 1733 episcopalem
387 1662 516 1718 condecet
530 1661 702 1734 gravitatem,
719 1667 882 1730 exspectans
897 1659 1021 1747 denecB
1038 1657 1127 1712 ditur.
1140 1656 1184 1728 A]
1200 1673 1232 1712 ec
1247 1658 1370 1713 Romana
1380 1658 1501 1729 synodus
1514 1659 1542 1712 in
1558 1658 1676 1729 epistola
1691 1656 1832 1714 Sarmatio

188 1749 382 1822 provincialem
406 1749 550 1821 synodum,
577 1748 653 1817 cujus
673 1748 730 1817 jam
754 1756 860 1819 tempus
882 1747 911 1801 in
924 1761 986 1817 pro·
1036 1744 1074 1810 ni,
1105 1745 1239 1811 Garatoni,
1269 1744 1423 1811 Desiderio,
1451 1745 1587 1816 episcopis
1615 1754 1641 1800 et
1668 1746 1832 1817 presbyteris

188 1837 261 1892 ximo
272 1846 321 1907 est,
338 1837 531 1892 conveniamus
543 1855 550 1902 ;
562 1835 590 1890 in
602 1852 654 1907 qua
664 1835 811 1890 laventeao
820 1842 985 1905 cooperante
1036 1832 1156 1885 emnium
1171 1833 1349 1887 ecclesiarum
1363 1833 1433 1887 intra
1447 1833 1619 1904 provinciam
1638 1833 1759 1889 Tertiam
1774 1832 1829 1905 [ol.,

187 1925 314 1992 Domine,
342 1924 493 1980 secundum
520 1924 630 1979 decreta
656 1922 728 1978 boati
742 1922 890 1993 Gregorii,
910 1922 984 1977 etde
1035 1919 1187 1992 Thraciam]
1202 1920 1353 1975 constitutis
1368 1921 1480 1987 directa,
1496 1921 1561 1976 dicit
1578 1938 1584 1975 :
1607 1944 1619 1969 u
1638 1921 1667 1976 Si
1682 1922 1774 1976 clerus
1787 1921 1832 1975 lai·

186 2010 374 2067 indecentibus
397 2010 457 2083 [ol.,
484 2009 675 2081 incidentibus]
698 2009 790 2065 causis
813 2009 982 2080 disceptatio,
1034 2021 1094 2061 cum
1109 2006 1209 2076 pulsat,
1220 2009 1294 2078 prius
1310 2024 1339 2062 se
1354 2008 1440 2063 audiri
1455 2008 1490 2062 ab
1504 2008 1641 2079 episcopis
1651 2016 1749 2079 poscat
1761 2026 1767 2062 :
1779 2016 1830 2063 tum

186 2106 213 2155 et
237 2099 271 2154 sit
295 2099 413 2154 salubris
433 2099 467 2153 de
482 2097 665 2154 ecclesiastiea
685 2096 873 2153 observatione
896 2096 983 2151 cella·
1034 2092 1057 2147 si
1071 2094 1193 2164 petitioni
1207 2111 1263 2150 suae
1279 2095 1379 2151 laicum
1393 2095 1490 2151 viderit
1512 2095 1635 2165 obviare,
1651 2112 1688 2152 ex
1702 2097 1829 2167 permisso

187 2185 235 2253 tio,
261 2195 393 2257 quatenus
416 2186 481 2241 dum
503 2202 553 2256 per
575 2187 627 2240 boc
642 2192 669 2239 et
682 2185 815 2254 praeterita
838 2184 982 2255 corrigen-
1033 2181 1155 2252 episcopi
1170 2181 1212 2235 sui
1226 2183 1253 2236 in
1268 2183 1361 2237 saeouli
1375 2183 1556 2238 moderatoris
1570 2182 1783 2255 [moderatores]
1796 2183 1831 2237 di·

187 2280 240 2327 tur.
260 2275 323 2328 »Et
349 2289 410 2345 quae
437 2280 586 2343 sequuntur
611 2273 638 2325 iu
660 2271 773 2342 epistola
795 2271 933 2325 Hincmari
947 2271 982 2325 ad
1033 2269 1200 2339 sceptatione
1221 2269 1387 2342 confligat.»
1414 2270 1557 2337 Videlicet,
1587 2285 1642 2326 non
1663 2287 1715 2341 per
1728 2287 1769 2338 se,
1784 2271 1830 2325 sod

184 2361 345 2416 lieddouem
360 2360 493 2432 usquead
508 2358 601 2414 finem.
1031 2371 1082 2425 per
1106 2357 1276 2423 advocatum,
1297 2357 1366 2414 sicut
1380 2357 1457 2429 leges
1471 2365 1498 2413 et
1513 2357 1617 2430 regulae
1632 2373 1720 2414 sacrae
1734 2359 1828 2414 derer-

474 2482 586 2537 CAPUT
612 2482 688 2536 XIX·
1031 2451 1107 2497 nunt.
1132 2444 1166 2497 Et
1188 2445 1261 2516 quod
1285 2460 1340 2499 non
1363 2444 1426 2500 licet
1449 2445 1577 2516 cuiquam
1592 2445 1705 2511 clerico,
1721 2446 1828 2501 minime

188 2572 263 2642 Quod
273 2574 335 2644 post
354 2573 452 2642 fugam
463 2569 495 2625 ab
506 2569 659 2635 Attiuiocu
682 2569 780 2625 relicto
791 2569 922 2624 Ecclesiae
932 2569 981 2639 jo·
1031 2538 1120 2585 mem
1144 2531 1207 2587 lim
1230 2532 1369 2603 epi³⁰⁰p⁰'
1394 2531 1528 2601 Qu⁰ni⁸m
1552 2541 1580 2587 ¹¹⁸
1594 2542 1707 2589 ⁵²¹¹⁰¹¹¹⁵
1725 2534 1844 2589 Ham

219 2643 291 2698 dicio
301 2643 451 2698 secutores
458 2641 565 2708 judices
576 2656 665 2711 oreqc
674 2640 804 2710 expetiit,
817 2642 844 2694 et
849 2639 981 2709 judicato
1030 2634 1101 2689 papa
1115 2618 1142 2672 1¹¹
1162 2619 1219 2673 ⁵³5⁵
1241 2619 1359 2675 demtis
1383 2621 1448 2676 (Ῑῑθῑῑ
1466 2621 1510 2692 (ἱἰ
1531 2621 1635 2693 <illum
1650 2624 1728 2678 3⁰⁷1&
1745 2624 1805 2691 cib)
1819 2642 1856 2678 ··

217 2713 374 2768 retractari
387 2713 467 2783 fecit.
1032 2726 1044 2756 ι
1057 2707 1141 2762 licata
1156 2707 1259 2775 majore
1273 2707 1405 2779 delinquit
1419 2707 1465 2780 qui
1479 2708 1585 2780 potiore
1600 2709 1705 2765 honore
1719 2710 1885 2780 perfuri—

215 2799 250 2853 Et
264 2798 371 2854 evoluto
386 2798 503 2853 duorum
518 2797 624 2853 circiter
637 2797 772 2851 mensium
793 2796 888 2865 spatio,
905 2802 981 2865 post·
1029 2799 1073 2848 tur
1090 2809 1096 2848 :
1112 2801 1139 2849 et
1154 2795 1283 2866 graviora
1306 2794 1369 2851 facit
1391 2795 1457 2851 vitia
1482 2804 1659 2866 peccatorum
1681 2797 1874 2852 sublimitass

181 2898 265 2955 quam
288 2892 371 2940 noctu
390 2885 493 2955 aufugit
507 2885 540 2937 ab
556 2883 700 2951 Attiniace,
716 2890 779 2937 ante
793 2881 980 2937 diffinitionem
1030 2880 1232 2953 dignitatum.»
1263 2883 1298 2937 Et
1331 2882 1488 2939 Africanum
1527 2884 1674 2941 concilium
1710 2885 1885 2941 decrevit

180 2985 337 3036 causarum,
353 2971 387 3025 de
404 2969 502 3041 quibus
517 2970 589 3041 apud
607 2969 844 3041 metropolitanam
859 2969 979 3024 auctori·
1029 2968 1118 3038 (coac.
1135 2970 1223 3040 Afric.
1239 2984 1264 3026 c.
1281 2972 1332 3037 7¹3
1349 2971 1411 3026 cod.
1421 2985 1482 3026 can.
1494 2972 1570 3028 Eccl.
1580 2971 1655 3044 Asu,
1669 2988 1734 3028 cau.
1748 2973 1808 3042 lot)
1819 2990 1883 3028 .-

179 3065 261 3114 tatem
284 3056 386 3113 electos
397 3057 504 3126 judiees
527 3057 657 3128 expetivit
675 3075 681 3110 :
698 3056 861 3129 quibusdam
875 3056 978 3111 machi·
994 3026 1019 3089 G
1034 3070 1044 3103 t
1059 3055 1172 3126 Placuit,
1197 3056 1332 3128 inquiens,
1355 3065 1384 3112 nt
1405 3058 1571 3130 quicunque,
1591 3079 1602 3109 ι
1619 3059 1724 3116 scilicet
1748 3059 1883 3116 cleri—

180 3144 335 3200 nationibus
350 3144 492 3216 exquisitis
508 3144 543 3199 ab
559 3160 592 3199 eo
604 3144 690 3213 jussio
705 3151 747 3199 est
756 3143 912 3215 principalis
928 3144 979 3198 eli·
1030 3158 1135 3211 oerum,
1152 3160 1216 3200 eum
1231 3145 1330 3216 quibus
1345 3154 1371 3201 et
1386 3145 1551 3217 episcopalis
1565 3146 1635 3203 orde
1649 3163 1882 3203 connumera—

181 3232 242 3299 cita,
258 3238 287 3287 ut
301 3232 336 3287 de
351 3231 449 3304 quibus
473 3232 575 3288 electos
587 3232 704 3301 judices,
722 3231 871 3288 secundum
886 3245 980 3286 sacros
1030 3237 1082 3297 tur,
1101 3253 1112 3281 ι
1129 3231 1165 3286 ab
1186 3232 1350 3303 imperatore
1368 3233 1552 3306 cognitionem
1565 3234 1691 3304 judicum
1703 3236 1881 3308 publico-

180 3335 300 3377 meones
314 3319 428 3391 accepit,
442 3335 496 3376 non
511 3320 599 3376 solum
614 3335 709 3375 eorum
724 3319 847 3391 querela,
864 3335 980 3391 querum
1029 3319 1223 3390 competierit,
1238 3321 1343 3376 honore
1356 3321 1468 3392 proprio
1483 3321 1618 3394 privetur.
1629 3323 1659 3379 Si
1672 3331 1764 3379 autem
1778 3322 1883 3394 epi·

180 3423 263 3464 causa
277 3422 364 3479 usque
379 3407 414 3462 ad
428 3406 510 3462 alium
521 3414 662 3464 tractatum
673 3405 828 3462 diffinienda
839 3407 979 3476 remansit,
1030 3406 1141 3476 scopale
1152 3407 1283 3475 judicium
1297 3409 1330 3463 ab
1345 3408 1508 3480 imperatore
1524 3409 1714 3481 postulaverit,
1731 3411 1795 3467 nihil
1804 3407 1881 3465 ei

179 3511 285 3561 verum,
300 3502 326 3550 et
341 3511 410 3567 quae,
427 3503 457 3550 ut
479 3494 543 3561 dixi,
567 3495 594 3549 in
618 3494 711 3550 domni
735 3494 810 3567 regis
833 3494 980 3564 praesentio
1028 3492 1108 3548 obsit.
1128 3496 1190 3549 »Et
1213 3495 1444 3568 Carthaginenses
1458 3511 1580 3553 canones
1595 3498 1623 3552 in
1638 3499 1720 3555 tertio
1736 3498 1879 3555 conoi-

179 3582 330 3639 electorum
350 3583 483 3652 judicium
507 3583 642 3638 sententia
665 3582 758 3639 decisa
782 3582 899 3650 fuemnt,
921 3582 980 3637 sine
1028 3579 1066 3635 lio
1081 3580 1156 3650 (con.
1173 3581 1201 3653 9)
1219 3599 1225 3636 :
1243 3605 1254 3631 v
1272 3583 1330 3649 Cui,
1347 3583 1478 3654 inquiunt,
1506 3585 1540 3640 ad
1563 3584 1707 3657 eligendos
1724 3586 1879 3656 jndices

179 3669 380 3742 metropolitani
403 3670 578 3736 conscientia,
601 3670 714 3741 sineque
733 3669 863 3726 canonico
878 3677 904 3724 et
920 3669 980 3739 epi·
1030 3668 1150 3740 undique
1164 3668 1296 3726 Ecclesia
1309 3679 1382 3741 patet
1395 3671 1552 3739 auctoritas,
1567 3672 1628 3745 ipse
1642 3689 1673 3729 se
1687 3674 1875 3747 indignant

181 3758 286 3829 scopuli
297 3756 409 3827 judicie,
426 3773 476 3828 per
486 3757 593 3825 judices
609 3757 765 3826 saeculares,
782 3756 980 3826 llolmigarium
1027 3755 1161 3832 Ecclesiae
1176 3757 1312 3813 consertio
1323 3758 1435 3828 judicat,
1452 3759 1499 3832 qui
1513 3760 1548 3815 de
1561 3760 1693 3818 universa
1707 3759 1874 3818 Ecclesia

184 3844 288 3900 scilieet
302 3843 414 3898 mercati
428 3842 518 3913 palatii
532 3851 558 3898 te
571 3843 731 3909 lonearium,
744 3851 769 3898 et
780 3843 935 3910 Flotarium,
948 3858 980 3899 ac
1030 3843 1101 3898 male
1116 3844 1267 3911 sentiendo,
1280 3846 1314 3901 de
1326 3846 1428 3915 judicio
1443 3845 1566 3904 saeculari
1581 3850 1672 3919 poscit
1681 3849 1871 3905 aunuum:

185 3929 331 3985 Ursionem
344 3929 469 3984 villarum
484 3929 620 4001 regiarum
634 3931 750 3999 majoros
773 3929 978 3996 refricarentur,
1031 3944 1090 3985 cum
1118 3932 1285 4002 privatorum
1312 3931 1527 3990 Christianorum
1554 3950 1655 3993 causas
1684 3938 1867 4010 Apostolus

185 4023 279 4072 contra
294 4030 421 4084 omenes,
439 4016 484 4088 qui
498 4016 532 4071 ab
547 4016 739 4073 ecclesiasticis
754 4017 788 4073 ad
801 4017 912 4086 majoris
928 4033 979 4072 au·
1030 4018 1110 4073 etiam
1134 4019 1167 4073 ad
1188 4020 1341 4076 Ecclesiam
1365 4021 1478 4089 deferri,
1504 4031 1586 4095 atque
1612 4024 1714 4081 ibidem
1732 4023 1865 4081 terni·

186 4102 317 4158 ctoritatis
340 4101 541 4159 ecclesiasticos
562 4102 677 4173 judices,
692 4111 718 4159 et
731 4120 786 4159 nen
801 4120 817 4158 a
831 4105 980 4174 majoribus
1030 4105 1090 4160 nari
1113 4107 1262 4178 praecipiat.
1281 4109 1344 4163 »Et
1368 4109 1434 4165 item
1457 4110 1688 4183 Carthaginenses
1710 4124 1863 4170 canones

185 4191 220 4246 ad
234 4190 363 4258 minores,
380 4206 430 4246 noc
444 4190 479 4245 ab
493 4190 685 4247 ecclesiasticis
700 4192 737 4246 ad
751 4191 913 4259 saeculares,
929 4207 980 4247 ne·
1029 4193 1200 4265 praecipiunt,
1219 4217 1230 4246 ι
1247 4203 1277 4250 ut
1292 4196 1416 4268 quisquis
1431 4197 1634 4269 episcoporum,
1651 4201 1859 4273 presbyter-0-

186 4294 239 4350 que
249 4293 265 4333 a
274 4294 409 4334 consensu
423 4278 541 4350 partium
556 4279 649 4334 electis
659 4280 801 4351 provocari
813 4280 978 4350 permittunt.
1030 4296 1100 4349 rum,
1119 4289 1145 4335 et
1159 4282 1334 4338 diaconomrn
1349 4300 1398 4339 sen
1413 4285 1584 4353 clericorum,
1596 4303 1659 4343 oum
1668 4288 1697 4344 in
1706 4283 1855 4344 Ecclesia

185 4368 209 4421 A
224 4366 322 4437 quibus
337 4365 510 4421 saeculoribus
522 4366 682 4435 judicibusa
697 4382 727 4421 se
741 4366 841 4439 petitis,
857 4367 981 4439 quaedam
996 4362 1058 4423 Dei
1073 4367 1152 4422 fuerit
1175 4369 1279 4425 crimen
1292 4371 1442 4427 institutum
1456 4371 1518 4444 [ol.,
1534 4372 1715 4448 intentatum]
1731 4375 1773 4432 vel
1790 4371 1852 4428 ci·

187 4469 220 4509 ex
235 4452 354 4508 diffinitis
378 4453 506 4509 refricata
521 4461 547 4508 et
561 4454 708 4520 immutata,
734 4454 858 4526 quaedam
871 4470 935 4509 vcro
950 4471 983 4509 ox
1032 4454 1094 4509 vilis
1109 4470 1192 4512 eausa
1215 4457 1302 4513 fuerit,
1322 4465 1467 4525 commota,
1484 4459 1508 4514 si
1522 4460 1619 4517 relicto
1644 4451 1851 4519 ecclesiastico

187 4539 352 4598 diffiniendis
374 4548 436 4594 sunt
457 4539 578 4606 diffinita,
608 4541 783 4597 adinventitia
802 4542 980 4613 reputatione,
1029 4542 1141 4611 judicie,
1154 4544 1270 4613 publicis
1277 4545 1385 4614 judiciis
1394 4546 1505 4619 purgari
1520 4547 1646 4619 voluerit,
1663 4549 1768 4605 etiamsi
1775 4556 1848 4619 pm

188 4627 257 4684 sicut
271 4627 306 4682 ab
327 4627 395 4699 ipsis
408 4627 455 4699 qui
469 4627 496 4681 in
512 4628 609 4683 eedem
627 4627 729 4698 placito
751 4627 868 4696 fuerunt,
885 4630 983 4686 dicitur
1031 4629 1092 4700 ipso
1115 4629 1196 4686 fuerit
1218 4633 1322 4702 prolata
1341 4635 1483 4702 sententia,
1501 4634 1592 4692 locum
1610 4653 1690 4693 suurn
1704 4637 1848 4694 amiuatt

187 4714 222 4768 de
242 4729 298 4769 nou
318 4715 481 4770 necessariis
503 4723 529 4769 et
549 4715 801 4771 inconvenientibus
820 4717 983 4785 juramentis
1032 4724 1059 4771 et
1072 4718 1124 4773 hoc
1138 4718 1165 4773 in
1180 4719 1312 4775 criminali
1327 4720 1387 4794 [ol.,
1404 4722 1540 4778 criminali
1560 4724 1675 4798 jndicio]
1691 4742 1697 4779 :
1714 4713 1848 4781 incivili

189 4808 299 4870 reperta
315 4819 322 4856 :
337 4809 364 4857 et
376 4803 409 4857 ab
424 4817 468 4873 eo,
484 4817 578 4857 ceram
600 4802 738 4872 praedictis
753 4802 889 4871 judicibus
903 4803 980 4874 ipsis,
1031 4820 1107 4872 vero,
1134 4807 1231 4876 perdat
1255 4809 1328 4879 quod
1351 4809 1441 4877 evicit,
1463 4810 1486 4866 si
1498 4810 1591 4868 locum
1611 4829 1692 4868 suum
1705 4813 1849 4870 obtineo

187 4885 245 4942 sive
260 4889 471 4956 accusatoribus,
484 4905 552 4960 quos
568 4896 662 4944 contra
675 4888 776 4943 electos
785 4889 901 4957 jndices,
914 4890 983 4946 sicut
1031 4892 1165 4949 maluerit.
1185 4915 1196 4945 ι

187 4973 344 5044 expetierat,
355 4976 485 5046 suscepit,
496 4976 791 5047 proposita:quatcnus
801 4984 826 5031 et
837 4977 869 5043 is,
882 4977 916 5031 de
928 4993 982 5049 quo
1067 4981 1144 5037 Unde
1159 4990 1269 5038 sanctus
1283 4984 1337 5040 Leo
1352 4999 1414 5041 cum
1427 4987 1532 5057 synodo
1545 4987 1640 5045 ilemae
1654 4988 1745 5045 habita
1757 4989 1851 5060 l'fl'

186 5060 311 5132 legaliter
318 5077 349 5116 ac
359 5063 665 5133 regulariterdiffinitum
673 5063 771 5133 fuerat,
782 5071 811 5118 ut
819 5064 981 5120 beneficium
1030 5068 1109 5124 dictis
1132 5069 1269 5142 episcopis
1284 5072 1457 5140 Sarmationi,
1474 5073 1611 5143 Garatoni,
1627 5076 1805 5141 uesicam,
1835 5066 1853 5114 ὅ

185 5165 263 5203 suum
287 5148 409 5214 haberet,
435 5150 508 5220 qued
531 5159 626 5206 centra
641 5151 771 5206 rationem
785 5159 811 5206 et
825 5151 980 5223 aequitatem
1028 5157 1194 5228 presbyteris
1215 5160 1336 5215 omnium
1359 5161 1537 5217 ecclesiarum
1559 5163 1632 5219 intra
1658 5156 1854 5236 provinoiffl

184 5235 348 5306 perdiderat,
378 5236 473 5292 eadem
493 5238 683 5294 adinventione
709 5239 853 5295 dimitteret
869 5258 876 5294 ε
891 5248 918 5294 et
941 5241 980 5296 illi
1028 5244 1147 5298 Tertiam
1169 5245 1332 5321 [Thraciam]
1354 5248 1519 5315 constitutis,
1543 5251 1600 5306 suis
1615 5233 1854 5323 subsenpuosl·

184 5321 282 5391 quibus
294 5323 442 5391 judicatum
465 5323 560 5392 fuerat,
576 5333 605 5379 ut
619 5327 744 5396 quoniam
760 5328 783 5382 is
797 5335 858 5397 post
873 5328 979 5400 expeti·
1028 5329 1079 5385 bus
1101 5332 1159 5387 baec
1184 5350 1244 5404 quae
1271 5343 1421 5407 sequuntur
1442 5337 1538 5392 misit:
1557 5359 1569 5389 ι
1594 5340 1708 5394 Tantam
1730 5316 1853 5394 welfi

120 5432 124 5435 ·
183 5413 241 5460 tum
256 5407 403 5465 electorum
416 5412 557 5480 judicium,
574 5412 646 5468 idem
658 5413 787 5481 judicium
803 5415 977 5489 subterfugit,
1025 5426 1174 5489 potestates
1189 5421 1263 5478 circa
1286 5423 1487 5480 sacerdotalem
1502 5425 1625 5483 ordinem
1639 5417 1849 5483 reverenti]m
