3794 6104
126 218 176 268 849

696 223 871 278 belsebul:
901 226 945 279 E'l'
973 227 1144 285 htldttttt'l.

1721 246 1772 298 850

127 349 197 393 trem
224 349 250 392 et
274 356 357 393 unum
379 351 468 411 caput,
504 345 668 399 conveniunt
702 347 836 402 nationes.
866 350 966 412 NohA
981 355 1103 410 nuntiare
1119 365 1161 410 attt
1177 358 1327 427 praedicare
1342 362 1556 431 presumpserit,
1574 364 1630 418 zelo
1654 365 1705 420 Dei
1728 381 1776 422 ac·

128 425 248 495 amplius
272 426 402 482 deserere
416 437 529 482 matrem
555 439 637 496 tuam,
658 433 720 503 quia
743 434 789 488 illa
814 436 851 488 tui
875 452 929 491 non

127 512 317 579 obliviscitum
345 515 409 586 quin
432 517 520 586 potius
544 520 621 589 quasi
648 521 755 576 unicam
775 522 873 596 diligit,
903 533 930 579 et

128 617 240 672 semper
268 604 427 658 memoriam
450 606 489 660 tui
513 621 605 661 coram
635 609 752 665 Domino
779 610 851 666 lacit.
868 613 928 667 Non

128 690 203 743 enim
219 691 322 745 licitum
339 692 386 746 luit
408 693 512 749 Grecis
533 696 645 751 alterius
671 700 828 768 parochiam
845 718 928 755 usur-

127 795 207 848 pare,
224 780 326 836 sanctis
348 782 399 835 hoo
422 782 546 836 Patribus
562 785 734 854 apertissime
757 789 928 858 prohibenti-

128 867 191 920 bus.
204 868 237 922 Et
254 868 356 924 ideirco
370 869 422 938 ipsi
436 878 531 926 contra
546 888 666 927 canones
682 875 783 945 Spiritu
796 877 844 931 Dei
859 893 927 932 con-

127 954 203 1009 ditos
218 965 244 1011 et
260 956 340 1011 totius
354 958 448 1012 mundi
463 960 617 1015 reverentia
631 971 805 1018 consecratos
820 973 928 1020 nostras

130 1044 253 1099 retineat
266 1044 409 1100 dioeceses.
428 1045 503 1115 Quos
518 1048 540 1100 si
555 1064 605 1119 pro
621 1058 666 1103 tuo
680 1052 758 1106 nobis
773 1068 827 1107 non
856 1063 929 1108 esset

125 1147 234 1193 amore,
247 1133 301 1201 jam
316 1149 366 1204 per
380 1136 557 1205 apostolicam
572 1139 734 1193 sementiam
760 1140 822 1195 iude
850 1157 927 1195 eom-

124 1219 297 1289 pelleremus
312 1222 397 1276 erire.
418 1224 484 1277 Data
499 1229 532 1278 ut
546 1241 641 1297 supra.

438 1347 622 1404 ccxxxt'tt.

339 1444 375 1482 ιιι
390 1444 564 1486 axasrsstcu
580 1446 717 1488 asemas.

432 1520 619 1586 (honustat

164 1605 298 1675 l¹rrrripit
309 1609 341 1658 ct
356 1607 491 1661 cellulam
510 1608 661 1664 (lauderico
677 1612 926 1683 episcopandum,

162 1713 323 1762 :lsasrasro
338 1710 466 1778 religioso
478 1713 583 1780 abbati.

164 1797 305 1851 llonemus
320 1798 482 1869 religionem
493 1808 567 1855 tuam
578 1811 603 1856 et
614 1819 742 1873 expresse
753 1807 927 1876 precipimus

126 1893 164 1947 ut,
182 1885 257 1939 omni
273 1895 377 1941 remota
392 1888 537 1944 occasione
553 1899 580 1943 et
594 1890 731 1946 dilationis
759 1893 924 1962 inventione,

125 1972 258 2028 cellulam
278 1974 306 2028 S.
324 1973 458 2029 Valentini
482 1977 508 2029 in
535 1964 793 2049 Sabinis'positem
815 1998 926 2053 quama

125 2061 442 2116 Gaudericorenerahili
458 2064 587 2136 episcopo
602 2066 747 2134 abstulisti,
759 2069 783 2123 ei
798 2071 926 2127 continuo

125 2149 237 2215 reddas,
253 2150 381 2220 usquein
397 2156 517 2205 nostram
534 2154 718 2223 presentiam,
735 2164 763 2212 ut
778 2173 828 2212 uec
847 2175 925 2212 suum

125 2236 253 2290 laborem
267 2237 372 2307 perdat,
390 2255 440 2293 nec
453 2256 503 2309 pro
518 2256 550 2294 eo
561 2242 634 2312 quod
649 2259 680 2297 ex
698 2244 761 2300 hinc
777 2261 827 2300 uos
841 2247 923 2313 addit,

125 2325 180 2378 sihi
195 2325 303 2387 obesse,
321 2326 384 2397 quin
399 2327 488 2396 potius
512 2330 643 2398 prodesse
661 2342 810 2401 cognoscat
828 2350 833 2388 :
853 2335 925 2406 quod

125 2413 210 2466 etiarn
235 2413 281 2466 tihi
301 2412 454 2469 laciendum
470 2432 520 2486 per
542 2428 704 2487 praesentem
731 2421 924 2476 cubicularium

126 2510 254 2556 nostrum
279 2501 450 2568 mandamus,
476 2512 503 2557 ut
525 2504 604 2559 aliter
622 2507 696 2562 nullo
720 2509 800 2564 inodo
824 2509 925 2575 lacias;

125 2605 191 2645 cum
207 2598 297 2644 autem
322 2591 440 2646 tenebis
469 2592 634 2660 exhibueris,
651 2595 673 2648 si
696 2596 791 2651 merito
807 2614 855 2651 sua
875 2614 925 2653 ne-

123 2677 258 2749 gligentia
273 2678 390 2733 tortasse
414 2679 502 2749 ipsam
526 2681 650 2736 cellulam
669 2683 767 2749 amisit,
790 2701 841 2739 nos
864 2702 925 2740 eum

123 2774 224 2822 eontra
237 2766 369 2834 justitiam
384 2767 532 2822 defendere
543 2771 687 2833 nolumus;
704 2771 773 2826 sicut
789 2787 839 2828 nec
852 2773 925 2828 illum

123 2855 299 2909 innocentem
329 2855 434 2926 perpeti
458 2857 559 2911 damna
580 2858 768 2927 permittimus.
800 2861 865 2914 Dato
894 2866 926 2916 ut

124 2959 224 3012 supro.

427 3032 624 3088 CCXle'lll.

304 3136 338 3172 ‚tn
353 3135 542 3175 rirvsnrsnuu
558 3136 593 3176 ns
608 3136 750 3176 maiust.

439 3213 529 3277 (Anno
545 3211 619 3279 sati.)

125 3299 266 3353 hortator
284 3302 335 3364 ιιι,
356 3315 468 3353 omnem
480 3300 584 3368 [alsam
603 3300 762 3355 doctrinam
780 3303 923 3372 rejiciens,

161 3370 192 3422 in
202 3370 335 3423 limnonoe
344 3370 474 3424 Ecclesiae
484 3370 537 3436 fido
548 3374 662 3424 naoncol
673 3372 815 3426 :miratur
824 3373 926 3427 hietho-

160 3439 242 3494 dium
266 3440 353 3494 oiitcr
372 3456 457 3512 quom
479 3443 577 3508 sacrat
595 3442 738 3510 professus
767 3442 873 3511 docere,
898 3447 926 3497 ct

159 3513 311 3581 propterca
325 3526 342 3563 a
355 3526 384 3564 sc
395 3512 623 3580 vocotumsaissc
637 3513 788 3582 significat.

160 3615 335 3667 Tuvsnrano
347 3629 384 3668 ne
399 3617 547 3671 litatum.

161 3701 240 3757 Scire
256 3700 389 3769 volumus,
408 3703 472 3773 quia
484 3719 534 3758 nos
550 3705 595 3774 qui
611 3721 661 3775 per
685 3705 735 3759 Dei
761 3706 877 3775 gratiam
896 3708 926 3763 B.

978 443 1052 496 censi
1076 460 1171 498 omnes
1196 462 1250 499 uno
1276 447 1368 501 animo
1388 463 1496 519 unaque
1523 450 1659 507 voluntate
1679 453 1778 509 deotm-

978 547 1039 584 narn
1053 530 1148 587 lalssm
1163 533 1281 601 abjicite,
1304 543 1405 590 stantes
1425 545 1451 591 et
1466 546 1590 594 tenentes
1604 539 1776 599 traditionem

979 618 1051 672 sedis
1066 620 1231 690 apostolicae.
1249 621 1317 689 Quia
1332 639 1398 679 vero
1411 624 1564 680 audivimus
1578 626 1641 698 qnia
1667 627 1773 684 lletbo·

978 706 1039 760 dius
1054 715 1143 762 vester
1167 709 1390 782 archiepiscopus
1413 713 1448 767 ab
1470 722 1644 770 antecessore
1669 722 1777 787 metro,

979 794 1098 848 Adriano
1114 796 1217 852 seilicet
1231 813 1310 868 papa,
1332 799 1479 867 ordinatus,
1496 786 1630 874 rabieque
1642 801 1776 870 dimetas,

978 882 1057 937 aliter
1071 885 1166 939 doceat
1191 902 1273 956 quarn
1289 903 1381 942 coram
1405 889 1471 945 sedo
1489 889 1638 960 apostolica
1657 906 1689 948 ιο
1710 906 1775 951 cre·

978 970 1042 1025 dere
1057 973 1148 1026 serbis
1163 983 1190 1028 et
1204 973 1299 1029 litteris
1314 975 1455 1046 professus
1469 986 1519 1041 est,
1536 977 1616 1034 valde
1624 977 1774 1046 miramur;

978 1067 1068 1114 tamen
1083 1070 1196 1131 propter
1219 1064 1270 1117 hoc
1285 1063 1434 1120 direximus
1455 1065 1495 1121 illi
1517 1073 1546 1121 ut
1573 1066 1679 1138 absque
1700 1067 1775 1123 omni

978 1148 1122 1203 occasione
1138 1150 1173 1203 ad
1188 1167 1238 1206 nos
1259 1152 1353 1207 venire
1373 1162 1506 1224 procuret,
1532 1162 1663 1226 quatenus
1678 1170 1711 1211 ex
1725 1170 1773 1213 ore

978 1235 1035 1304 ejus
1050 1237 1193 1292 audiamus
1208 1248 1297 1293 utrum
1313 1240 1351 1295 sic
1362 1248 1489 1297 teneatet
1503 1243 1595 1298 credat
1617 1242 1686 1299 sicut
1706 1255 1773 1313 pro·

978 1324 1061 1387 misit,
1080 1333 1126 1379 ιιιι
1140 1342 1204 1380 non.
1222 1328 1289 1382 Data
1308 1334 1446 1401 utsupra.

1289 1425 1463 1480 ccxxxix.

1015 1525 1049 1562 ‚tlt
1066 1525 1232 1567 meritontutt
1254 1527 1492 1572 sucattst’tscot‘ttl
1506 1528 1736 1571 casanatensem

1280 1602 1370 1665 (anno
1386 1604 1460 1671 sna.)

941 1687 1114 1764 Bl’rocipit
1129 1689 1207 1743 atad
1219 1705 1249 1743 sc
1264 1691 1368 1756 areatat,
1385 1690 1528 1762 ctdccjcs
1538 1691 1669 1747 doctrino
1676 1708 1776 1764 copae-

1015 1777 1207 1900 scerlebppssit.
1234 1777 1330 1831 Missos
1344 1777 1507 1834 sclavonico
1527 1779 1625 1850 ttnpcc
1638 1780 1775 1836 celebrari

1013 1862 1063 1916 pro
1074 1862 1095 1900 tt
1112 1861 1126 1899 c
1142 1887 1149 1899 .

1014 1933 1252 1990 llorerondissimo
1268 1936 1418 1991 blaraomo
1439 1936 1647 2009 archiepiscopo
1662 1938 1771 2001 Penne·

978 2020 1080 2075 niensis
1094 2021 1236 2078 Ecclesia.

1014 2109 1216 2166 Praedicationis
1231 2120 1283 2166 tuse
1299 2112 1431 2169 doctrinis
1446 2114 1576 2185 populum
1594 2115 1702 2173 Domini
1712 2115 1772 2183 ilbi.

978 2197 1056 2267 qussi
1071 2197 1186 2267 spiritali
1196 2200 1308 2269 pastori,
1324 2201 1499 2258 commissum
1508 2202 1772 2263 salvereinstrncte·

978 2301 1031 2355 que
1050 2301 1112 2340 cum
1127 2286 1237 2352 debeas,
1256 2288 1409 2343 audivimus
1423 2290 1496 2361 quod
1510 2305 1603 2347 nones
1613 2307 1675 2362 quet
1684 2300 1776 2353 unca

978 2372 1100 2428 llomana
1114 2374 1240 2430 Ecclesia
1253 2376 1288 2429 ab
1302 2375 1362 2447 ipso
1375 2377 1560 2447 apostolorum
1570 2378 1692 2450 principe
1705 2379 1775 2441 didi-

978 2461 1013 2515 cit
1028 2469 1055 2515 ot
1070 2461 1189 2531 quotidie
1204 2464 1343 2533 predicat,
1355 2473 1383 2519 tu
1395 2466 1519 2522 docendo
1530 2466 1640 2532 doceas,
1649 2466 1773 2539 elipeum

977 2549 1106 2620 populum
1126 2550 1153 2603 in
1168 2566 1290 2607 errorem
1319 2553 1419 2608 mittas.
1446 2553 1523 2611 Unde
1545 2554 1587 2610 his
1603 2553 1772 2624 apostolatus

977 2638 1063 2692 nostri
1079 2637 1174 2692 litteris
1189 2638 1237 2694 tibi
1248 2639 1376 2707 jubemus
1396 2647 1434 2710 ut,
1449 2640 1524 2699 omni
1537 2640 1681 2699 occasione
1695 2649 1774 2713 peel·

976 2725 1074 2795 posita,
1090 2726 1123 2779 ad
1144 2741 1193 2781 nos
1209 2727 1242 2780 de
1263 2727 1390 2797 presenti
1414 2728 1505 2785 venire
1529 2743 1672 2799 procures,
1696 2737 1724 2784 ut
1739 2745 1772 2785 er

978 2825 1026 2864 ore
1038 2817 1082 2863 tuo
1098 2809 1241 2864 audiamus
1256 2818 1282 2865 et
1296 2825 1497 2883 cognoscamus
1511 2819 1602 2871 utrum
1617 2812 1656 2867 sie
1680 2820 1774 2868 teneas

961 2896 1066 2952 etsie
1093 2897 1227 2968 predices
1253 2898 1323 2953 siout
1346 2898 1438 2955 verbis
1466 2907 1492 2954 et
1523 2898 1619 2955 litteris
1633 2906 1661 2954 te
1675 2908 1776 2957 sanctas

978 2986 1108 3041 Romanae
1131 2986 1264 3045 Ecclesiae
1287 2987 1398 3043 credere
1421 2987 1580 3060 promisisti.
1606 2995 1651 3047 aut
1665 3003 1731 3057 aaa.
1745 2996 1776 3055 ιι

943 3047 1111 3130 Cveraciter
1126 3084 1334 3146 ‘cognoscamus
1357 3075 1509 3133 doctrinam
1529 3083 1613 3139 taam.
1639 3075 1774 3140 Αιιάίιιιιιι

976 3142 1057 3217 'etiam
1073 3162 1145 3233 qaod
1159 3162 1259 3216 missas
1274 3169 1368 3217 cantes
1387 3163 1415 3216 in
1436 3162 1560 3228 barbara,
1589 3163 1643 3219 hoc
1669 3171 1720 3232 est,
1744 3163 1773 3216 in

977 3248 1102 3304 Sclavina
1116 3248 1210 3321 lingua
1223 3268 1230 3315 ς
1245 3250 1318 3305 unde
1340 3249 1395 3318 iam
1411 3248 1507 3307 litteris
1519 3249 1619 3304 nostris
1633 3264 1685 3323 per
1698 3249 1771 3304 Pen-

975 3337 1030 3393 lum
1047 3336 1206 3407 episcopum
1221 3335 1421 3392 Anconitanum
1443 3335 1492 3390 tihi
1504 3335 1616 3392 directis
1629 3334 1772 3417 prohibui·

976 3441 1037 3479 mus
1051 3441 1086 3479 ne
1103 3423 1131 3478 in
1146 3440 1177 3478 ea
1193 3423 1285 3497 lingua
1298 3439 1375 3478 sacra
1388 3422 1535 3479 missarum
1549 3422 1682 3487 solemnia
1696 3421 1772 3481 cele·

977 3512 1083 3575 braces,
1096 3510 1197 3567 sedvel
1212 3511 1241 3565 in
1259 3510 1359 3578 Latina,
1375 3510 1419 3567 rel
1432 3510 1460 3565 in
1474 3510 1571 3567 Graecs
1588 3508 1693 3585 lingue,
1704 3509 1773 3566 sicut

913 3592 917 3602 ’
976 3599 1101 3655 Ecclesia
1115 3599 1166 3654 Dei
1184 3605 1239 3654 toto
1254 3605 1387 3653 terramm
1411 3598 1476 3654 orbe
1490 3595 1589 3655 diffusa
1603 3605 1630 3653 et
1644 3597 1672 3653 in
1681 3596 1773 3654 omnl-

978 3687 1028 3742 hus
1043 3687 1169 3760 gentibus
1184 3685 1294 3741 dilatata
1304 3693 1403 3741 cantat.
1416 3684 1643 3743 Praedicarerero
1654 3691 1699 3742 ant
1709 3700 1771 3749 ser·

126 3789 199 3846 Petri
224 3789 412 3859 apostolorum
440 3791 569 3861 principis
605 3792 691 3847 ricem
718 3802 850 3860 tenemus,
882 3795 927 3864 pio
978 3790 1085 3829 ¹¹¹⁰¹¹⁸m
1100 3772 1334 3871 i¹¹l³⁰ll1110fdlere
1348 3772 1398 3829 libi
1413 3772 1620 3849 licet‚quoniem
1630 3771 1772 3829 mmm

127 3893 225 3933 canore
240 3893 289 3933 vos
305 3878 381 3948 quasi
405 3879 582 3934 charissimos
597 3878 667 3934 lilios
692 3881 881 3950 amplectimur
902 3889 928 3935 et
977 3878 1072 3918 ⁰¹¹¹¹¹⁰⁵
1082 3860 1771 3935 adf¹¹⁰¹²elD⁰¹¹¹¹¹¹¹¹¹¹¹30112031211‘1121'0ll’ffll·⁰¹V¹lv

123 3975 244 4038 paterna
259 3965 405 4021 dilectione
420 3981 552 4031 amamus,
564 3968 721 4038 nostrisque
731 3968 849 4023 assiduis
864 3984 927 4039 pre-
978 3949 1175 4020 etspostotus:
1193 3949 1299 4016 Omni&
1311 3948 1774 4050 inquit,ttnpaconpteatsr‚qato

122 4053 202 4108 cibus
219 4068 268 4108 ros
292 4068 387 4108 omnes
402 4053 467 4109 Jesu
482 4054 588 4109 Christo
612 4055 728 4110 Domino
749 4056 927 4113 commenda·
977 4039 1112 4095 omnim
1123 4038 1203 4093 limi
1213 4038 1245 4092 ln
1259 4039 1349 4106 {th
1368 4041 1411 4094 eil
1428 4039 1480 4094 Del
1496 4039 1592 4095 Palm
1602 4035 1717 4111 (Philip.
1730 4035 1771 4093 “l-

126 4158 201 4208 mus,
220 4149 331 4196 orantes
342 4157 451 4212 semper
460 4143 606 4211 provehis,
620 4151 648 4196 ut
658 4144 731 4198 Deus
745 4144 927 4213 omnipotens,

124 4231 171 4302 qui
197 4230 284 4286 corda
312 4237 402 4284 vestra
425 4229 586 4285 illuminarit
611 4240 637 4285 et
665 4231 698 4285 ad
715 4231 786 4285 riam
808 4231 927 4286 veritatis

123 4318 264 4388 perduxit,
281 4317 403 4372 inbonis
426 4317 555 4388 operibus
570 4317 711 4373 confirmet
734 4328 759 4373 et
783 4335 868 4389 usque
892 4319 926 4374 ad

124 4406 212 4462 finem
228 4407 255 4459 in
271 4414 346 4461 recta
360 4405 414 4460 lide
437 4406 561 4477 bonaque
589 4407 694 4462 actione
717 4408 859 4461 decoratos
876 4390 965 4461 vosD

121 4503 206 4566 atque
221 4494 366 4549 incolumis
388 4494 516 4565 dignetur
538 4495 696 4564 perducere.
715 4494 793 4561 Quod
823 4501 923 4564 sutem,

121 4579 196 4635 sicut
211 4578 316 4633 loanne
341 4579 502 4649 presbytero
527 4587 625 4641 restro,
649 4595 730 4649 quem
755 4577 833 4632 nohis
850 4578 925 4633 misi·

121 4666 186 4730 stis,
214 4664 351 4720 referente
379 4666 533 4734 didicimus,
564 4667 681 4722 inrecta
705 4665 758 4720 hde
786 4666 923 4735 dubitetis,

121 4769 272 4809 monemus
289 4753 463 4809 dilectionem
490 4762 608 4809 vostram
630 4765 658 4808 ut
680 4755 719 4810 sic
744 4755 866 4824 teneatis,
886 4754 926 4810 sic

119 4842 256 4907 credatis,
269 4841 338 4896 sicut
354 4850 449 4897 sancta
465 4842 587 4896 Romana
603 4841 726 4897 Ecclesia
743 4843 778 4896 ab
792 4843 852 4912 ipso
864 4858 925 4913 apo

118 4931 259 4986 stolorum
279 4930 402 5001 principe
422 4930 523 4994 didicit,
541 4931 625 4984 tenuit
641 4939 666 4985 et
693 4947 779 5001 usque
799 4932 825 4984 in
845 4929 925 4985 linem

119 5018 446 5089 multimodosque
468 5035 518 5088 per
545 5027 628 5073 totum
651 5019 782 5073 mundum
807 5019 926 5089 quotidie

116 5115 226 5161 sancte
252 5106 315 5160 lidei
329 5106 413 5160 rerba
443 5114 578 5176 recteque
601 5106 801 5176 predicationis
823 5106 927 5160 semina

115 5194 213 5258 mittit,
231 5201 258 5247 et
274 5193 342 5248 sieut
356 5201 546 5248 antecessores
570 5202 688 5258 nostros,
717 5200 826 5248 sanctos
855 5192 927 5247 ride·

114 5284 184 5337 lieet
222 5281 469 5350 sedisapostolicae
492 5281 633 5351 praesules,
665 5289 790 5350 parentes
820 5287 927 5333 vestros

117 5370 158 5426 ab
169 5367 250 5423 initio
261 5368 389 5423 docuisse
401 5368 579 5440 cognoscitis.
592 5367 620 5421 Si
634 5376 724 5421 autem
739 5366 835 5438 aliquis
850 5367 927 5421 robis

117 5458 165 5511 vel
185 5456 437 5525 episeopusrester
459 5456 501 5509 rel
514 5456 624 5526 utrilibet
640 5456 769 5509 sacerdos
784 5454 863 5507 aliter
884 5470 928 5506 an·

977 4127 1044 4181 Data
1059 4131 1091 4181 at
1100 4142 1197 4197 supro.

1321 4215 1420 4270 CCXL.

1002 4317 1039 4354 ,tn
1054 4315 1220 4355 assrnnruu
1236 4314 1474 4355 aacarnrrscoruu
1494 4313 1740 4359 nentonsunusttrt.

1282 4387 1373 4456 (Anno
1392 4386 1467 4457 879.)

976 4477 1076 4548 Arpcit
1104 4472 1770 4554 aodsediapostotioaeohcdicosconsentimus·

1014 4563 1065 4619 que
1083 4493 1186 4615 sepcies
1198 4545 1486 4615 injuriosctrcctorit,
1498 4549 1527 4601 ct
1537 4546 1765 4601 excommunica·

1013 4624 1060 4673 tas
1071 4618 1173 4672 missos
1182 4616 1341 4671 celebrarit.
1358 4613 1421 4671 ldco
1434 4618 1530 4672 monet
1541 4618 1574 4670 ut
1586 4615 1645 4670 ads
1663 4614 1769 4670 nodam

1012 4705 1040 4744 sc
1054 4691 1228 4760 purgaturus
1239 4686 1449 4756 quamprimum
1457 4686 1500 4743 vel
1508 4700 1559 4757 pcr
1570 4701 1599 4743 tc
1609 4632 1713 4757 vsl‘psr
1729 4686 1768 4742 le·

1011 4763 1088 4830 octos
1102 4756 1228 4814 accedat.

1013 4851 1161 4901 assonam
1175 4843 1380 4916 archiepiscopo
1400 4843 1606 4901 Mediolanensi.

1013 4935 1114 5001 Tantis,
1134 4935 1194 4998 heu,
1210 4933 1279 5003 proh
1298 4930 1392 4988 dolorl
1415 4931 1677 5004 transgressionibus
1699 4932 1777 4989 inre·
1825 4948 1828 4952 ’

977 5024 1044 5078 niris
1058 5021 1201 5085 obnoxius,
1218 5019 1325 5091 quantis
1339 5019 1429 5074 nullus
1444 5019 1479 5076 de
1492 5019 1618 5077 Ecclesia
1644 5014 1772 5077 Mediola-

978 5111 1054 5165 nensi
1070 5109 1161 5179 aliquo
1190 5107 1271 5162 modo
1296 5114 1336 5161 est
1360 5107 1485 5162 inventus
1503 5124 1509 5161 :
1525 5107 1554 5161 in
1575 5105 1672 5178 primis
1697 5106 1770 5179 quod

977 5197 1064 5252 nostri
1078 5195 1170 5265 operis
1184 5202 1265 5265 atque
1280 5193 1383 5249 laboris
1411 5193 1520 5250 noluisti
1544 5194 1636 5250 socius
1657 5209 1718 5250 esse
1738 5208 1773 5255 ee

977 5284 1122 5354 particeps,
1141 5282 1188 5336 sed
1198 5281 1352 5351 apostoticae
1367 5281 1426 5336 sedi
1434 5289 1570 5351 proterve,
1580 5280 1769 5339 inobedienter

978 5387 1009 5426 ae
1024 5369 1175 5441 procaciter
1186 5368 1341 5435 resultasti;
1356 5367 1773 5439 deindelegatosnostrosloan·

978 5474 1040 5512 nem
1048 5456 1251 5512 Ticiuensemet
1267 5453 1772 5531 WalpertumPortuensemepiscopos
