3794 6104
55 221 106 275 093

415 214 537 274 OPUSC.
566 214 611 273 ET
638 214 747 272 EPIST.
778 214 814 270 IN
843 212 958 271 CAUSA
979 213 1151 271 untctauu
1176 212 1328 273 LAUDUN.

1651 211 1703 271 892

58 359 122 399 vero
131 349 436 414 statutasupergressus
442 340 604 411 corruperit,
615 339 658 397 vel
666 356 715 410 pro
721 339 858 394 nibiloba·
872 339 941 401 Ade
958 348 1027 394 terra
1042 339 1134 395 arabili
1148 340 1300 395 bunnuaria
1314 340 1368 395 dno
1384 339 1475 406 semis,
1492 346 1519 394 et
1533 339 1568 394 de
1582 338 1635 394 alia
1648 347 1704 393 ter·

60 430 474 500 bendaputarerir,sitaicusest,
483 428 716 493 communione;si
730 428 856 496 clericus,

60 521 160 576 bonore
175 519 310 590 privetur.
328 519 453 575 Universi
470 518 605 585 dixerunt,
622 517 721 588 placet,
732 516 855 587 placet.»

317 661 429 717 CAPUT
448 659 597 715 natarunt.

206 777 245 832 De
261 776 372 847 capello
386 775 417 829 io
432 775 534 831 Attalea
549 778 629 830 corte
643 775 708 829 ailo.

92 873 230 928 Ceterum
244 889 328 928 cansa
343 872 377 926 de
391 871 452 940 ipsa
466 869 580 940 capella,
599 870 632 924 de
646 886 698 941 qua
709 867 775 923 mihi
784 883 858 923 man·

63 961 136 1028 dasti,
152 962 204 1016 hoc
218 961 301 1016 modo
317 976 347 1016 se
363 959 453 1014 trabat.
469 959 539 1013 Nam
555 966 580 1013 et
595 974 681 1014 cuma
692 958 774 1028 longo
789 965 857 1013 tem·

61 1065 122 1120 pore
137 1049 198 1121 ipsu
212 1048 320 1119 capella
334 1049 362 1100 in
374 1047 471 1102 Attolre
480 1054 556 1102 curte
571 1046 630 1112 sita,
641 1047 762 1114 subjecta
776 1045 858 1101 luerit

61 1137 190 1192 arctestae
211 1136 239 1190 in
253 1136 394 1190 luviniaco
415 1134 489 1202 villa,
519 1135 588 1189 sicut
612 1133 681 1188 iufra
704 1134 856 1200 ostendam,

62 1225 217 1280 Bertharius
230 1224 395 1295 prepositus
410 1231 482 1288 tuus,
498 1221 676 1277 utdicebatnr
686 1237 702 1276 a
712 1221 856 1291 plurimus,

60 1321 82 1368 et
96 1313 178 1369 etiam
193 1312 234 1367 rei
249 1310 347 1368 effectu
360 1310 465 1375 claruit,
481 1319 529 1365 tua
541 1311 662 1378 jussione
683 1309 718 1364 ad
732 1309 858 1365 eamdem

60 1401 192 1472 capellam
216 1401 300 1466 venit,
324 1408 351 1454 et
366 1400 499 1455 decimam
522 1399 583 1454 dari
598 1400 758 1469 presbytero
773 1414 856 1469 paro-

61 1489 128 1546 chiae
141 1497 253 1554 nostra,
270 1505 313 1544 cur
330 1487 474 1544 commissa
489 1495 559 1554 erat,
575 1495 601 1542 et
612 1487 693 1558 quiin
704 1503 737 1541 ea
751 1487 860 1541 ordina-

62 1586 102 1633 tns
108 1579 237 1647 jamante
245 1576 384 1649 trigintam
393 1591 479 1631 annos
488 1575 587 1644 tuerat,
595 1575 742 1644 prohibuit,
754 1584 780 1629 et
789 1576 858 1630 sicut

908 443 949 493 ra,
973 445 1055 499 quam
1077 429 1173 485 Franci
1196 429 1320 484 homiues
1343 429 1371 483 in
1392 429 1488 483 eadem
1511 427 1574 483 villa
1595 427 1623 482 in
1647 427 1704 482 suis

907 517 1118 587 proprietatibus
1139 525 1341 573 commanentes
1360 517 1493 573 dederunt
1513 532 1564 588 pro
1583 516 1643 571 loco
1658 532 1704 570 se-

908 604 1023 674 pulturae
1037 606 1071 659 ad
1086 607 1172 677 ipsam
1182 606 1326 677 capellam,
1339 605 1490 661 bunnuaria
1500 613 1612 677 quatuor
1621 603 1705 660 semis

909 709 969 764 quae
991 693 1018 747 ia
1047 711 1151 749 summa
1181 703 1243 749 sunt
1269 695 1303 750 de
1333 702 1404 750 terra
1432 694 1528 749 arabili
1556 692 1705 748 bunnuaria

908 788 1023 851 septem.
1039 783 1112 837 Nihil
1126 791 1214 838 autem
1229 783 1264 838 de
1279 783 1368 848 vinea,
1385 783 1505 854 nihilque
1515 782 1550 837 de
1560 790 1649 852 prato,
1662 782 1708 837 vel

909 869 1039 940 quiddam
1053 871 1087 925 de
1102 872 1230 940 pascuali,
1247 872 1296 926 sod
1310 879 1337 926 et
1351 871 1514 941 mancipium
1536 870 1639 925 nullum
1653 871 1705 926 ba-

909 960 962 1017 bet.
980 959 1014 1013 Et
1027 969 1089 1015 sunt
1107 961 1133 1014 in
1158 960 1252 1015 eadem
1276 959 1369 1015 ridde
1392 959 1426 1014 de
1450 966 1581 1030 potestate
1605 966 1706 1014 sanctu

909 1050 1001 1106 llariae
1009 1049 1197 1106 laudunensis
1205 1048 1328 1104 ecclesiae
1334 1049 1421 1103 mansi
1432 1047 1585 1120 ingenuiles
1594 1063 1704 1117 norem,

910 1139 1021 1195 serviles
1041 1138 1177 1194 undecim.
1192 1137 1226 1193 Et
1250 1137 1307 1207 ipsa
1330 1135 1434 1208 capella
1448 1151 1464 1191 a
1479 1136 1562 1208 longo
1583 1143 1706 1206 tempore

910 1228 985 1283 nnita
999 1227 1047 1283 luit
1069 1225 1194 1283 ecclesia
1215 1225 1273 1280 sitae
1287 1225 1315 1279 in
1329 1223 1469 1280 lusiniaco
1488 1223 1561 1291 rina,
1579 1233 1606 1280 et
1619 1239 1705 1296 paro-

910 1317 979 1372 clriae
998 1315 1036 1370 illi
1058 1315 1189 1384 subjecta,
1213 1314 1275 1385 quia
1300 1313 1359 1368 sine
1383 1312 1459 1379 silva,
1483 1312 1526 1367 rel
1550 1328 1629 1385 aqua,
1661 1320 1707 1367 aut

910 1403 1017 1474 palude,
1034 1411 1080 1458 aut
1094 1402 1174 1472 spatii
1188 1401 1395 1474 longinquitate,
1411 1401 1454 1455 vel
1468 1399 1582 1469 aliquus
1596 1400 1707 1455 alterius

911 1491 1115 1562 interpositione
1137 1489 1332 1560 impedimenti,
1349 1497 1410 1543 sunt
1425 1488 1569 1561 contiguae,
1586 1496 1708 1559 tempore

912 1581 1049 1635 seniorum
1065 1579 1190 1645 istorum,
1207 1594 1323 1650 quorum
1342 1577 1496 1647 subscripta
1510 1584 1572 1631 sunt
1586 1576 1705 1645 nomina,

61 1666 108 1721 sibi
123 1665 214 1721 visum
229 1664 287 1734 luit,
301 1665 426 1721 eamdem
443 1665 578 1720 decimam
599 1663 737 1733 dispertiri
751 1679 857 1734 praece·
874 1676 1009 1750 Bprreter
1023 1668 1084 1723 illos
1099 1683 1168 1738 quos
1183 1682 1398 1723 commemorare
1413 1681 1468 1720 non
1489 1680 1644 1735 possumus,
1662 1664 1708 1737 qui

60 1754 104 1825 pit,
121 1755 239 1824 Insuper
253 1761 280 1808 et
297 1754 416 1810 scuriam
431 1752 516 1823 ipsius
531 1751 683 1822 presbyteri
699 1751 858 1816 interclusit,
911 1755 1004 1809 ambas
1019 1755 1077 1809 illas
1091 1755 1170 1811 villas
1184 1770 1234 1824 per
1247 1753 1352 1826 regium
1375 1751 1537 1808 beneficium
1552 1759 1707 1821 tenuerunt,

60 1852 83 1898 ot
100 1857 242 1898 annonam
266 1842 301 1896 de
326 1841 407 1897 terris
430 1840 601 1896 dominicatis
624 1840 775 1906 collectam,
802 1840 860 1895 siue
911 1843 1037 1899 videlicet
1062 1851 1184 1913 tempore
1208 1841 1375 1912 liemogaudi
1403 1840 1519 1905 comitis,
1550 1839 1708 1895 Bertmundi

59 1930 167 1987 licentia
181 1930 269 2002 ipsius
285 1930 435 2002 presbyteri
448 1930 474 1984 in
490 1944 523 1983 ea
536 1929 620 1994 misit,
637 1944 800 2000 omnemque
814 1943 862 1998 po·
910 1931 1026 2001 comitis,
1043 1930 1184 1995 Bernardi,
1201 1928 1315 1997 Odouis,
1332 1928 1450 1994 Gibuiai,
1463 1928 1604 1994 liotbardi,
1616 1928 1708 1983 Gode-

59 2027 185 2075 testatem
209 2018 273 2075 inde
290 2019 449 2090 Presbytero
472 2016 591 2081 abstulit,
612 2025 756 2088 antequam
769 2016 862 2087 aliqua
910 2018 982 2087 friat,
999 2017 1173 2091 angelboldi,
1190 2015 1335 2084 Frederici,
1352 2015 1510 2086 inquorum
1529 2015 1706 2086 temporibus,

60 2108 174 2179 quaestio
196 2107 261 2163 inde
284 2108 388 2173 adme,
404 2114 449 2161 aut
472 2105 507 2160 ad
531 2105 746 2160 cornministmm
769 2120 860 2159 meum
910 2114 1012 2178 praetor
1035 2122 1083 2161 eos
1106 2121 1176 2177 quos
1197 2119 1408 2160 commemorare
1423 2119 1476 2158 non
1492 2119 1648 2174 possumus,
1663 2102 1708 2158 isti

60 2197 173 2263 reniret,
198 2212 260 2252 cnm
275 2195 357 2251 etiam
374 2194 396 2249 si
411 2193 513 2265 aliquid
527 2193 590 2248 inde
605 2193 717 2248 rationis
731 2193 858 2259 haberes,
908 2195 1062 2266 presbyteri
1077 2194 1188 2249 easdem
1204 2192 1336 2249 ecclesias
1351 2192 1459 2247 insimul
1467 2192 1630 2257 habuerunt,
1642 2193 1707 2247 Tet-

61 2285 187 2340 Canones
215 2284 338 2341 Africani
362 2283 454 2339 dicant
473 2282 550 2353 (can.
567 2282 612 2353 at)
630 2300 637 2335 :
656 2303 667 2332 r
684 2282 717 2336 Ut
740 2280 861 2352 episcopi
908 2283 1040 2354 grimmns
1067 2282 1222 2353 presbyter,
1252 2279 1427 2336 Ermenricns
1460 2281 1613 2351 presbyter,
1643 2279 1708 2335 item

60 2387 240 2444 quascunque
255 2370 388 2428 ecclesias
402 2369 445 2426 rel
459 2370 564 2441 plebes,
586 2385 654 2440 quas
669 2370 704 2424 ad
719 2385 796 2423 suam
810 2385 860 2424 ea·
908 2371 1081 2427 Ermenricus
1091 2370 1244 2441 presbyter.
1260 2371 1289 2423 ln
1308 2384 1362 2441 qua
1383 2368 1509 2434 ecclesia,
1535 2368 1588 2423 sita
1601 2368 1629 2421 in
1644 2367 1709 2423 villa

59 2461 183 2516 thedram
209 2459 364 2516 existimant
384 2459 532 2529 pertinere,
553 2472 608 2511 non
630 2457 668 2512 ita
690 2457 857 2528 repetierint,
908 2458 1058 2526 luviniaco,
1074 2458 1155 2515 simul
1169 2474 1232 2515 cum
1245 2457 1356 2529 praelata
1370 2457 1484 2528 capella,
1500 2457 1582 2513 istum
1596 2457 1710 2530 presby·

60 2557 83 2603 nt
97 2564 201 2605 causas
217 2564 282 2604 suas
298 2546 433 2618 episcopis
445 2545 628 2616 iudicantibus
643 2553 735 2616 agant,
749 2546 799 2600 sed
809 2545 861 2600 alio
909 2556 1007 2615 terum,
1034 2548 1081 2618 qui
1104 2547 1193 2603 adbuc
1208 2562 1255 2601 eas
1270 2554 1351 2610 tenet,
1376 2546 1487 2601 nomine
1506 2545 1705 2614 Ermenricum,

61 2638 193 2692 renitente
207 2636 350 2700 irruerint,
376 2635 434 2690 sive
455 2634 617 2699 volentibus,
638 2633 695 2688 sive
707 2634 861 2689 nolentibus
910 2637 979 2702 Ebc,
995 2637 1102 2707 quando
1117 2635 1297 2690 bertmundus
1312 2649 1404 2690 comes
1419 2635 1530 2689 easdem
1544 2633 1623 2689 villas
1637 2633 1707 2689 insi·

62 2726 196 2796 plebibus,
219 2740 311 2781 causae
326 2740 381 2778 sna
396 2723 588 2778 detrimentum
601 2722 747 2791 patiantur,
765 2729 791 2776 et
805 2737 860 2778 cae·
910 2723 966 2777 mul
989 2740 1039 2793 per
1062 2722 1224 2779 beneficium
1246 2721 1418 2792 imperatoris
1439 2721 1568 2777 Lndovici
1586 2722 1705 2788 tenebat,

62 2818 115 2868 tera
129 2829 195 2885 qnae
210 2813 313 2868 ibidem
328 2819 486 2884 sequnntur.
506 2833 515 2859 r
911 2820 1006 2884 quarto
1030 2828 1101 2867 anno
1116 2819 1179 2866 ante
1193 2811 1391 2882 depositionem
1405 2826 1484 2865 snam
1501 2810 1644 2876 ordinavit,
1661 2810 1708 2883 qni

89 2902 217 2958 Audiens
237 2909 327 2956 autem
352 2917 413 2973 qnae
427 2901 491 2956 binc
512 2907 590 2971 gesta
616 2898 721 2954 fuerant
735 2897 821 2953 trater
836 2905 862 2953 et
910 2901 969 2955 Ebc
984 2900 1124 2970 depositus
1137 2898 1186 2954 init
1201 2914 1273 2954 anno
1287 2899 1482 2955 incarnationis
1497 2897 1707 2954 Dominicaetttb

60 2990 269 3061 compresbyter
283 2998 375 3046 noster
389 2989 538 3056 Ausoldus,
554 2988 597 3043 cui
612 2987 737 3060 delegata
747 2994 861 3057 estpars
912 2997 938 3043 et
957 2996 1080 3059 tempore
1100 2987 1277 3059 praefatorum
1300 2988 1446 3055 seniomm,
1474 2987 1521 3059 qui
1541 2987 1707 3043 Bertmnndo

57 3078 196 3150 parochiae
210 3087 311 3134 nostra¹
327 3077 355 3132 in
369 3093 422 3149 qua
437 3078 496 3147 ipsa
510 3075 614 3146 capella
637 3075 769 3143 consistit,
786 3091 859 3145 saepe
911 3077 938 3131 in
953 3078 1050 3132 eadem
1063 3077 1127 3156 ¹villa
1138 3084 1339 3146 snccessemnt,
1351 3077 1477 3132 eamdem
1487 3075 1708 3147 capellamsimul

57 3165 119 3221 inde
134 3166 170 3222 ad
185 3165 356 3221 Bertharium
372 3166 454 3233 misit,
471 3166 520 3220 sed
536 3163 639 3219 nullam
664 3164 796 3219 rationem
811 3180 858 3219 re·
910 3181 972 3221 cnm
987 3165 1105 3222 ecclesia
1125 3165 1219 3231 tenuit,
1234 3182 1320 3236 usqne
1335 3166 1398 3220 dnm
1413 3165 1542 3220 Pardulus
1561 3165 1708 3235 episcopus

52 3254 130 3325 gulis
153 3262 350 3327 congruentem
372 3254 494 3309 obtinere
517 3253 666 3323 prevaluit.
690 3252 766 3308 Unde
795 3252 859 3322 quia
909 3254 982 3325 apud
996 3254 1078 3309 istum
1093 3254 1224 3308 domnum
1238 3252 1363 3309 Carolum
1378 3254 1437 3323 ipsa
1447 3268 1542 3308 mansa
1552 3252 1708 3324 impetravit

56 3349 123 3399 tunc
136 3343 166 3398 in
179 3342 312 3414 parochia
334 3341 480 3397 Rbemeasi
504 3357 558 3397 non
580 3357 664 3407 eram,
689 3341 817 3411 praecepit
831 3347 859 3394 ut
910 3342 1033 3397 ecclesias
1055 3341 1228 3396 Laudunensi
1252 3342 1366 3405 restitui,
1383 3348 1408 3396 et
1423 3341 1473 3396 iste
1487 3341 1546 3412 ipse
1565 3340 1706 3396 Ermenri-

51 3426 85 3482 in
108 3427 169 3498 ipsa
190 3427 294 3499 capella
315 3426 399 3482 missa
420 3442 474 3481 non
498 3426 691 3493 celebraretur,
715 3432 858 3496 antequam
910 3445 967 3498 cus,
982 3429 1101 3501 qnandiu
1117 3429 1250 3483 Paruulus
1264 3429 1338 3497 vixit,
1355 3430 1440 3500 ipsam
1456 3428 1588 3498 capellam
1608 3428 1706 3485 Eccle-

51 3513 185 3572 bomines
199 3516 271 3572 vitta
285 3516 371 3586 ipsius
386 3531 465 3570 suam
478 3515 611 3570 decimam
634 3513 794 3585 presbytero
809 3529 859 3569 suo
909 3517 957 3572 siae
971 3533 1027 3571 suae
1043 3517 1193 3584 subjectam
1216 3517 1273 3571 siae
1295 3517 1351 3571 ulla
1365 3516 1550 3587 inquietudine
1567 3517 1664 3582 tenuit,
1681 3533 1708 3591 er

53 3605 211 3660 Secundum
226 3604 366 3675 antiquam
388 3603 612 3660 cousuetudinem
637 3603 732 3657 darent
748 3619 755 3656 t
772 3601 795 3656 Si
809 3617 859 3656 dll-
909 3614 961 3668 hoc
975 3613 1137 3686 regulariter
1157 3593 1208 3684 p⁸0r
1229 3613 1415 3685 pl'eb'bylews,
1438 3629 1553 3685 quorum
1575 3613 1708 3668 habemus

52 3700 114 3747 tem
128 3692 242 3748 missam
256 3692 356 3748 vellent
370 3692 473 3761 audire,
487 3692 521 3747 ad
536 3691 680 3746 eeclesiam
703 3707 763 3762 qum
778 3698 819 3745 est
832 3690 860 3744 in
909 3701 1027 3770 nomina,
1054 3702 1233 3772 approbatum
1256 3701 1315 3768 surr,
1338 3702 1408 3756 inre,
1426 3718 1494 3773 quos
1518 3703 1626 3774 quidam
1650 3703 1707 3758 Ra.

53 3780 201 3836 'fllium
215 3779 446 3852 Vfflapelttesess‘·
462 3780 536 3835 Nulli
550 3787 642 3834 distem
656 3778 806 3849 baltiissmus
816 3777 860 3833 tel
911 3790 1182 3862 tramnuspresbyter
1186 3792 1242 3860 jam
1251 3790 1452 3862 nonagenarius
1460 3798 1572 3846 testatus
1581 3799 1632 3863 est,
1644 3790 1708 3862 quia

56 3868 216 3924 ²⁰ffl¹¹¹¹¹¹¹i⁰
238 3877 280 3924 0⁵²
303 3869 446 3940 (Ῐῦΰθῧθῑθ,
461 3878 488 3923 θῑ
503 3877 631 3939 (inanium
653 3868 756 3922 restite
777 3884 858 3923 Vtra·
910 3896 943 3934 ex
958 3894 1011 3951 quo
1027 3895 1139 3933 sensum
1154 3880 1247 3934 babuit
1259 3880 1332 3951 qnod
1346 3879 1398 3934 hoc
1412 3895 1580 3950 cognoscere
1601 3880 1708 3951 potnia-

59 3957 127 4013 citsst'
148 3957 236 4029 Ρθῐῐῐῑ,
259 3957 334 4028 quod
348 3957 414 4011 mihi
437 3957 573 4012 mandasti
596 3956 727 4028 tlu⁰Stlssffi
742 3954 859 4010 infantes
909 3976 960 4033 set,
992 3983 1100 4038 sempor
1127 3967 1192 4022 ridit
1212 3969 1401 4040 presbyterum
1426 3969 1460 4023 de
1482 3968 1621 4025 luviniaca
1643 3967 1709 4025 villa

59 4045 119 4101 sine
139 4046 313 4116 baptismate,
334 4053 361 4101 et
382 4046 516 4117 quosdam
541 4045 599 4100 ⁵1¹1ss
627 4044 725 4100 viatim
745 4060 858 4099 munere
908 4056 1008 4111 habere
1030 4071 1092 4112 cum
1117 4056 1163 4111 illa
1177 4056 1257 4111 etiam
1281 4057 1397 4112 ecclesia
1414 4057 1549 4128 capellam
1563 4058 1598 4114 de
1613 4057 1709 4113 attola

62 4135 150 4191 exisse
173 4135 209 4191 de
232 4134 342 4199 mula
369 4150 424 4191 non
447 4142 488 4190 est
511 4132 859 4188 t'etum·N8m015ii11d⁰
909 4153 1060 4214 curte,nec
1083 4153 1176 4201 noaet
1191 4144 1316 4217 legaliter
1337 4162 1387 4216 per
1412 4146 1534 4202 Francos
1559 4146 1587 4201 in
1611 4147 1708 4203 cadem

63 4223 163 4295 ”illiti
185 4240 280 4278 lesum
301 4230 384 4291 esset»
410 4223 472 4294 quia
487 4238 559 4293 ⁵³³9e
575 4238 624 4291 W
638 4221 700 4276 inde
715 4221 859 4275 ”inlitum
909 4233 974 4288 ailla
987 4243 1198 4301 commanentes,
1216 4234 1264 4288 sed
1275 4242 1301 4288 et
1316 4251 1365 4304 per
1375 4234 1479 4289 vicinos
1491 4235 1709 4291 circummanen-

64 4310 149 4380 habili,
165 4319 192 4367 Οἱ
206 4311 288 4366 iidem
304 4311 430 4366 homiues
450 4311 607 4381 frequenter
623 4309 656 4364 ad
673 4307 858 4364 confirmatio·
909 4328 959 4390 res,
976 4323 1057 4376 eriam
1072 4331 1097 4376 01
1112 4323 1424 4393 pgrg0101105‚quorurrr
1439 4323 1572 4378 hahemus
1586 4325 1705 4393 nomina,

66 4415 124 4455 Μ
143 4415 178 4456 ⁰⁰
199 4400 421 4472 Pfffldifflfit’ssem
437 4399 470 4453 id
485 4415 529 4454 [ΗΘ
543 4406 686 4466 lentium,
702 4397 760 4452 Sine
775 4396 858 4453 dubit>
872 4397 961 4466 Dhoc
982 4411 1010 4464 in
1033 4419 1141 4465 tuorum
1165 4410 1309 4465 missorum
1333 4409 1477 4481 praesentia
1501 4411 1707 4481 comprobatum

66 4487 123 4544 inde
134 4489 229 4561 iliqua
243 4488 400 4544 retltm⁸fi0
422 4488 457 4541 ad
472 4503 515 4542 11¹²
530 4487 643 4542 venisti·
665 4488 761 4541 POSlOfl
776 4485 858 4540 eliam
907 4497 966 4552 tuit.
981 4497 1059 4567 Quod
1075 4506 1192 4553 autema
1207 4499 1370 4571 quibusdam
1380 4507 1489 4555 tuorum
1509 4499 1617 4565 dicitur,
1633 4500 1706 4571 quod

67 4592 142 4647 quam
155 4577 223 4632 mihi
237 4593 269 4631 ea
284 4592 346 4648 quae
359 4575 479 4646 praemisi
494 4592 543 4646 per
557 4573 698 4645 praefatum
714 4574 858 4629 venerabi·
907 4581 968 4652 ipsa
982 4582 1085 4652 capella
1098 4582 1232 4655 antiquior
1247 4584 1281 4638 sit
1296 4601 1376 4657 quam
1396 4584 1511 4640 ecclesia
1525 4583 1553 4637 in
1567 4582 1707 4639 luviniaca

68 4663 115 4720 lem
135 4664 371 4736 archiepiscopum
393 4664 538 4733 mandasti,
563 4663 708 4735 diligenter
722 4662 859 4734 inquirere
908 4669 979 4736 villa,
1005 4669 1111 4725 etiamsi
1134 4687 1226 4727 verum
1248 4671 1335 4742 foret,
1353 4681 1416 4728 tnnc
1436 4672 1473 4726 illi
1494 4671 1637 4744 antiquitas
1656 4686 1707 4727 sna

69 4752 88 4807 si
101 4752 161 4810 inde
184 4753 286 4825 aliquid
310 4769 405 4808 verum
429 4760 502 4808 esset
524 4752 671 4817 curatrici
698 4768 748 4822 por
768 4751 859 4806 omnia
909 4757 1066 4831 suffragium
1090 4759 1208 4829 afferret,
1234 4762 1257 4816 si
1270 4763 1298 4816 in
1319 4761 1477 4833 antiquitate
1500 4776 1548 4815 sua
1569 4761 1707 4832 usquead

70 4843 136 4912 qnod
158 4842 225 4897 mihi
247 4841 382 4896 mandasti
405 4840 574 4897 mendacium
596 4856 657 4895 esse
679 4840 779 4895 inveni·
797 4840 860 4910 Ipsa
909 4855 1030 4918 tempora
1052 4849 1182 4904 moderna
1196 4850 1367 4920 persisteret,
1380 4851 1447 4903 Nam
1461 4849 1608 4914 Atrebatis,
1626 4848 1707 4906 Viro-

70 4930 171 5000 quidem
184 4930 289 5002 capella
304 4930 331 4983 in
345 4929 409 4983 villa
423 4946 483 5000 qna
493 4929 647 4984 nominatur
657 4929 753 4985 Attolae
763 4928 856 4994 curtis,
909 4936 1025 5003 mandis,
1042 4946 1068 4992 et
1082 4938 1210 5004 Bononia,
1236 4954 1269 4992 ex
1283 4938 1359 5006 cujus
1382 4938 1521 4994 territorio
1536 4955 1567 4995 es
1589 4939 1705 5007 nativus,

69 5033 140 5088 quam
163 5020 235 5076 sicut
257 5018 351 5088 fertur,
376 5018 467 5072 Attola
496 5016 640 5089 episcopus
671 5017 858 5072 Landunensis
909 5024 1075 5096 antiquiores
1091 5026 1171 5081 sedes
1185 5042 1247 5081 cnm
1261 5025 1397 5096 episcopis
1413 5027 1532 5098 propriis
1547 5028 1574 5082 in
1589 5028 1708 5083 Rhama·

69 5108 183 5165 ecclesiae
197 5116 305 5179 partem
320 5106 393 5174 iude,
410 5123 469 5178 qnae
490 5123 547 5162 suae
561 5106 735 5177 proprietatis
749 5105 808 5171 fuit,
824 5105 859 5160 ad
910 5130 971 5168 rum
995 5115 1132 5185 provincia
1158 5115 1326 5180 exstiterunt,
1352 5131 1433 5187 qnam
1461 5126 1582 5172 castrum
1608 5115 1707 5172 Montis

67 5192 144 5265 ipsam
170 5194 315 5253 ecclesiam
337 5196 365 5250 in
386 5211 438 5266 qua
462 5193 548 5251 fuerat
576 5195 713 5250 ordinatus
737 5195 856 5260 donavit.
910 5201 1031 5257 Laudnni
1046 5203 1116 5257 inter
1131 5203 1210 5257 sedes
1227 5205 1467 5274 computaretur,in
1484 5221 1537 5277 qno
1551 5221 1582 5260 es
1597 5205 1707 5260 ordina-

67 5294 174 5356 ercepto
197 5285 295 5340 atriolo
316 5285 351 5340 ad
375 5283 549 5355 sepulturam,
576 5293 602 5339 et
625 5292 738 5355 excepta
761 5284 858 5340 cellula
911 5298 952 5344 tus
967 5290 1120 5360 epiecopus.
1138 5291 1192 5346 Sed
1207 5292 1334 5363 qnoniam
1349 5311 1365 5347 a
1380 5294 1462 5366 longo
1478 5301 1608 5364 tempore,
1624 5293 1707 5350 certis

65 5383 184 5439 manselli
207 5382 293 5453 ipsius
316 5382 437 5453 capellae,
461 5397 523 5437 cnm
546 5382 662 5447 hortulo,
679 5399 712 5437 ex
725 5389 857 5453 potestate
910 5385 1052 5433 eventuum
1069 5394 1102 5435 ac
1117 5380 1309 5437 necessitatum
1325 5383 1413 5439 causis
1428 5383 1624 5450 accidentibus,
1636 5382 1708 5440 sicut

65 5480 162 5531 sacta
176 5471 271 5529 llariae
285 5471 472 5528 laudunensis
492 5471 615 5528 ecclesiae
629 5487 683 5526 non
698 5470 790 5540 babet,
805 5470 858 5528 nisi
909 5467 983 5522 etde
1007 5466 1129 5540 pluribus
1153 5469 1307 5528 civitatibus
1321 5471 1350 5527 in
1371 5471 1533 5544 quibusdam
1556 5471 1707 5545 provinciis
