3826 6098
129 252 182 306 965
579 232 736 300 astutus
760 232 849 287 Para
876 231 897 284 l.
924 259 958 270 —
985 226 1128 283 Nortttt
1154 224 1352 285 utstotttcs.
1730 225 1783 281 966

124 387 188 429 cum
202 368 319 426 inimicis
333 365 383 423 Dei
399 374 424 421 et
439 365 498 435 ejus
513 358 759 419 contradictoribus
784 370 870 426 usque
889 354 925 409 ad
940 355 1038 415 Arum
1060 353 1118 407 Deo
1141 359 1345 423 consequantur
1369 358 1395 406 et
1419 350 1502 405 vitam
1524 357 1654 405 aeternam
1678 349 1781 405 babere

125 459 342 522 satisfactionem
355 454 530 528 profligatum
544 467 577 507 ae
592 450 795 520 inperpetuum
810 445 925 499 damna·
976 449 1138 496 mereantur.
1156 441 1292 512 Scriptum
1308 456 1357 511 per
1372 452 1467 494 manus
1486 438 1622 494 Theodori
1647 436 1780 494 scriniarii

124 556 191 604 tum.
207 548 421 605 conservatores
442 550 531 597 autem
551 540 630 608 hujus
654 535 740 591 nostri
756 531 859 589 decreti
873 546 926 602 pax
977 537 1077 585 sanetae
1101 530 1230 585 Romanae
1252 528 1384 584 Ecclesiae
1399 528 1428 582 in
1442 543 1538 583 mense
1553 525 1642 582 llartii
1664 532 1690 581 et
1711 525 1780 588 indi·

124 647 151 694 et
167 636 298 710 gaudium
312 641 339 690 et
353 630 506 689 benedictio
522 627 679 701 elargitore
694 622 815 680 omnium
838 621 927 675 bono·
978 618 1067 674 ctione
1082 627 1169 673 sexta.
1187 619 1286 673 Datum
1292 658 1370 673 .....
1390 617 1461 672 Bene
1478 615 1575 672 valete.

748 927 826 970 tutto
850 924 952 968 DOMINI
974 922 1166 966 noectxxttlv.

386 1085 984 1299 MARINUS
1054 1089 1408 1288 Papa
1480 1088 1526 1285 Ι

688 1392 888 1477 ΝΟΤΙΤΙΑ
923 1394 1216 1480 Htstotttctt.

605 1582 695 1654 (Apud
713 1583 812 1653 hausi,
831 1583 981 1640 Sacrorum
1000 1585 1103 1642 Coneil.
1119 1584 1203 1656 ampl.
1221 1583 1303 1655 Coll.)

163 1816 284 1873 blarinus
307 1816 427 1871 Gallesio
449 1816 550 1888 oppido
574 1816 714 1880 oriundus,
732 1825 795 1888 post
810 1815 929 1871 triduum
944 1825 1103 1883 sstuensem
1119 1831 1230 1870 munere
1245 1813 1412 1885 apostolatus
1422 1812 1495 1882 apud
1508 1811 1640 1883 bulgaros
1650 1811 1784 1882 praeclare

130 1888 163 1944 ab
186 1889 262 1943 obitu
289 1888 400 1942 loannis
425 1888 484 1941 Vlll
507 1886 603 1942 Kalen.
629 1887 785 1942 Februariis
808 1887 930 1942 unanimi
986 1887 1116 1954 sunctum,
1133 1903 1165 1942 ac
1180 1886 1293 1940 aliarum
1308 1884 1473 1956 legationum
1492 1883 1595 1937 meritis
1614 1890 1782 1962 esornatum,

126 1974 264 2015 consensu
293 1959 374 2013 totius
389 1957 466 2027 cleri,
483 1973 538 2012 non
552 1973 583 2012 ex
599 1957 713 2012 diacono
736 1958 785 2013 sed
807 1958 935 2029 episcopo
986 1975 1066 2030 quem
1080 1959 1200 2014 loannes
1223 1957 1380 2028 episcopatu
1404 1955 1575 2025 deposuerat,
1593 1960 1618 2006 et
1630 1961 1784 2021 juramento

131 2029 234 2086 electus
258 2036 299 2083 est
341 2027 459 2093 ontilex,
484 2043 556 2081 anno
581 2028 690 2083 Domini
713 2032 784 2094 882,
812 2035 935 2100 tempore
986 2029 1182 2095 obstrinxerat,
1209 2043 1238 2082 se
1261 2041 1398 2097 nunquam
1423 2025 1457 2079 ad
1482 2023 1575 2078 sedem
1599 2022 1785 2094 episcopalem

130 2099 221 2156 Caroli
237 2100 272 2154 tlt
286 2107 312 2154 et
322 2045 418 2153 insitii
432 2099 613 2171 imperatoris.
635 2098 710 2153 Sedit
733 2115 833 2153 annum
848 2116 935 2153 unum
987 2098 1153 2165 rediturum;
1170 2098 1218 2153 sed
1233 2097 1303 2153 laica
1323 2095 1513 2176 communione
1532 2101 1688 2150 contentum
1704 2093 1785 2148 dein·

132 2171 233 2226 etdies
247 2170 354 2242 viginti.
371 2169 419 2224 llic
438 2171 503 2224 dum
528 2178 628 2223 sanctae
652 2170 782 2225 Romanae
805 2170 936 2224 Ecclesiae
987 2186 1052 2240 ceps
1068 2170 1231 2241 quieturum,
1248 2169 1275 2223 in
1291 2168 1386 2223 urbem
1409 2175 1437 2221 et
1458 2171 1645 2236 episcopatum
1668 2179 1784 2220 revoca·

133 2241 266 2296 diaconus
288 2240 433 2296 cardinalis
457 2249 540 2308 esset,
567 2239 667 2294 missus
688 2249 728 2295 est
744 2256 806 2296 cum
829 2241 936 2295 Donato

133 2320 217 2382 atque
232 2311 322 2366 Leone
336 2310 596 2380 Constantinopolim
611 2311 646 2365 ad
662 2311 850 2365 insinuandam
866 2312 936 2365 Pho-

134 2381 172 2436 tio
195 2381 376 2435 anathematis
400 2381 580 2448 sententiam,
608 2396 660 2452 qua
684 2397 701 2435 a
723 2381 836 2437 Nicolao
864 2397 935 2452 papa

131 2452 281 2522 perculsus
297 2460 364 2506 erat.
390 2450 457 2505 Cum
482 2452 588 2507 Donato
603 2459 629 2506 et
649 2451 785 2523 Stephano
810 2460 934 2522 tempore

132 2522 247 2577 Adriani
274 2523 297 2576 ll
326 2523 419 2576 iterato
451 2537 565 2576 munere
596 2520 740 2593 legationis
772 2524 935 2604 apostolicae

133 2601 259 2654 sanctus,
286 2593 517 2663 Constantinopoli
541 2593 664 2647 Photium
687 2594 826 2663 deposuit.
852 2596 935 2663 lgna-

133 2664 201 2718 tium
216 2663 342 2730 restituit,
355 2671 434 2733 atque
446 2672 625 2718 sacrosanctae
639 2665 814 2719 oecurnenicae
829 2665 935 2735 syuodo

132 2741 238 2788 octavae
272 2733 389 2788 raesedit.
406 2733 516 2806 bulgari
541 2750 602 2788 eum
628 2734 679 2788 sibi
702 2735 860 2806 episcopum
876 2734 935 2789 dari

132 2804 206 2874 apud
222 2750 371 2858 blidenum
386 2802 410 2858 ll
425 2804 596 2870 institerunt;
612 2805 661 2859 sed
676 2820 729 2860 non
744 2806 932 2876 impetrarunt.

132 2875 247 2929 Crestus
261 2889 278 2929 a
291 2874 394 2930 loanne
412 2875 540 2944 pontifice
563 2875 717 2945 episcopus,
733 2877 840 2932 tertiam
855 2877 934 2948 lega-

131 2946 235 3000 tionem
257 2945 391 3010 obiturus,
414 2945 492 2999 tertio
516 2945 616 2999 missus
641 2955 683 3000 est
705 2948 934 3017 Constantinopo-

986 2241 1032 2306 vit,
1059 2249 1139 2312 atque
1163 2240 1288 2295 eumdem
1311 2239 1339 2294 in
1362 2237 1510 2309 pristinum*
1530 2245 1627 2291 statum
1657 2235 1782 2291 restituit.

987 2310 1046 2379 Qua
1067 2312 1101 2366 de
1123 2326 1207 2367 causa
1223 2311 1357 2366 aloanne
1381 2308 1529 2379 depositus,
1554 2322 1642 2377 quove
1663 2307 1744 2361 modo
1768 2321 1785 2360 s

986 2381 1091 2436 hiarino
1115 2382 1254 2436 restitutus
1279 2379 1367 2446 fuerit,
1393 2395 1447 2434 non
1470 2384 1576 2434 constat
1593 2395 1599 2431 :
1617 2376 1703 2449 potuit
1726 2376 1784 2432 sine

986 2453 1069 2507 dubio
1091 2469 1153 2507 eum
1172 2469 1186 2505 a
1204 2452 1357 2521 iuramento
1382 2450 1479 2518 injuste
1502 2456 1597 2504 exacto
1622 2447 1783 2512 absolvisse,

986 2533 1012 2577 et
1031 2523 1192 2579 seutentiam
1217 2523 1329 2578 loannis
1352 2538 1429 2645 papae
1450 2520 1523 2575 uelut
1545 2519 1675 2589 iniquam,
1688 2518 1784 2644 priva·

986 2603 1066 2665 toque
1080 2594 1179 2650 affectu
1203 2592 1318 2648 sortasse
1341 2600 1483 2662 picatam,
1500 2598 1670 2646 retractasse.
1711 2598 1784 2643 trum

985 2665 1083 2720 horum
1096 2665 1197 2720 sactum
1212 2663 1300 2732 luerit,
1317 2664 1451 2718 incertum
1466 2669 1524 2728 est;
1541 2661 1656 2731 ideoque
1672 2660 1782 2727 mirum,

986 2736 1060 2817 quod
1075 2752 1165 2790 rerum
1180 2744 1317 2807 gestarum
1332 2735 1339 2787 i
1363 2733 1430 2799 nari,
1448 2733 1483 2788 ob
1499 2739 1697 2802 reassumptum
1711 2744 1782 2801 pon-

986 2804 1112 2861 trsrcatum
1141 2806 1273 2861 Formoso
1303 2751 1495 2875 obfoquantur.
1520 2805 1582 2858 llaec
1606 2818 1642 2857 cc
1666 2801 1783 2857 diversis

986 2880 1112 2948 epistolis
1135 2879 1303 2948 pontificem
1327 2877 1475 2931 Berenice.
1502 2874 1612 2929 Fulcoui
1636 2871 1783 2930 llhemensi

986 2947 1201 3018 archiepiscopo,
1218 2948 1262 3018 qui
1283 2947 1430 3002 llincmaro
1453 2945 1616 3018 subrogatus
1638 2951 1705 3008 erat,
1722 2950 1784 3014 post

131 3015 190 3081 lim,
206 3015 241 3070 ad
257 3017 362 3070 ruinam
378 3015 452 3070 illam
469 3016 656 3086 reparandam,
673 3034 733 3087 quae
749 3035 797 3087 per
814 3021 933 3084 Petrum,
986 3019 1115 3073 emissam
1152 3019 1309 3073 orthodoxa
1335 3017 1398 3072 lidei
1426 3016 1642 3100 professionem,
1670 3013 1784 3084 pallium

133 3086 246 3140 Paulum
267 3095 293 3141 et
313 3086 465 3168 Eugenium
490 3094 544 3140 tres
568 3088 640 3141 sedis
666 3089 823 3158 apostolicae
846 3089 934 3144 isthuc
985 3090 1130 3144 concessit.
1158 3089 1327 3144 Flcdocrdrts
1350 3090 1381 3142 ie
1407 3092 1464 3143 crta
1489 3088 1630 3142 Falconis.
1656 3085 1784 3141 Scholam

132 3172 185 3227 pro
199 3157 293 3212 l‘hotio
308 3157 475 3213 restituendo
490 3157 526 3211 ad
541 3158 675 3228 synodum
700 3158 839 3230 ablegatos
864 3159 933 3214 lacta
948 3160 1136 3235 Chnglorum
1152 3157 1244 3214 Rornae
1258 3159 1417 3217 existentem
1432 3174 1461 3211 ro
1501 3165 1528 3210 tu
1543 3155 1663 3211 helfredi
1678 3156 1753 3228 regis
1768 3169 1783 3208 a

133 3234 201 3282 erat.
218 3227 340 3298 Cumque
351 3228 452 3282 ibidem
465 3244 571 3282 summa
581 3228 663 3282 animi
676 3230 828 3284 constantia
838 3245 932 3285 coram
984 3232 1081 3285 tributo
1096 3230 1212 3284 liberam
1225 3230 1289 3283 feeit
1303 3230 1450 3284 Mattheus
1488 3227 1780 3282 'estmonestericnsia

133 3297 235 3353 Basilio
249 3298 423 3369 imperatore,
440 3307 535 3354 cuncta
550 3315 612 3369 quae
626 3299 748 3369 praedicti
770 3309 826 3355 tres
848 3299 932 3371 legati
982 3302 1104 3371 Cumque
1129 3300 1197 3355 locis
1224 3300 1350 3354 omnibus
1382 3314 1466 3368 supra
1500 3297 1626 3369 allegatis
1661 3296 1783 3350 Marinus

132 3384 278 3439 perperam
306 3376 466 3441 gesserant,
495 3369 571 3422 irritu
605 3370 780 3435 reddidisset,
820 3370 932 3425 trirtnta
982 3371 1144 3439 nominetur,
1168 3377 1241 3425 recte
1265 3370 1398 3423 Plotinam
1422 3369 1521 3423 erroris
1545 3368 1625 3423 redar
1646 3367 1683 3422 uit
1707 3366 1783 3422 Ouu-

131 3439 240 3507 diebus,
266 3439 352 3510 inquit
379 3439 532 3509 Stephanus
555 3440 582 3492 in
606 3440 720 3510 epistola
747 3441 781 3495 ad
806 3390 932 3495 Basiiium
982 3441 1087 3512 phrius,
1105 3440 1177 3512 quod
1192 3440 1270 3495 aliter
1294 3456 1376 3511 quam
1399 3384 1725 3510 llartinumappeilantes
1742 3436 1781 3490 si-

132 3508 343 3579 imperatorem,
372 3524 483 3565 carcere
506 3510 631 3565 detentus
657 3510 714 3564 luit.
740 3513 798 3566 Hac
821 3511 931 3567 eonies-
982 3511 1133 3566 militudine
1162 3511 1279 3566 nominis
1308 3512 1438 3580 deceptos
1467 3526 1528 3565 osse
1556 3509 1667 3566 scribat.
1697 3509 1782 3578 Hujus

131 3579 217 3634 sionis
251 3581 379 3704 gloriosa
420 3596 523 3636 corona
565 3581 723 3647 redimitus,
763 3583 797 3636 ab
835 3582 931 3637 cedern
981 3582 1148 3653 temporibus
1172 3582 1352 3637 Northmanni
1377 3581 1565 3647 Trevirorum,
1590 3581 1778 3651 Tungrorum,

129 3650 236 3704 Joanne
274 3652 310 3705 lll
334 3651 478 3722 ablegatus
492 3659 532 3705 est
547 3651 581 3705 ad
602 3653 777 3706 Athanasium
800 3653 931 3723 Neapoli·
983 3654 1125 3718 Ubiorum,
1149 3653 1320 3724 aliorumque
1344 3652 1593 3720 circumjacentium
1617 3650 1782 3721 populorum

130 3727 201 3775 tanae
225 3721 299 3775 urbis
323 3720 481 3792 episcopum
507 3730 533 3775 et
557 3721 725 3792 principem,
743 3733 770 3777 ut
786 3722 929 3788 silendus,
981 3724 1062 3779 urbes
1086 3732 1111 3778 et
1134 3724 1234 3794 oppida
1263 3723 1396 3779 incendiis
1418 3732 1444 3777 et
1465 3722 1569 3793 rapinis
1597 3722 1779 3777 devastarunt.

131 3791 205 3861 quod
220 3791 264 3845 ille
279 3807 341 3847 cum
356 3792 501 3847 Saracenis
511 3791 606 3846 initum
617 3794 743 3859 habehat,
759 3793 929 3862 dissolveret,
983 3796 1025 3849 Fe
1047 3797 1119 3850 cetis
1141 3799 1247 3850 sancte
1274 3795 1380 3850 (tudda
1395 3798 1422 3849 et
1436 3795 1584 3849 carnalibus
1608 3794 1782 3848 Francorum

129 3862 259 3915 eumlem
291 3862 468 3917 Athanasium
496 3879 511 3916 a
539 3863 673 3917 sententia
711 3864 931 3919 excommunica·
982 3866 1129 3920 Ferocius.
1148 3865 1258 3919 Photius
1273 3863 1461 3919 schismaticus
1482 3865 1533 3919 hoc
1556 3870 1678 3934 tempore
1694 3867 1781 3935 Aqui--

130 3930 223 3994 tionis,
259 3949 299 3988 uae
313 3932 436 4003 synodali
447 3932 548 4000 jndicio
562 3934 590 4002 in
606 3950 667 3987 eum
686 3934 738 3989 lata
754 3944 819 3999 erat,
836 3935 931 3990 absol·
981 3935 1077 3990 leiensi
1091 3936 1297 4016 archiepiscopo
1312 3936 1435 4007 imperito
1446 3942 1472 3990 et
1482 3935 1655 3990 schismatico
1670 3935 1705 3989 de
1719 3949 1782 4005 pro·

130 4010 216 4082 reret.
234 3949 327 4057 §uisse
342 4004 473 4082 eumdem·
484 4004 557 4058 sedis
571 4005 727 4073 apostolicae
738 4007 872 4060 arcarium
887 4006 931 4059 in·
982 4007 1107 4062 cessione
1122 4007 1238 4078 Spiritus
1259 4007 1347 4062 sancti
1368 4006 1548 4077 respondens,
1564 4021 1678 4061 causam
1691 4005 1780 4070 dedit3

128 4074 201 4128 dicat
216 4072 335 4128 loannes
349 4090 417 4144 papa
431 4074 548 4143 eprstola
571 4078 633 4129 aet.
659 4075 735 4130 initio
758 4075 931 4147 pontificatus
983 4077 1055 4166 quod
1069 4078 1138 4133 sicut
1149 4078 1253 4146 jamdiu
1267 4086 1329 4133 aute
1344 4078 1402 4133 haec
1418 4086 1540 4148 tempora
1555 4077 1745 4148 Hispaniarum
1756 4083 1785 4131 et

130 4142 173 4197 sui
190 4143 321 4212 Photium,
343 4142 488 4214 omniaque
510 4144 568 4213 ejus
582 4153 640 4199 acta
655 4146 688 4200 ad
704 4163 801 4201 munus
824 4148 931 4217 episco-
983 4147 1132 4203 (Jalliarum
1160 4147 1308 4213 Ecclesiae,
1344 4149 1379 4202 ita
1408 4149 1488 4203 etiam
1517 4147 1552 4202 ad
1582 4147 1782 4202 retundendam

129 4213 195 4283 pale
219 4213 365 4284 spectantia
393 4214 546 4279 damnarit,
571 4223 653 4286 atque
675 4225 733 4272 acta
758 4217 931 4274 conciliabuli
983 4219 1069 4272 Photii
1093 4220 1205 4289 ejusque
1227 4218 1404 4273 sectariorum
1418 4218 1453 4273 de
1467 4219 1643 4288 processione
1666 4218 1783 4287 Spiritus

128 4283 327 4407 pseudooctavi
341 4285 420 4356 plane
441 4285 605 4354 reprobarit.
622 4286 682 4354 Qua
697 4287 731 4342 de
746 4303 829 4342 causa
852 4288 926 4343 Basi·
983 4290 1068 4343 sancti
1097 4288 1238 4352 haeresim,
1269 4289 1392 4343 Romana
1419 4288 1543 4342 Ecclesia
1570 4288 1782 4342 additamentum

140 4354 183 4407 ius
198 4353 345 4425 imperator
357 4356 479 4427 graviter
493 4354 623 4423 offensus,
640 4357 730 4412 furore
744 4359 822 4427 gravi
837 4358 931 4413 incen·
981 4359 1057 4425 illud,
1072 4360 1205 4430 Filioque,
1222 4357 1256 4411 ad
1279 4357 1432 4428 symbolum
1456 4358 1783 4428 Constantinopolitanum

130 4440 188 4491 sus,
214 4425 328 4481 Romam
352 4427 474 4482 scribens
496 4427 612 4493 dicebat,
640 4428 771 4483 llariuum
794 4444 848 4483 non
869 4445 930 4483 esse
981 4429 1180 4499 posterioribus
1195 4428 1269 4482 hisce
1294 4428 1400 4482 saeculis
1425 4428 1565 4495 adjecerit,
1583 4438 1609 4482 et
1623 4429 1651 4481 in
1665 4427 1783 4484 ecclesia

128 4493 298 4565 pontificem,
314 4513 346 4552 eo
379 4497 553 4551 uodalterius
568 4498 730 4554 Ecclesiaee
751 4499 930 4569 iseopusjam
982 4498 1091 4569 publice
1113 4498 1303 4555 decantaverit.
1326 4498 1386 4568 Quo
1410 4505 1531 4569 tempore
1555 4507 1581 4553 et
1606 4497 1670 4565 hnc,
1695 4512 1783 4570 quove

129 4573 193 4619 ante
208 4565 350 4621 ordinatus
362 4515 468 4632 inisset,
485 4568 591 4640 aliaque
606 4569 690 4623 multa
704 4516 834 4623 ariversus
857 4586 932 4625 eum·
946 4539 972 4599 D
984 4577 1095 4625 anctore
1111 4577 1137 4623 et
1151 4570 1233 4624 modo
1248 4569 1275 4623 id
1291 4570 1391 4625 iactum
1414 4568 1502 4634 suerit,
1518 4586 1551 4624 ex
1567 4569 1731 4635 rEtheriano‚
1756 4575 1784 4624 et

129 4635 194 4690 dem
208 4652 306 4706 papam
330 4638 530 4693 sanctissimum
555 4637 688 4706 effutiens,
706 4639 773 4695 solio
794 4640 933 4710 pontilicio
984 4640 1099 4696 concilio
1124 4641 1279 4696 Florentino
1300 4640 1382 4696 relert
1399 4640 1529 4695 Batonius
1552 4656 1623 4694 anno
1647 4644 1709 4705 833,
1729 4655 1783 4694 nu·

129 4721 194 4762 eum
204 4707 324 4775 dejicere
333 4709 485 4779 satagebat.
499 4709 570 4776 Quid
580 4720 668 4766 autem
681 4726 728 4781 pro
738 4711 834 4766 eodem
843 4711 934 4766 delen·
983 4728 1059 4767 mero
1075 4714 1108 4767 tt
1126 4721 1152 4767 et
1167 4711 1352 4783 sequentibus.
1369 4711 1487 4766 ltlarinus
1502 4711 1652 4782 apostolice
1671 4725 1783 4767 munere

130 4776 224 4831 dendo
239 4777 394 4850 Stephanus
408 4794 478 4859 papa
493 4795 637 4836 successor
647 4782 743 4836 llarini
757 4783 791 4837 ad
807 4783 932 4837 basilium
982 4782 1155 4838 laudabiliter
1168 4782 1327 4853 perfunctus
1350 4782 1477 4854 migravit
1492 4799 1525 4837 ex
1539 4784 1588 4839 hac
1603 4782 1658 4837 rita
1671 4797 1710 4836 xv
1724 4783 1782 4837 Ka-

129 4848 313 4919 rescripserit,
328 4866 360 4904 ex
376 4850 490 4920 eprstola
506 4851 626 4918 ejusdem
651 4852 780 4923 Stephani
797 4852 866 4908 inira
880 4869 931 4925 pa·
983 4853 1078 4909 lendes
1104 4854 1242 4909 Februarii
1265 4868 1335 4908 anno
1359 4853 1460 4908 Eodem
1482 4853 1548 4909 toris
1575 4854 1635 4918 88l,
1665 4870 1727 4910 cum
1754 4852 1782 4908 iu

126 4918 205 4998 tebit.
245 4920 301 4985 Ea,
328 4937 389 4992 quae
403 4921 521 5001 loannes
550 4938 618 4993 papa
646 4938 791 4993 perperam
821 4934 930 4998 egerat,
1001 4923 1138 4980 ontificatu
1166 4940 1267 4980 annum
1295 4940 1378 4979 unum
1404 4932 1429 4979 et
1472 4925 1511 4980 ies
1534 4924 1630 4998 viginti
1652 4925 1778 4980 sedisset.

127 5003 314 5060 mscrssurus,
330 4992 401 5047 inter
424 4991 477 5047 aha
499 4992 662 5049 Formosum
683 4995 840 5066 episcopum
862 4997 932 5052 Por·
982 4942 1046 5051 inst
1060 4997 1163 5052 obitum
1178 4997 1236 5065 ejus
1251 4995 1332 5050 sedes
1345 4995 1428 5051 biduo
1442 4994 1557 5052 vacarit.
