3794 6104
67 272 127 334 sat
803 270 894 332 VlTA.
1674 269 1729 335 ’998

71 406 139 460 vitae
155 403 255 459 ibidem
271 390 458 459 delectabatur
472 402 576 466 audire,
592 401 754 474 hymnisque
769 408 795 456 et
817 400 878 456 lau·
894 399 987 460 Asuae
1000 401 1108 458 deiectu
1123 403 1177 458 voti
1192 403 1233 458 sui
1249 404 1331 459 verba
1347 404 1544 459 commendans
1573 402 1731 475 episcopus,

74 493 167 557 dibus,
186 501 266 563 prout
280 492 376 565 potuit,
393 492 437 548 die
461 502 596 565 noctuque
619 507 726 548 vacare.
756 490 833 559 Huic,
851 498 879 545 ut
927 507 977 561 per
991 508 1053 546 eum
1069 508 1099 546 se
1109 491 1420 562 compensarecredidit,
1433 491 1564 564 quidquid
1573 491 1631 562 ipse
1640 491 1730 546 miuus

76 582 244 646 dictumest,
260 597 310 652 per
333 582 422 637 visum
445 596 580 652 apparens
604 581 748 652 presbyter
776 595 879 634 memo·
929 581 1079 635 orationum
1090 582 1146 651 jam
1158 580 1276 637 moriens
1298 596 1434 654 peragere
1459 588 1575 652 posset:
1605 579 1733 653 quoniam

76 679 163 738 ratus,
178 670 280 726 famulo
300 671 350 725 Dei
375 671 521 726 llemberto
546 670 646 741 gratias
671 667 763 725 referri
786 667 881 739 petivit
930 676 955 722 et
970 679 1082 740 propter
1096 671 1157 725 vitae
1171 671 1227 739 ejus
1243 671 1369 725 meritum
1385 687 1436 741 pro
1451 686 1480 725 se
1508 669 1583 724 illum
1611 667 1735 725 exaudiri

78 759 114 815 de
128 758 298 830 parcimonia
313 774 363 829 pro
377 759 436 827 ejus
452 759 600 814 salvatione
616 767 718 823 exacta,
744 773 825 829 quam
854 763 881 811 at
931 759 1279 831 uoridubitavi12etquod
1297 759 1342 813 ille
1362 758 1433 826 lecit,
1464 774 1516 813 uon
1544 757 1676 813 discrevit
1698 755 1733 811 ab

77 848 106 902 in
128 856 233 902 tautmn
255 847 306 901 sibi
331 846 481 918 profecisse
505 847 651 911 mundavit,
673 855 700 901 ut
716 846 881 918 abnegatum
932 861 964 900 eo
980 846 1052 917 quod
1067 863 1083 901 a
1099 864 1128 902 se
1143 848 1202 919 ipso
1217 846 1317 904 laetum
1333 847 1430 902 luisset
1445 865 1451 902 :
1469 847 1530 919 quia
1545 862 1593 903 cor
1608 860 1692 902 uuum
1707 851 1735 900 et

78 937 130 991 sibi
146 937 221 1007 prius
234 936 267 991 ad
283 947 456 1007 conspectum
472 937 521 990 Dei
542 952 683 992 accessum
698 943 724 990 et
739 935 808 989 aulae
823 950 881 989 ouc-
932 935 1021 989 anima
1036 951 1099 1001 uua,
1116 953 1186 991 uuus
1197 935 1307 1008 spiritus
1322 944 1348 992 et
1363 953 1414 991 una
1429 936 1496 992 tides
1507 944 1565 991 crat
1580 950 1691 1006 semper
1706 933 1734 988 in

74 1026 154 1081 lestis
168 1024 307 1079 introitum
324 1027 451 1096 perhanc
467 1025 649 1079 condonatum
659 1031 802 1079 constaret.
822 1024 882 1093 lpse
935 1023 984 1078 eis.

78 1130 146 1170 uero
170 1114 331 1169 llembcrtus
354 1113 425 1168 inter
454 1130 512 1181 eos,
542 1114 637 1185 inquit,
655 1113 818 1177 ascribetur,
849 1110 883 1166 de

81 1203 183 1274 quibus
198 1202 298 1257 dicitur
318 1220 324 1255 :
343 1203 499 1274 Fulpebunt
509 1204 593 1275 justi,
611 1206 639 1257 et
654 1205 791 1274 tanquam
807 1202 883 1256 scin·
1248 1171 1359 1228 CAPUT
1379 1172 1414 1227 X·

83 1292 156 1346 tilloe
173 1291 394 1347 inarandincto
418 1291 580 1346 discurrent
604 1291 733 1362 (Sapen,
750 1291 778 1358 7)
799 1296 824 1343 et
850 1288 884 1343 de
971 1295 1094 1366 Denique
1111 1311 1170 1350 cum
1187 1294 1341 1350 infirmitate
1366 1296 1435 1365 ipsa,
1464 1311 1517 1366 qua
1544 1294 1579 1350 de
1607 1295 1657 1350 hac
1682 1292 1737 1350 vita

83 1379 185 1450 quibus
199 1379 343 1433 Psalmista
358 1379 393 1433 ait
411 1395 416 1433 :
436 1379 517 1434 lbent
531 1379 564 1434 dc
580 1380 684 1434 uirtute
703 1381 733 1433 in
750 1380 885 1432 virtutem
935 1383 1072 1454 migravit,
1096 1382 1239 1437 consilium
1263 1392 1429 1454 quaereretur
1452 1383 1486 1437 ab
1510 1384 1607 1438 eodem
1634 1383 1736 1438 domno

82 1469 171 1536 (Prot.
191 1482 307 1532 cxxxiii,
325 1471 362 1535 8).
380 1467 534 1522 Istiusmodi
550 1467 701 1521 visionibus
712 1466 753 1520 sir
768 1465 818 1520 Dei
834 1464 885 1519 uisi
935 1471 1117 1541 ilnsgariode
1138 1487 1297 1527 successore
1326 1472 1383 1539 ejus
1411 1471 1547 1543 eligendo,
1573 1479 1600 1525 et
1628 1470 1739 1541 quidam

82 1572 205 1628 uuquam
223 1557 313 1610 anima
336 1556 427 1610 extolli
443 1556 547 1611 solebat
565 1573 570 1610 :
588 1556 635 1610 sed
666 1571 715 1625 per
729 1553 886 1608 humilitatis
935 1560 1016 1613 etiam
1032 1560 1066 1613 de
1088 1560 1235 1614 Remberto
1254 1559 1319 1630 quid
1334 1559 1359 1614 ei
1376 1559 1524 1628 videretur,
1551 1557 1739 1630 inquirerent;

80 1645 247 1698 tutissimam
263 1661 372 1714 semper
388 1645 459 1699 riam
479 1644 619 1709 incedens,
632 1644 668 1698 ita
684 1642 886 1714 quodammodo
936 1649 1111 1718 respondisse
1130 1647 1226 1712 fertur,
1244 1649 1316 1719 quod
1332 1649 1384 1703 hoc
1407 1648 1448 1702 sui
1476 1663 1531 1702 uon
1559 1646 1640 1702 luerit
1659 1645 1741 1701 mini·

84 1734 208 1805 quotidie
224 1734 352 1788 virtutum
365 1733 467 1806 gradus
482 1732 614 1798 ascendit,
631 1739 659 1786 ut
688 1748 760 1801 saepe
787 1731 923 1817 diclumB
938 1737 1013 1791 sterii
1042 1738 1201 1801 decernere,
1227 1737 1288 1807 quia
1316 1736 1430 1791 forsitan
1446 1736 1503 1806 ipse
1525 1736 1552 1789 in
1582 1735 1742 1806 episcopata

84 1838 198 1893 semper
212 1823 350 1877 attendere
367 1822 506 1877 videretur
525 1822 634 1876 beatum
650 1820 826 1893 Gregorium,
843 1819 886 1873 di·
939 1825 1084 1880 inultorum
1097 1825 1202 1879 animos
1215 1823 1334 1883 offensos
1354 1825 1474 1890 haberet,
1500 1824 1572 1895 quod
1595 1824 1743 1880 emendare

83 1920 213 1966 sentem:
234 1932 245 1961 ι
263 1911 459 1982 Unusquisque
474 1919 605 1978 vestrum,
632 1908 742 1974 fratrea,
773 1924 889 1980 magnus
939 1913 1027 1984 magis
1041 1914 1190 1978 debuisset,
1208 1929 1290 1984 quarn
1305 1929 1355 1984 per
1368 1914 1419 1968 boc
1441 1921 1542 1967 motum
1565 1912 1654 1982 ipsum
1679 1911 1742 1967 aui·

83 2015 149 2055 esse
163 1999 280 2064 studeat,
296 2000 344 2055 sed
361 2008 451 2054 tamen
466 2015 595 2071 magnum
623 2015 653 2053 se
680 2015 741 2053 esse
756 1997 889 2068 quodam-
939 2018 1045 2057 morum
1056 2003 1248 2074 augere,quod
1258 2001 1316 2072 ipse
1328 2002 1408 2056 talem
1418 2001 1453 2056 ad
1465 2000 1668 2056 successionem
1678 2015 1742 2070 per·

84 2088 170 2142 modo
185 2088 287 2143 nesciat
304 2106 311 2142 :
326 2104 361 2142 ne
375 2089 441 2142 dum
456 2088 508 2142 sibi
523 2088 737 2159 niagoitudinem
753 2101 889 2158 arrogan-
941 2107 1035 2146 sonam
1059 2091 1257 2159 denominaret,
1287 2107 1348 2161 qum
1372 2090 1494 2145 fortassis
1521 2087 1742 2144 incommoditate

84 2183 129 2231 ter
143 2176 273 2245 attribuit,
290 2177 408 2233 amittat.
428 2198 439 2225 ι
941 2194 991 2234 sua
1005 2188 1133 2252 gravaret
1142 2179 1289 2247 subjectos,
1306 2188 1332 2233 et
1346 2193 1444 2234 amarae
1458 2176 1554 2232 fierent
1569 2186 1678 2247 propter
1690 2176 1743 2232 hoe

390 2317 502 2374 CAPUT
519 2317 557 2373 lx
941 2276 1034 2324 contra
1053 2268 1142 2339 ipsum
1156 2267 1343 2339 querimoniae.
1361 2289 1372 2318 ι
1391 2268 1430 2322 De
1455 2267 1558 2322 meritis
1581 2275 1681 2330 tamen,
1696 2264 1742 2320 iu·

563 2360 570 2373 '
942 2356 1008 2428 quit,
1021 2356 1159 2412 llemberti
1174 2357 1284 2422 sciatur,
1300 2356 1364 2428 quia
1390 2355 1499 2428 dignior
1527 2355 1586 2426 ipse
1610 2353 1744 2424 archiepi-

123 2442 253 2512 Quandiu
270 2457 338 2516 ergo
353 2441 402 2498 luit
417 2442 444 2496 in
458 2457 574 2512 corpere
589 2441 631 2497 vir
650 2441 758 2497 Domini
780 2443 891 2513 hosga-
942 2446 1053 2516 scopeli,
1069 2461 1150 2516 quam
1165 2460 1218 2517 ego
1233 2443 1551 2500 subdiaconatusollicio.
1568 2443 1698 2499 illaecde
1713 2458 1744 2498 se

86 2533 157 2598 rius,
174 2533 226 2587 iste
240 2547 337 2588 servus
353 2532 403 2586 Dei
418 2531 579 2586 llembertus
606 2547 664 2601 prae
683 2530 787 2586 cunctis
815 2529 892 2585 lami·
943 2550 1052 2606 magnae
1066 2533 1224 2588 humilitatis
1239 2533 1388 2587 intentione
1405 2540 1513 2588 sanctus
1528 2539 1688 2603 prosecutus
1702 2537 1745 2587 est

86 2621 183 2675 Darius
194 2620 232 2674 illi
246 2620 275 2675 in
288 2619 414 2675 omnihus
428 2620 526 2675 adesse
540 2619 655 2683 solebat,
671 2619 706 2674 de
724 2635 777 2691 quo
787 2618 892 2689 aliquo·
943 2622 1098 2692 episcopus,
1116 2631 1243 2693 tanquam
1255 2637 1337 2676 verus
1351 2621 1514 2676 observator
1527 2621 1594 2690 ejus,
1612 2635 1695 2691 quam
1717 2626 1746 2674 et
1771 2690 1774 2697 Ι

87 2709 143 2764 ties
157 2708 237 2763 uobis
252 2708 279 2762 in
294 2708 347 2763 bec
361 2707 492 2778 opusculo
515 2707 615 2762 mentio
632 2707 736 2771 incidit,
765 2715 792 2760 et
815 2706 894 2762 libel·
943 2712 1002 2782 ipse
1017 2711 1082 2766 olim
1092 2711 1120 2764 in
1134 2709 1302 2781 proiectione
1317 2710 1410 2764 babuit
1431 2710 1627 2765 monachorum
1642 2706 1744 2782 regulae

86 2797 134 2852 lus
148 2805 288 2868 qestomm
312 2795 417 2867 praelati
437 2795 573 2868 pontilicis
601 2796 636 2850 ab
664 2795 724 2866 ipso
747 2795 893 2851 Ramberto
944 2800 1017 2872 (cop.
1034 2800 1072 2869 Ἴ),
1089 2799 1205 2854 dicentia
1230 2816 1236 2852 :
1262 2798 1273 2848 ι’
1302 2798 1448 2869 Septimus,
1473 2797 1570 2869 inquit,
1586 2794 1745 2852 humilitatis

87 2885 201 2957 alioque
215 2884 402 2955 condiscipulo
430 2886 489 2954 eius
516 2884 603 2940 editus
630 2892 752 2939 testatur.
783 2884 812 2939 ln
841 2898 894 2955 quo
945 2888 1047 2959 gradus
1062 2895 1112 2955 est,
1130 2887 1153 2941 si
1168 2903 1224 2942 nou
1237 2887 1327 2943 solum
1341 2887 1468 2941 omnibus
1482 2902 1512 2942 se
1526 2884 1682 2941 interiorem
1698 2899 1746 2939 sua

87 2973 220 3030 videlicet
236 2972 305 3028 libro
321 2973 477 3045 ubicunque
506 2973 728 3029 commemoratio
748 2971 778 3026 lit
804 2972 894 3041 cujus·
945 2975 1037 3047 lingua
1052 2975 1207 3046 pronuntiet
1228 2975 1390 3040 monachus,
1420 2990 1516 3030 verum
1541 2973 1623 3029 etiam
1650 2973 1746 3029 intimo

88 3063 155 3118 dam
180 3060 304 3116 fidissimi
323 3061 449 3132 discipuli
478 3061 546 3130 ejus.
579 3062 652 3131 quod
679 3062 835 3133 frequenter
858 3059 894 3114 ibi
946 3065 1037 3121 cordis
1050 3065 1144 3120 credat
1165 3062 1275 3130 affectu,
1304 3063 1463 3118 humilitans
1477 3079 1508 3119 se
1522 3072 1549 3118 et
1563 3063 1659 3119 diceus
1684 3077 1747 3118 cum

88 3150 180 3206 lector
192 3149 320 3214 inveniet,
337 3150 426 3221 ipsum
443 3149 512 3206 sciat
527 3149 610 3204 luisse
638 3150 823 3205 flambertum.
840 3107 930 3204 SedG
945 3154 1081 3224 Propheta
1098 3171 1105 3207 z
1122 3155 1175 3224 Epo
1196 3157 1292 3209 aetem
1318 3168 1384 3208 sum
1411 3153 1514 3207 vermis
1537 3155 1567 3207 et
1589 3167 1647 3206 nan
1666 3151 1747 3208 hom

90 3239 167 3311 quia,
202 3247 231 3294 ut
255 3238 381 3307 diximus,
408 3238 467 3309 ipse
495 3253 557 3294 cum
585 3237 640 3293 alio
663 3238 780 3309 quodam
808 3238 896 3293 editor
946 3243 1033 3313 (Ρωί.
1051 3257 1109 3307 xxi,
1125 3244 1163 3309 7).
1180 3240 1274 3295 Solent
1288 3240 1360 3294 enim
1385 3240 1471 3294 sancti
1498 3239 1551 3295 viri
1578 3254 1641 3294 cum
1668 3236 1748 3294 fortia

91 3327 254 3384 eorumdem
280 3327 383 3382 exstitit
422 3334 572 3399 gestorum,
614 3326 716 3382 idcirco
753 3327 896 3382 veritatem
946 3330 1087 3401 agunt,de
1112 3329 1266 3399 semetipsis
1292 3328 1355 3383 vilia
1383 3327 1492 3389 sentire,
1514 3327 1589 3395 juxta
1612 3326 1685 3399 quod
1712 3324 1748 3381 de
1833 3322 1839 3326 '

90 3416 144 3485 rei,
162 3431 311 3486 suppresso
324 3414 433 3471 nomine
447 3431 506 3483 suo,
521 3415 676 3486 exprimere
699 3413 793 3483 voluit,
808 3430 843 3470 ue
860 3414 896 3470 de
947 3418 1093 3488 semetipso
1109 3418 1195 3473 David
1211 3433 1303 3473 coram
1319 3431 1382 3472 area
1396 3415 1506 3471 Domini
1528 3414 1651 3470 saltando
1671 3411 1749 3485 regni

90 3521 125 3560 se
139 3504 340 3560 familiariorem
355 3505 472 3577 gratiam
485 3505 617 3573 jactanter
638 3504 762 3575 prolerre
790 3503 898 3559 videre·
947 3507 988 3561 sui
998 3506 1146 3578 potentiam
1159 3505 1313 3576 despiciens
1323 3504 1411 3559 dixit:
1428 3504 1536 3560 ludam
1551 3503 1669 3560 civilior
1680 3503 1749 3571 fient

91 3601 148 3649 tur.
165 3593 210 3649 Sic
220 3593 291 3648 enim
302 3600 329 3648 et
342 3593 438 3648 beatus
453 3592 622 3663 evangelista
636 3592 754 3647 loannes
769 3591 795 3645 in
811 3593 898 3646 Evan·
946 3597 1011 3668 plus
1021 3598 1206 3668 qaamscctus
1219 3612 1293 3659 sam,
1306 3598 1333 3650 et
1348 3610 1395 3650 ero
1405 3593 1522 3648 humilis
1537 3594 1567 3647 in
1579 3592 1668 3648 oculis
1678 3591 1749 3648 mets

92 3682 168 3754 gello
197 3698 246 3739 suo
271 3681 344 3751 lecit,
369 3682 416 3737 ubi
438 3698 516 3737 suam
538 3697 648 3752 semper
668 3695 816 3752 personam
834 3695 896 3735 ma·
947 3684 986 3754 (ll
999 3686 1064 3755 llep.
1092 3685 1211 3752 v1,22);
1242 3683 1277 3738 de
1305 3694 1359 3753 quo
1388 3689 1414 3736 ct
1439 3680 1586 3752 Apostolus
1610 3679 1748 3748 admonet,

92 3769 143 3824 luit
156 3769 265 3826 iudiciis
278 3782 369 3826 rernm
383 3769 573 3836 accidentium,
604 3785 686 3840 quam
711 3768 823 3840 proprio
849 3768 897 3823 de·
947 3771 1041 3828 dicens
1058 3789 1064 3825 :
1081 3772 1198 3843 Implete
1212 3772 1348 3843 pendium
1363 3787 1468 3833 meam,
1485 3773 1518 3825 ut
1532 3769 1749 3841 idmsepiciia,
1843 3780 1850 3797 ·

92 3857 204 3928 signare
219 3858 361 3914 vocabulo.
378 3855 518 3927 Quatenus
533 3865 624 3913 autem
636 3859 664 3913 iu
679 3859 731 3914 boc
746 3856 897 3912 devotionis
947 3861 1074 3916 eamdem
1098 3861 1271 3916 charitatem
1286 3860 1429 3925 habentes,
1459 3860 1610 3914 unanimes
1629 3857 1755 3930 idipsam

93 3947 158 4003 loco
177 3962 239 4002 cum
254 3946 382 4018 episcopo
398 3946 569 4002 familiariter
586 3955 695 4003 sanctus
709 3946 751 4001 vir
765 3946 898 4002 hember·
946 3949 1751 4021 sentientes,nihilpercontentienemneqeeperincnent

92 4043 137 4090 tus
152 4036 345 4106 perseverarit,
361 4051 395 4091 ax
409 4035 501 4091 verbis
515 4035 620 4107 praelati
639 4035 721 4090 libelli
750 4034 897 4107 cognosci·
947 4039 1076 4109 pluriam,
1093 4037 1185 4093 sedin
1201 4038 1365 4093 humilitate
1380 4036 1537 4109 superiores
1551 4037 1605 4093 sibi
1631 4034 1753 4092 inuicem

98 4130 153 4190 tur,
170 4123 317 4195 quibusda
332 4124 451 4178 transitu
466 4123 559 4179 domni
574 4124 696 4196 episcopi
723 4124 761 4179 ita
775 4139 899 4180 comma·
948 4124 1121 4178 arbitrantes
1137 4122 1252 4194 (Philip.
1266 4137 1295 4188 u,
1310 4123 1350 4191 ἲ).
1367 4120 1488 4189 Quorum
1516 4120 1602 4191 prius,
1632 4121 1684 4177 hoc
1711 4125 1754 4176 eat

95 4219 222 4268 moratur
241 4229 249 4266 ε
268 4233 279 4262 ι
298 4213 441 4281 Percepta‚
458 4211 553 4285 inquit,
577 4212 712 4268 Dominici
736 4211 858 4282 eorporis
872 4217 899 4266 et
949 4211 1092 4281 Prophetae
1105 4211 1300 4276 testimonium,
1317 4210 1412 4264 beatus
1427 4209 1470 4264 air
1497 4208 1646 4280 ansgarius
1672 4208 1712 4263 ita
1724 4207 1754 4263 ia

96 4299 238 4373 sanguinis
254 4300 456 4365 commuuione,
473 4309 582 4356 sauctus
606 4300 724 4371 pontifex
754 4300 901 4369 Dominum
949 4313 980 4352 se
994 4298 1132 4353 custodire
1148 4296 1262 4366 solebat,
1278 4305 1307 4352 ut
1323 4297 1357 4352 de
1371 4295 1518 4366 semetipso
1545 4296 1617 4350 intus
1643 4295 1755 4350 humilia

95 4387 303 4459 deprecabatur,
332 4396 362 4444 ut
386 4388 541 4461 quicunque
564 4389 591 4443 in
620 4404 681 4444 euin
706 4385 898 4459 quoquomodo
949 4386 1080 4452 sentiens,
1096 4387 1227 4459 honorem
1254 4385 1371 4440 exterius
1397 4399 1452 4440 nou
1481 4383 1643 4456 requireret,
1675 4383 1755 4456 quasi

95 4483 250 4548 peccasset,
269 4477 361 4533 divina
376 4478 429 4534 boc
443 4478 468 4533 ei
484 4478 571 4549 pietas
597 4477 759 4533 remitteret.
792 4475 897 4532 Deinde
912 4462 1043 4531 Ddiceus
1060 4493 1066 4530 :
1083 4474 1183 4530 Ludam
1200 4482 1227 4530 et
1239 4474 1320 4530 vilior
1333 4472 1414 4540 fiam;
1430 4488 1482 4528 nec
1496 4488 1606 4528 rursum
1630 4488 1679 4544 per
1700 4473 1755 4530 hoc

95 4565 246 4622 versiculos
260 4565 328 4621 istos
342 4567 425 4637 coepit
440 4566 608 4638 frequentius
624 4575 749 4637 repetere
767 4584 774 4619 ε
793 4567 901 4622 Secura·
953 4564 1026 4635 quod
1041 4563 1121 4619 vilem
1136 4580 1166 4619 se
1180 4564 1300 4620 exterius
1323 4561 1448 4636 prebuit,
1477 4561 1591 4617 interius
1619 4561 1754 4619 intumes-

95 4655 164 4711 dem
179 4655 406 4711 misericordiam
419 4660 499 4711 taam
511 4658 727 4721 mementomee',
746 4659 902 4728 tapropter
953 4661 1037 4719 cerat,
1067 4653 1207 4725 implendo
1233 4653 1323 4725 potius
1351 4653 1425 4727 quod
1451 4651 1576 4724 sequitur
1605 4668 1611 4706 :
1643 4651 1692 4706 Et·
1705 4665 1754 4708 exo

96 4743 253 4801 benitatem
269 4746 577 4812 tacm,Demine(Psal.
594 4760 675 4811 xxiv,
692 4744 735 4816 7);
752 4752 778 4799 et
794 4762 801 4798 :
817 4746 900 4810 Deus,
953 4742 1062 4798 humilis
1077 4743 1206 4801 inoculis
1219 4742 1297 4808 mab,
1315 4741 1342 4798 id
1358 4749 1399 4797 est
1427 4739 1537 4813 qualem
1564 4756 1609 4797 me
1637 4739 1755 4797 exterius

92 4834 238 4906 propitias
252 4837 311 4890 estc
325 4833 397 4890 mihi
403 4835 631 4907 peecatori(Lae.
643 4848 725 4901 xvux,
735 4835 779 4904 13)
791 4853 798 4900 ;
810 4842 853 4889 et:
870 4833 903 4889 ln
954 4831 1110 4903 despiciens
1124 4832 1250 4900 exhibeo,
1267 4832 1348 4887 talem
1361 4845 1406 4886 me
1421 4829 1534 4886 interius
1549 4829 1670 4886 attendo.
1694 4827 1756 4899 Qua

94 4937 200 4978 mantas
213 4925 287 4992 teas,
302 4923 427 4989 Domine,
455 4923 618 4981 commendo
642 4924 779 4996 spiritum
807 4938 903 4978 meum
954 4921 1099 4992 despectus
1115 4921 1157 4975 sui
1184 4920 1333 4976 intentione
1361 4919 1483 4990 implevit
1510 4918 1591 4975 etiam
1621 4918 1694 4992 quod
1720 4915 1756 4973 de

94 5010 185 5080 (Psoi.
202 5024 274 5078 xxx,
292 5011 552 5084 Lne.23).Cumque
568 5012 626 5068 baec
637 5012 738 5083 saepius
753 5018 900 5082 repeteret,
954 5011 1085 5082 Apostolo
1099 5009 1351 5081 proposuimus3ut
1365 5008 1439 5065 omni
1460 5008 1668 5065 contentiosaet
1681 5004 1757 5062 inani

96 5107 122 5155 et
136 5098 277 5171 frequenti
291 5100 413 5156 anhelitu
423 5101 479 5170 jam
493 5116 526 5156 ea
540 5100 714 5173 frequentare
729 5116 784 5155 uou
797 5107 901 5172 posset,
954 5099 1042 5173 gloria
1057 5114 1165 5165 carens,
1182 5115 1233 5170 per
1245 5098 1424 5154 humilitatem
1438 5097 1491 5154 sihi
1509 5097 1578 5154 alios
1600 5095 1758 5168 superiores

96 5188 206 5245 cuidam
220 5187 296 5244 fratri
311 5190 449 5260 praecepit,
466 5197 495 5245 ut
508 5190 567 5246 haec
595 5190 654 5246 vice
676 5189 749 5244 illius
776 5189 903 5261 frequen·
954 5188 1133 5243 arbitraretur
1150 5206 1157 5242 :
1173 5188 1286 5244 undeet
1301 5188 1426 5259 superius
1443 5196 1484 5244 est
1512 5185 1653 5258 seriptum,
1684 5183 1759 5257 quad

95 5276 180 5332 undo
190 5286 302 5334 caneret
319 5296 326 5332 :
342 5278 437 5350 sicque
451 5278 537 5335 oculis
561 5279 588 5333 iu
604 5280 704 5335 coelurn
719 5279 829 5334 intentis
844 5280 902 5333 Do·
954 5275 1069 5348 potioris
1085 5292 1167 5348 quam
1181 5276 1240 5347 ipse
1255 5285 1328 5331 esset
1338 5275 1434 5344 meriti,
1448 5276 1529 5331 beato
1542 5273 1601 5330 viro
1610 5267 1758 5331 semmua

95 5365 164 5421 mini
193 5366 288 5437 gratiae
314 5368 532 5423 commendatum
560 5368 683 5439 spiritum
713 5366 858 5425 exhalavit.
889 5387 901 5418 s
955 5373 1096 5436 tantopere
1120 5364 1194 5421 dedit
1218 5365 1413 5421 testimonium.
1440 5364 1495 5421 Sed
1519 5377 1677 5438 quanquam
1699 5363 1760 5435 ipsa

96 5454 148 5511 Hic
163 5471 232 5528 ergo
248 5472 329 5527 quem
344 5457 404 5514 vice
418 5472 467 5512 sua
488 5457 574 5512 verba
587 5448 717 5513 orationis
735 5473 787 5529 pro
802 5474 832 5513 se
847 5455 903 5513 ire-
954 5453 1113 5510 humilitatis
1136 5470 1220 5511 causa
1248 5454 1282 5510 de
1310 5469 1372 5510 sese
1402 5452 1466 5510 talia
1493 5452 1601 5522 dixerit,
1636 5459 1760 5510 nostrum

93 5552 231 5617 quentm
243 5546 384 5619 pracepit,
400 5546 564 5604 liembertus
579 5546 629 5603 luit
646 5565 653 5601 :
676 5547 720 5604 cui
734 5547 762 5602 iu
785 5546 903 5620 loquelae
954 5552 1047 5601 umen
1058 5560 1114 5601 uon
1128 5551 1170 5601 est
1195 5542 1343 5618 quemlibet
1367 5557 1463 5601 eorum
1478 5541 1558 5602 alteri
1585 5556 1756 5618 preponere,
