<?xml version="1.0" encoding="UTF-8"?>
<!DOCTYPE html PUBLIC "-//W3C//DTD XHTML 1.0 Transitional//EN"
    "http://www.w3.org/TR/xhtml1/DTD/xhtml1-transitional.dtd">
<html xmlns="http://www.w3.org/1999/xhtml" xml:lang="en" lang="en">
 <head>
  <title>
</title>
<meta http-equiv="Content-Type" content="text/html;charset=utf-8" />
  <meta name='ocr-system' content='tesseract 3.04.00' />
  <meta name='ocr-capabilities' content='ocr_page ocr_carea ocr_par ocr_line ocrx_word'/>
</head>
<body>
  <div class='ocr_page' id='page_1' title='image "./patrologiaecurs81unkngoog/patrologiaecurs81unkngoog_0536.png"; bbox 0 0 3826 6098; ppageno 0'>
   <div class='ocr_carea' id='block_1_1' title="bbox 124 219 1786 315">
    <p class='ocr_par' dir='ltr' id='par_1_1' title="bbox 124 219 1786 315">
     <span class='ocr_line' id='line_1_1' title="bbox 124 219 1786 315; baseline -0.001 -3"><span class='ocrx_word' id='word_1_1' title='bbox 124 260 192 315; x_wconf 80' lang='lat' dir='ltr'>rost</span> <span class='ocrx_word' id='word_1_2' title='bbox 622 254 670 310; x_wconf 86' lang='lat' dir='ltr'>bn</span> <span class='ocrx_word' id='word_1_3' title='bbox 689 252 833 310; x_wconf 83' lang='lat' dir='ltr'>castaus</span> <span class='ocrx_word' id='word_1_4' title='bbox 860 248 1076 307; x_wconf 80' lang='lat' dir='ltr'>uoussrann</span> <span class='ocrx_word' id='word_1_5' title='bbox 1104 253 1135 309; x_wconf 93' lang='lat' dir='ltr'>s.</span> <span class='ocrx_word' id='word_1_6' title='bbox 1165 251 1279 309; x_wconf 79' lang='lat' dir='ltr'>assur.</span> <span class='ocrx_word' id='word_1_7' title='bbox 1717 219 1786 313; x_wconf 79' lang='lat' dir='ltr'>ross</span> 
     </span>
    </p>
   </div>
   <div class='ocr_carea' id='block_1_2' title="bbox 126 375 1794 1790">
    <p class='ocr_par' dir='ltr' id='par_1_2' title="bbox 126 375 1794 1790">
     <span class='ocr_line' id='line_1_2' title="bbox 126 375 1787 453; baseline 0.001 -18"><span class='ocrx_word' id='word_1_8' title='bbox 126 387 181 436; x_wconf 91' lang='lat' dir='ltr'>tem</span> <span class='ocrx_word' id='word_1_9' title='bbox 211 380 385 452; x_wconf 84' lang='lat' dir='ltr'><strong>episcopatus</strong></span> <span class='ocrx_word' id='word_1_10' title='bbox 409 379 544 453; x_wconf 81' lang='lat' dir='ltr'>redigere.</span> <span class='ocrx_word' id='word_1_11' title='bbox 570 379 690 449; x_wconf 85' lang='lat' dir='ltr'>Quibus,</span> <span class='ocrx_word' id='word_1_12' title='bbox 716 388 743 434; x_wconf 92' lang='lat' dir='ltr'>nt</span> <span class='ocrx_word' id='word_1_13' title='bbox 769 378 806 432; x_wconf 94' lang='lat' dir='ltr'>illi</span> <span class='ocrx_word' id='word_1_14' title='bbox 837 377 933 432; x_wconf 92' lang='lat' dir='ltr'>solatio</span> <span class='ocrx_word' id='word_1_15' title='bbox 947 375 1044 435; x_wconf 81' lang='lat' dir='ltr'>Astra.</span> <span class='ocrx_word' id='word_1_16' title='bbox 1064 379 1213 450; x_wconf 83' lang='lat' dir='ltr'>Episcopus</span> <span class='ocrx_word' id='word_1_17' title='bbox 1229 387 1319 433; x_wconf 89' lang='lat' dir='ltr'>autern</span> <span class='ocrx_word' id='word_1_18' title='bbox 1334 386 1425 434; x_wconf 90' lang='lat' dir='ltr'>cartas</span> <span class='ocrx_word' id='word_1_19' title='bbox 1448 385 1639 450; x_wconf 87' lang='lat' dir='ltr'>utrorumque,</span> <span class='ocrx_word' id='word_1_20' title='bbox 1657 395 1787 450; x_wconf 79' lang='lat' dir='ltr'>quaeres</span> 
     </span>
     <span class='ocr_line' id='line_1_3' title="bbox 127 466 1789 541; baseline 0.001 -17"><span class='ocrx_word' id='word_1_21' title='bbox 127 478 231 535; x_wconf 91' lang='lat' dir='ltr'>esseut,</span> <span class='ocrx_word' id='word_1_22' title='bbox 249 468 381 524; x_wconf 86' lang='lat' dir='ltr'>beneficia</span> <span class='ocrx_word' id='word_1_23' title='bbox 397 469 537 540; x_wconf 90' lang='lat' dir='ltr'>promisit,</span> <span class='ocrx_word' id='word_1_24' title='bbox 555 477 637 540; x_wconf 90' lang='lat' dir='ltr'>atque</span> <span class='ocrx_word' id='word_1_25' title='bbox 659 467 771 523; x_wconf 86' lang='lat' dir='ltr'>donarit</span> <span class='ocrx_word' id='word_1_26' title='bbox 786 476 807 531; x_wconf 81' lang='lat'>²,</span> <span class='ocrx_word' id='word_1_27' title='bbox 822 466 938 520; x_wconf 90' lang='lat' dir='ltr'>Warino</span> <span class='ocrx_word' id='word_1_28' title='bbox 988 467 1046 523; x_wconf 84' lang='lat' dir='ltr'>deri</span> <span class='ocrx_word' id='word_1_29' title='bbox 1060 469 1198 538; x_wconf 83' lang='lat' dir='ltr'>praecepit,</span> <span class='ocrx_word' id='word_1_30' title='bbox 1216 484 1309 523; x_wconf 88' lang='lat' dir='ltr'>secum</span> <span class='ocrx_word' id='word_1_31' title='bbox 1324 467 1444 522; x_wconf 77' lang='lat' dir='ltr'><strong>retinuit.</strong></span> <span class='ocrx_word' id='word_1_32' title='bbox 1457 468 1523 523; x_wconf 84' lang='lat' dir='ltr'>Cum</span> <span class='ocrx_word' id='word_1_33' title='bbox 1536 467 1620 541; x_wconf 87' lang='lat' dir='ltr'>igitur</span> <span class='ocrx_word' id='word_1_34' title='bbox 1633 468 1706 523; x_wconf 90' lang='lat' dir='ltr'>idem</span> <span class='ocrx_word' id='word_1_35' title='bbox 1721 485 1789 539; x_wconf 80' lang='lat' dir='ltr'>prae·</span> 
     </span>
     <span class='ocr_line' id='line_1_4' title="bbox 129 555 1788 630; baseline 0.001 -19"><span class='ocrx_word' id='word_1_36' title='bbox 129 558 258 613; x_wconf 87' lang='lat' dir='ltr'>videlicet</span> <span class='ocrx_word' id='word_1_37' title='bbox 269 558 349 623; x_wconf 91' lang='lat' dir='ltr'>Vina,</span> <span class='ocrx_word' id='word_1_38' title='bbox 367 566 394 613; x_wconf 91' lang='lat' dir='ltr'>et</span> <span class='ocrx_word' id='word_1_39' title='bbox 410 558 539 630; x_wconf 89' lang='lat' dir='ltr'>Turinga,</span> <span class='ocrx_word' id='word_1_40' title='bbox 556 564 582 611; x_wconf 88' lang='lat' dir='ltr'>et</span> <span class='ocrx_word' id='word_1_41' title='bbox 597 557 677 628; x_wconf 92' lang='lat' dir='ltr'>Eugi,</span> <span class='ocrx_word' id='word_1_42' title='bbox 694 555 858 611; x_wconf 82' lang='lat' dir='ltr'>liuadlrardo</span> <span class='ocrx_word' id='word_1_43' title='bbox 873 569 938 608; x_wconf 86' lang='lat' dir='ltr'>rero</span> <span class='ocrx_word' id='word_1_44' title='bbox 988 557 1030 610; x_wconf 92' lang='lat' dir='ltr'>sul</span> <span class='ocrx_word' id='word_1_45' title='bbox 1043 556 1123 611; x_wconf 90' lang='lat' dir='ltr'>linem</span> <span class='ocrx_word' id='word_1_46' title='bbox 1139 557 1188 611; x_wconf 87' lang='lat' dir='ltr'>sibi</span> <span class='ocrx_word' id='word_1_47' title='bbox 1206 557 1348 627; x_wconf 77' lang='lat' dir='ltr'>praesentis</span> <span class='ocrx_word' id='word_1_48' title='bbox 1365 557 1426 611; x_wconf 86' lang='lat' dir='ltr'>ritae</span> <span class='ocrx_word' id='word_1_49' title='bbox 1442 566 1621 629; x_wconf 89' lang='lat' dir='ltr'>cognosceret</span> <span class='ocrx_word' id='word_1_50' title='bbox 1635 557 1788 625; x_wconf 87' lang='lat' dir='ltr'>imminere,</span> 
     </span>
     <span class='ocr_line' id='line_1_5' title="bbox 128 641 1790 718; baseline -0.001 -17"><span class='ocrx_word' id='word_1_51' title='bbox 128 646 295 718; x_wconf 76' lang='lat' dir='ltr'>dntolringa</span> <span class='ocrx_word' id='word_1_52' title='bbox 307 655 333 702; x_wconf 90' lang='lat' dir='ltr'>ct</span> <span class='ocrx_word' id='word_1_53' title='bbox 344 647 493 714; x_wconf 89' lang='lat' dir='ltr'>Uzinbalra,</span> <span class='ocrx_word' id='word_1_54' title='bbox 505 644 596 700; x_wconf 83' lang='lat' dir='ltr'>Miloni</span> <span class='ocrx_word' id='word_1_55' title='bbox 607 653 698 699; x_wconf 90' lang='lat' dir='ltr'>antem</span> <span class='ocrx_word' id='word_1_56' title='bbox 709 646 842 699; x_wconf 80' lang='lat' dir='ltr'>advocato</span> <span class='ocrx_word' id='word_1_57' title='bbox 854 641 939 711; x_wconf 91' lang='lat' dir='ltr'>ipsius</span> <span class='ocrx_word' id='word_1_58' title='bbox 989 654 1126 715; x_wconf 88' lang='lat' dir='ltr'>assumpta</span> <span class='ocrx_word' id='word_1_59' title='bbox 1142 645 1310 717; x_wconf 80' lang='lat' dir='ltr'>bagensium</span> <span class='ocrx_word' id='word_1_60' title='bbox 1328 644 1440 699; x_wconf 79' lang='lat' dir='ltr'>fratrum</span> <span class='ocrx_word' id='word_1_61' title='bbox 1456 653 1530 700; x_wconf 89' lang='lat' dir='ltr'>carta</span> <span class='ocrx_word' id='word_1_62' title='bbox 1545 645 1580 698; x_wconf 91' lang='lat' dir='ltr'>ad</span> <span class='ocrx_word' id='word_1_63' title='bbox 1596 645 1685 715; x_wconf 89' lang='lat' dir='ltr'>ipsum</span> <span class='ocrx_word' id='word_1_64' title='bbox 1701 661 1790 701; x_wconf 87' lang='lat' dir='ltr'>mona·</span> 
     </span>
     <span class='ocr_line' id='line_1_6' title="bbox 128 726 1792 803; baseline 0 -14"><span class='ocrx_word' id='word_1_65' title='bbox 128 735 305 803; x_wconf 90' lang='lat' dir='ltr'>monasterii,</span> <span class='ocrx_word' id='word_1_66' title='bbox 323 744 352 789; x_wconf 90' lang='lat' dir='ltr'>ut</span> <span class='ocrx_word' id='word_1_67' title='bbox 371 735 409 788; x_wconf 91' lang='lat' dir='ltr'>illi</span> <span class='ocrx_word' id='word_1_68' title='bbox 436 734 561 788; x_wconf 92' lang='lat' dir='ltr'>solatium</span> <span class='ocrx_word' id='word_1_69' title='bbox 587 733 767 787; x_wconf 78' lang='lat' dir='ltr'>subtraxisset</span> <span class='ocrx_word' id='word_1_70' title='bbox 789 726 811 798; x_wconf 69' lang='lat' dir='ltr'>b,</span> <span class='ocrx_word' id='word_1_71' title='bbox 836 737 939 784; x_wconf 78' lang='lat' dir='ltr'>sextam</span> <span class='ocrx_word' id='word_1_72' title='bbox 989 733 1099 787; x_wconf 90' lang='lat' dir='ltr'>sterium</span> <span class='ocrx_word' id='word_1_73' title='bbox 1115 734 1233 795; x_wconf 84' lang='lat' dir='ltr'>devenit,</span> <span class='ocrx_word' id='word_1_74' title='bbox 1251 742 1354 788; x_wconf 90' lang='lat' dir='ltr'>cartam</span> <span class='ocrx_word' id='word_1_75' title='bbox 1370 741 1458 788; x_wconf 89' lang='lat' dir='ltr'>autern</span> <span class='ocrx_word' id='word_1_76' title='bbox 1477 732 1589 787; x_wconf 91' lang='lat' dir='ltr'>lratrnm</span> <span class='ocrx_word' id='word_1_77' title='bbox 1604 733 1638 788; x_wconf 91' lang='lat' dir='ltr'>de</span> <span class='ocrx_word' id='word_1_78' title='bbox 1653 741 1792 789; x_wconf 89' lang='lat' dir='ltr'>monaste·</span> 
     </span>
     <span class='ocr_line' id='line_1_7' title="bbox 128 817 1792 895; baseline -0.001 -17"><span class='ocrx_word' id='word_1_79' title='bbox 128 823 242 889; x_wconf 77' lang='lat' dir='ltr'>villam,</span> <span class='ocrx_word' id='word_1_80' title='bbox 272 841 333 895; x_wconf 80' lang='lat' dir='ltr'>quae</span> <span class='ocrx_word' id='word_1_81' title='bbox 362 823 513 878; x_wconf 88' lang='lat' dir='ltr'>Heimbach</span> <span class='ocrx_word' id='word_1_82' title='bbox 543 830 728 891; x_wconf 88' lang='lat' dir='ltr'>nuncupatur,</span> <span class='ocrx_word' id='word_1_83' title='bbox 766 817 937 875; x_wconf 90' lang='lat' dir='ltr'>contradidit.</span> <span class='ocrx_word' id='word_1_84' title='bbox 989 821 1030 875; x_wconf 93' lang='lat' dir='ltr'>rio</span> <span class='ocrx_word' id='word_1_85' title='bbox 1055 822 1139 876; x_wconf 89' lang='lat' dir='ltr'>sancti</span> <span class='ocrx_word' id='word_1_86' title='bbox 1163 822 1232 877; x_wconf 88' lang='lat' dir='ltr'>Galli</span> <span class='ocrx_word' id='word_1_87' title='bbox 1247 822 1273 876; x_wconf 93' lang='lat' dir='ltr'>in</span> <span class='ocrx_word' id='word_1_88' title='bbox 1290 822 1397 878; x_wconf 91' lang='lat' dir='ltr'>scriniis</span> <span class='ocrx_word' id='word_1_89' title='bbox 1422 821 1638 877; x_wconf 71' lang='lat' dir='ltr'>constantiensis</span> <span class='ocrx_word' id='word_1_90' title='bbox 1660 821 1792 878; x_wconf 82' lang='lat' dir='ltr'>Ecclesiae</span> 
     </span>
     <span class='ocr_line' id='line_1_8' title="bbox 132 907 1793 982; baseline -0.001 -16"><span class='ocrx_word' id='word_1_91' title='bbox 132 910 221 981; x_wconf 86' lang='lat' dir='ltr'>Quam</span> <span class='ocrx_word' id='word_1_92' title='bbox 236 912 271 966; x_wconf 93' lang='lat' dir='ltr'>ob</span> <span class='ocrx_word' id='word_1_93' title='bbox 287 927 343 966; x_wconf 92' lang='lat' dir='ltr'>rem</span> <span class='ocrx_word' id='word_1_94' title='bbox 359 911 485 982; x_wconf 70' lang='lat' dir='ltr'>praelatus</span> <span class='ocrx_word' id='word_1_95' title='bbox 501 910 646 982; x_wconf 77' lang='lat' dir='ltr'>Sydonius,</span> <span class='ocrx_word' id='word_1_96' title='bbox 660 910 732 982; x_wconf 92' lang='lat' dir='ltr'>quod</span> <span class='ocrx_word' id='word_1_97' title='bbox 748 907 874 980; x_wconf 87' lang='lat' dir='ltr'>nequiter</span> <span class='ocrx_word' id='word_1_98' title='bbox 888 922 941 961; x_wconf 79' lang='lat' dir='ltr'>err.</span> <span class='ocrx_word' id='word_1_99' title='bbox 989 908 1148 982; x_wconf 82' lang='lat' dir='ltr'>dereliquit,</span> <span class='ocrx_word' id='word_1_100' title='bbox 1169 926 1202 965; x_wconf 91' lang='lat' dir='ltr'>eo</span> <span class='ocrx_word' id='word_1_101' title='bbox 1223 911 1296 982; x_wconf 92' lang='lat' dir='ltr'>quod</span> <span class='ocrx_word' id='word_1_102' title='bbox 1318 910 1468 966; x_wconf 91' lang='lat' dir='ltr'>noluissent</span> <span class='ocrx_word' id='word_1_103' title='bbox 1491 918 1618 981; x_wconf 82' lang='lat' dir='ltr'>nepotem</span> <span class='ocrx_word' id='word_1_104' title='bbox 1642 909 1715 964; x_wconf 91' lang='lat' dir='ltr'>illius</span> <span class='ocrx_word' id='word_1_105' title='bbox 1739 910 1793 965; x_wconf 92' lang='lat' dir='ltr'>sibi</span> 
     </span>
     <span class='ocr_line' id='line_1_9' title="bbox 130 994 1790 1072; baseline 0 -18"><span class='ocrx_word' id='word_1_106' title='bbox 130 1001 180 1072; x_wconf 91' lang='lat' dir='ltr'>pit,</span> <span class='ocrx_word' id='word_1_107' title='bbox 196 1000 388 1054; x_wconf 81' lang='lat' dir='ltr'>auxiliantibus</span> <span class='ocrx_word' id='word_1_108' title='bbox 404 999 504 1072; x_wconf 91' lang='lat' dir='ltr'>iniquis</span> <span class='ocrx_word' id='word_1_109' title='bbox 519 999 689 1070; x_wconf 91' lang='lat' dir='ltr'>principibus</span> <span class='ocrx_word' id='word_1_110' title='bbox 700 997 818 1068; x_wconf 87' lang='lat' dir='ltr'>pessime</span> <span class='ocrx_word' id='word_1_111' title='bbox 835 997 870 1052; x_wconf 91' lang='lat' dir='ltr'>ad</span> <span class='ocrx_word' id='word_1_112' title='bbox 887 994 938 1060; x_wconf 91' lang='lat' dir='ltr'>sui,</span> <span class='ocrx_word' id='word_1_113' title='bbox 990 998 1128 1063; x_wconf 90' lang='lat' dir='ltr'>abbatem,</span> <span class='ocrx_word' id='word_1_114' title='bbox 1144 998 1212 1053; x_wconf 91' lang='lat' dir='ltr'>sicut</span> <span class='ocrx_word' id='word_1_115' title='bbox 1226 999 1331 1070; x_wconf 84' lang='lat' dir='ltr'>pridem</span> <span class='ocrx_word' id='word_1_116' title='bbox 1346 998 1542 1069; x_wconf 89' lang='lat' dir='ltr'>promiserant,</span> <span class='ocrx_word' id='word_1_117' title='bbox 1559 998 1671 1070; x_wconf 84' lang='lat' dir='ltr'>eligere.</span> <span class='ocrx_word' id='word_1_118' title='bbox 1687 999 1790 1055; x_wconf 86' lang='lat' dir='ltr'>Sense-</span> 
     </span>
     <span class='ocr_line' id='line_1_10' title="bbox 131 1086 1790 1160; baseline -0.001 -16"><span class='ocrx_word' id='word_1_119' title='bbox 131 1099 162 1144; x_wconf 91' lang='lat' dir='ltr'>ut</span> <span class='ocrx_word' id='word_1_120' title='bbox 177 1098 273 1160; x_wconf 92' lang='lat' dir='ltr'>postea</span> <span class='ocrx_word' id='word_1_121' title='bbox 288 1105 333 1144; x_wconf 91' lang='lat' dir='ltr'>res</span> <span class='ocrx_word' id='word_1_122' title='bbox 349 1089 455 1153; x_wconf 90' lang='lat' dir='ltr'>docuit,</span> <span class='ocrx_word' id='word_1_123' title='bbox 472 1089 675 1143; x_wconf 89' lang='lat' dir='ltr'>damnationem</span> <span class='ocrx_word' id='word_1_124' title='bbox 698 1087 826 1158; x_wconf 78' lang='lat' dir='ltr'>perfecit,</span> <span class='ocrx_word' id='word_1_125' title='bbox 843 1100 940 1139; x_wconf 87' lang='lat' dir='ltr'>mona·</span> <span class='ocrx_word' id='word_1_126' title='bbox 990 1093 1048 1139; x_wconf 90' lang='lat' dir='ltr'>rant</span> <span class='ocrx_word' id='word_1_127' title='bbox 1063 1086 1134 1140; x_wconf 91' lang='lat' dir='ltr'>enirn</span> <span class='ocrx_word' id='word_1_128' title='bbox 1150 1095 1252 1141; x_wconf 86' lang='lat' dir='ltr'>cartam</span> <span class='ocrx_word' id='word_1_129' title='bbox 1266 1103 1282 1141; x_wconf 90' lang='lat' dir='ltr'>a</span> <span class='ocrx_word' id='word_1_130' title='bbox 1297 1103 1361 1159; x_wconf 90' lang='lat' dir='ltr'>rege</span> <span class='ocrx_word' id='word_1_131' title='bbox 1377 1088 1466 1141; x_wconf 90' lang='lat' dir='ltr'>datam</span> <span class='ocrx_word' id='word_1_132' title='bbox 1483 1087 1596 1141; x_wconf 91' lang='lat' dir='ltr'>multum</span> <span class='ocrx_word' id='word_1_133' title='bbox 1611 1103 1672 1142; x_wconf 87' lang='lat' dir='ltr'>esse</span> <span class='ocrx_word' id='word_1_134' title='bbox 1688 1087 1790 1158; x_wconf 88' lang='lat' dir='ltr'>depra-</span> 
     </span>
     <span class='ocr_line' id='line_1_11' title="bbox 134 1173 1790 1249; baseline -0.001 -16"><span class='ocrx_word' id='word_1_135' title='bbox 134 1178 303 1249; x_wconf 89' lang='lat' dir='ltr'>steriumque</span> <span class='ocrx_word' id='word_1_136' title='bbox 319 1177 408 1249; x_wconf 91' lang='lat' dir='ltr'>ipsum</span> <span class='ocrx_word' id='word_1_137' title='bbox 424 1176 451 1231; x_wconf 91' lang='lat' dir='ltr'>in</span> <span class='ocrx_word' id='word_1_138' title='bbox 462 1178 506 1247; x_wconf 90' lang='lat' dir='ltr'>jus</span> <span class='ocrx_word' id='word_1_139' title='bbox 522 1176 697 1248; x_wconf 85' lang='lat' dir='ltr'>episcopatus</span> <span class='ocrx_word' id='word_1_140' title='bbox 714 1176 829 1248; x_wconf 85' lang='lat' dir='ltr'>redegit.</span> <span class='ocrx_word' id='word_1_141' title='bbox 855 1173 941 1246; x_wconf 90' lang='lat' dir='ltr'>lgitur</span> <span class='ocrx_word' id='word_1_142' title='bbox 990 1183 1088 1237; x_wconf 87' lang='lat' dir='ltr'>ratam,</span> <span class='ocrx_word' id='word_1_143' title='bbox 1107 1183 1133 1228; x_wconf 90' lang='lat' dir='ltr'>et</span> <span class='ocrx_word' id='word_1_144' title='bbox 1146 1175 1230 1229; x_wconf 91' lang='lat' dir='ltr'>multo</span> <span class='ocrx_word' id='word_1_145' title='bbox 1245 1174 1333 1237; x_wconf 89' lang='lat' dir='ltr'>aliter,</span> <span class='ocrx_word' id='word_1_146' title='bbox 1351 1192 1430 1246; x_wconf 90' lang='lat' dir='ltr'>quarn</span> <span class='ocrx_word' id='word_1_147' title='bbox 1452 1192 1498 1230; x_wconf 89' lang='lat' dir='ltr'>rex</span> <span class='ocrx_word' id='word_1_148' title='bbox 1518 1176 1628 1245; x_wconf 83' lang='lat' dir='ltr'>juberet</span> <span class='ocrx_word' id='word_1_149' title='bbox 1642 1182 1668 1230; x_wconf 93' lang='lat' dir='ltr'>et</span> <span class='ocrx_word' id='word_1_150' title='bbox 1682 1192 1726 1231; x_wconf 91' lang='lat' dir='ltr'>res</span> <span class='ocrx_word' id='word_1_151' title='bbox 1740 1191 1790 1233; x_wconf 88' lang='lat' dir='ltr'>eo-</span> 
     </span>
     <span class='ocr_line' id='line_1_12' title="bbox 134 1262 1791 1338; baseline -0.001 -17"><span class='ocrx_word' id='word_1_152' title='bbox 134 1267 283 1338; x_wconf 85' lang='lat' dir='ltr'>praedictns</span> <span class='ocrx_word' id='word_1_153' title='bbox 317 1267 461 1338; x_wconf 87' lang='lat' dir='ltr'>episcopus</span> <span class='ocrx_word' id='word_1_154' title='bbox 486 1264 585 1321; x_wconf 85' lang='lat' dir='ltr'>iratres</span> <span class='ocrx_word' id='word_1_155' title='bbox 609 1266 636 1319; x_wconf 93' lang='lat' dir='ltr'>in</span> <span class='ocrx_word' id='word_1_156' title='bbox 661 1264 826 1320; x_wconf 89' lang='lat' dir='ltr'>monasterio</span> <span class='ocrx_word' id='word_1_157' title='bbox 854 1262 940 1317; x_wconf 91' lang='lat' dir='ltr'>sancti</span> <span class='ocrx_word' id='word_1_158' title='bbox 990 1280 1050 1317; x_wconf 91' lang='lat' dir='ltr'>rum</span> <span class='ocrx_word' id='word_1_159' title='bbox 1071 1263 1220 1336; x_wconf 84' lang='lat' dir='ltr'>indigeret,</span> <span class='ocrx_word' id='word_1_160' title='bbox 1237 1279 1298 1317; x_wconf 89' lang='lat' dir='ltr'>esse</span> <span class='ocrx_word' id='word_1_161' title='bbox 1321 1264 1510 1334; x_wconf 89' lang='lat' dir='ltr'>conscriptam.</span> <span class='ocrx_word' id='word_1_162' title='bbox 1535 1265 1641 1321; x_wconf 90' lang='lat' dir='ltr'>ldcirco</span> <span class='ocrx_word' id='word_1_163' title='bbox 1664 1268 1791 1337; x_wconf 89' lang='lat' dir='ltr'>nepotem</span> 
     </span>
     <span class='ocr_line' id='line_1_13' title="bbox 135 1349 1793 1424; baseline -0.002 -13"><span class='ocrx_word' id='word_1_164' title='bbox 135 1355 206 1411; x_wconf 91' lang='lat' dir='ltr'>Galli</span> <span class='ocrx_word' id='word_1_165' title='bbox 220 1355 312 1410; x_wconf 92' lang='lat' dir='ltr'>multis</span> <span class='ocrx_word' id='word_1_166' title='bbox 337 1354 442 1423; x_wconf 78' lang='lat' dir='ltr'>iniuriis</span> <span class='ocrx_word' id='word_1_167' title='bbox 467 1371 576 1424; x_wconf 86' lang='lat' dir='ltr'>semper</span> <span class='ocrx_word' id='word_1_168' title='bbox 599 1353 738 1419; x_wconf 88' lang='lat' dir='ltr'>alliciens,</span> <span class='ocrx_word' id='word_1_169' title='bbox 757 1352 875 1424; x_wconf 90' lang='lat' dir='ltr'>quodam</span> <span class='ocrx_word' id='word_1_170' title='bbox 896 1349 941 1405; x_wconf 91' lang='lat' dir='ltr'>die</span> <span class='ocrx_word' id='word_1_171' title='bbox 989 1351 1060 1406; x_wconf 91' lang='lat' dir='ltr'>illius</span> <span class='ocrx_word' id='word_1_172' title='bbox 1089 1351 1141 1404; x_wconf 90' lang='lat' dir='ltr'>sibi</span> <span class='ocrx_word' id='word_1_173' title='bbox 1168 1352 1290 1406; x_wconf 84' lang='lat' dir='ltr'>abbatem</span> <span class='ocrx_word' id='word_1_174' title='bbox 1320 1352 1422 1424; x_wconf 86' lang='lat' dir='ltr'>eligere</span> <span class='ocrx_word' id='word_1_175' title='bbox 1450 1353 1633 1424; x_wconf 82' lang='lat' dir='ltr'>neglexerant.</span> <span class='ocrx_word' id='word_1_176' title='bbox 1663 1353 1793 1409; x_wconf 89' lang='lat' dir='ltr'>Similiter</span> 
     </span>
     <span class='ocr_line' id='line_1_14' title="bbox 135 1438 1792 1514; baseline -0.001 -15"><span class='ocrx_word' id='word_1_177' title='bbox 135 1443 218 1499; x_wconf 90' lang='lat' dir='ltr'>etiarn</span> <span class='ocrx_word' id='word_1_178' title='bbox 233 1443 381 1512; x_wconf 88' lang='lat' dir='ltr'>majoribus</span> <span class='ocrx_word' id='word_1_179' title='bbox 398 1443 452 1508; x_wconf 89' lang='lat' dir='ltr'>ibi,</span> <span class='ocrx_word' id='word_1_180' title='bbox 471 1443 493 1497; x_wconf 81' lang='lat' dir='ltr'>si</span> <span class='ocrx_word' id='word_1_181' title='bbox 508 1443 591 1514; x_wconf 87' lang='lat' dir='ltr'>aliqui</span> <span class='ocrx_word' id='word_1_182' title='bbox 606 1451 696 1496; x_wconf 91' lang='lat' dir='ltr'>essent</span> <span class='ocrx_word' id='word_1_183' title='bbox 718 1441 768 1495; x_wconf 92' lang='lat' dir='ltr'>sibi</span> <span class='ocrx_word' id='word_1_184' title='bbox 792 1438 937 1507; x_wconf 91' lang='lat' dir='ltr'>contrarii,</span> <span class='ocrx_word' id='word_1_185' title='bbox 990 1449 1079 1495; x_wconf 89' lang='lat' dir='ltr'>autem</span> <span class='ocrx_word' id='word_1_186' title='bbox 1095 1447 1121 1494; x_wconf 91' lang='lat' dir='ltr'>et</span> <span class='ocrx_word' id='word_1_187' title='bbox 1136 1439 1236 1494; x_wconf 84' lang='lat' dir='ltr'>iratres</span> <span class='ocrx_word' id='word_1_188' title='bbox 1251 1440 1362 1495; x_wconf 89' lang='lat' dir='ltr'>alterius</span> <span class='ocrx_word' id='word_1_189' title='bbox 1384 1440 1540 1494; x_wconf 88' lang='lat' dir='ltr'>monasterii</span> <span class='ocrx_word' id='word_1_190' title='bbox 1563 1440 1694 1497; x_wconf 88' lang='lat' dir='ltr'>lecerunt.</span> <span class='ocrx_word' id='word_1_191' title='bbox 1712 1444 1792 1498; x_wconf 91' lang='lat' dir='ltr'>l‘ost-</span> 
     </span>
     <span class='ocr_line' id='line_1_15' title="bbox 133 1527 1791 1600; baseline 0 -14"><span class='ocrx_word' id='word_1_192' title='bbox 133 1530 283 1587; x_wconf 86' lang='lat' dir='ltr'>afflicturus</span> <span class='ocrx_word' id='word_1_193' title='bbox 293 1531 446 1596; x_wconf 89' lang='lat' dir='ltr'>calumniis,</span> <span class='ocrx_word' id='word_1_194' title='bbox 459 1531 656 1586; x_wconf 89' lang='lat' dir='ltr'>monasterium</span> <span class='ocrx_word' id='word_1_195' title='bbox 668 1529 837 1584; x_wconf 88' lang='lat' dir='ltr'>turbulentus</span> <span class='ocrx_word' id='word_1_196' title='bbox 848 1527 941 1600; x_wconf 86' lang='lat' dir='ltr'>ingre·</span> <span class='ocrx_word' id='word_1_197' title='bbox 990 1546 1070 1600; x_wconf 91' lang='lat' dir='ltr'>quam</span> <span class='ocrx_word' id='word_1_198' title='bbox 1086 1528 1167 1600; x_wconf 89' lang='lat' dir='ltr'>igitur</span> <span class='ocrx_word' id='word_1_199' title='bbox 1180 1528 1308 1598; x_wconf 82' lang='lat' dir='ltr'>praelatus</span> <span class='ocrx_word' id='word_1_200' title='bbox 1331 1529 1476 1599; x_wconf 90' lang='lat' dir='ltr'>episcopus</span> <span class='ocrx_word' id='word_1_201' title='bbox 1500 1529 1554 1583; x_wconf 87' lang='lat' dir='ltr'>rita</span> <span class='ocrx_word' id='word_1_202' title='bbox 1576 1531 1707 1596; x_wconf 86' lang='lat' dir='ltr'>excessit,</span> <span class='ocrx_word' id='word_1_203' title='bbox 1733 1533 1791 1586; x_wconf 81' lang='lat' dir='ltr'>bu-</span> 
     </span>
     <span class='ocr_line' id='line_1_16' title="bbox 134 1614 1792 1690; baseline -0.001 -15"><span class='ocrx_word' id='word_1_204' title='bbox 134 1620 217 1686; x_wconf 85' lang='lat' dir='ltr'>ditur,</span> <span class='ocrx_word' id='word_1_205' title='bbox 233 1628 259 1674; x_wconf 91' lang='lat' dir='ltr'>et</span> <span class='ocrx_word' id='word_1_206' title='bbox 275 1636 336 1675; x_wconf 93' lang='lat' dir='ltr'>curn</span> <span class='ocrx_word' id='word_1_207' title='bbox 352 1628 414 1674; x_wconf 88' lang='lat' dir='ltr'>ante</span> <span class='ocrx_word' id='word_1_208' title='bbox 430 1619 632 1674; x_wconf 81' lang='lat' dir='ltr'>consessionem</span> <span class='ocrx_word' id='word_1_209' title='bbox 646 1628 656 1652; x_wconf 77' lang='lat'><strong>⁰</strong></span> <span class='ocrx_word' id='word_1_210' title='bbox 672 1618 759 1674; x_wconf 92' lang='lat' dir='ltr'>sancti</span> <span class='ocrx_word' id='word_1_211' title='bbox 774 1617 845 1672; x_wconf 86' lang='lat' dir='ltr'>Galli</span> <span class='ocrx_word' id='word_1_212' title='bbox 861 1614 941 1687; x_wconf 90' lang='lat' dir='ltr'>qnasi</span> <span class='ocrx_word' id='word_1_213' title='bbox 990 1634 1089 1687; x_wconf 88' lang='lat' dir='ltr'>genses</span> <span class='ocrx_word' id='word_1_214' title='bbox 1106 1618 1253 1688; x_wconf 89' lang='lat' dir='ltr'>quemdam</span> <span class='ocrx_word' id='word_1_215' title='bbox 1269 1634 1363 1672; x_wconf 91' lang='lat' dir='ltr'>senem</span> <span class='ocrx_word' id='word_1_216' title='bbox 1373 1618 1564 1688; x_wconf 76' lang='lat' dir='ltr'>presbyterum</span> <span class='ocrx_word' id='word_1_217' title='bbox 1579 1626 1604 1672; x_wconf 92' lang='lat' dir='ltr'>et</span> <span class='ocrx_word' id='word_1_218' title='bbox 1619 1619 1792 1690; x_wconf 89' lang='lat' dir='ltr'>monachum,</span> 
     </span>
     <span class='ocr_line' id='line_1_17' title="bbox 135 1705 1794 1790; baseline 0.001 -28"><span class='ocrx_word' id='word_1_219' title='bbox 135 1715 264 1762; x_wconf 91' lang='lat' dir='ltr'>oraturus</span> <span class='ocrx_word' id='word_1_220' title='bbox 288 1708 464 1776; x_wconf 89' lang='lat' dir='ltr'>constitisset,</span> <span class='ocrx_word' id='word_1_221' title='bbox 480 1707 546 1779; x_wconf 91' lang='lat' dir='ltr'>quid</span> <span class='ocrx_word' id='word_1_222' title='bbox 560 1707 588 1760; x_wconf 93' lang='lat' dir='ltr'>iu</span> <span class='ocrx_word' id='word_1_223' title='bbox 602 1715 692 1761; x_wconf 89' lang='lat' dir='ltr'>mente</span> <span class='ocrx_word' id='word_1_224' title='bbox 710 1705 843 1770; x_wconf 91' lang='lat' dir='ltr'>habuerit,</span> <span class='ocrx_word' id='word_1_225' title='bbox 860 1720 941 1774; x_wconf 87' lang='lat' dir='ltr'>poena</span> <span class='ocrx_word' id='word_1_226' title='bbox 954 1707 1100 1790; x_wconf 79' lang='lat' dir='ltr'>Bnomine</span> <span class='ocrx_word' id='word_1_227' title='bbox 1115 1706 1233 1772; x_wconf 89' lang='lat' dir='ltr'>Petrum,</span> <span class='ocrx_word' id='word_1_228' title='bbox 1248 1706 1299 1760; x_wconf 88' lang='lat' dir='ltr'>sibi</span> <span class='ocrx_word' id='word_1_229' title='bbox 1311 1707 1450 1778; x_wconf 88' lang='lat' dir='ltr'>elegerunt</span> <span class='ocrx_word' id='word_1_230' title='bbox 1462 1706 1587 1761; x_wconf 88' lang='lat' dir='ltr'>abbatem</span> <span class='ocrx_word' id='word_1_231' title='bbox 1601 1723 1663 1763; x_wconf 87' lang='lat' dir='ltr'>cum</span> <span class='ocrx_word' id='word_1_232' title='bbox 1679 1707 1794 1763; x_wconf 91' lang='lat' dir='ltr'>consilio</span> 
     </span>
    </p>
   </div>
   <div class='ocr_carea' id='block_1_3' title="bbox 135 1792 941 2131">
    <p class='ocr_par' dir='ltr' id='par_1_3' title="bbox 135 1792 941 2131">
     <span class='ocr_line' id='line_1_18' title="bbox 136 1792 939 1867; baseline -0.009 -15"><span class='ocrx_word' id='word_1_233' title='bbox 136 1796 260 1867; x_wconf 84' lang='lat' dir='ltr'>corporis</span> <span class='ocrx_word' id='word_1_234' title='bbox 276 1805 301 1851; x_wconf 93' lang='lat' dir='ltr'>et</span> <span class='ocrx_word' id='word_1_235' title='bbox 315 1797 422 1850; x_wconf 83' lang='lat' dir='ltr'>illuvies</span> <span class='ocrx_word' id='word_1_236' title='bbox 446 1795 564 1863; x_wconf 84' lang='lat' dir='ltr'>reatris,</span> <span class='ocrx_word' id='word_1_237' title='bbox 581 1805 609 1849; x_wconf 91' lang='lat' dir='ltr'>ut</span> <span class='ocrx_word' id='word_1_238' title='bbox 632 1795 659 1848; x_wconf 94' lang='lat' dir='ltr'>in</span> <span class='ocrx_word' id='word_1_239' title='bbox 674 1795 732 1849; x_wconf 87' lang='lat' dir='ltr'>Vita</span> <span class='ocrx_word' id='word_1_240' title='bbox 757 1793 844 1849; x_wconf 87' lang='lat' dir='ltr'>sancti</span> <span class='ocrx_word' id='word_1_241' title='bbox 869 1792 939 1848; x_wconf 90' lang='lat' dir='ltr'>Galli</span> 
     </span>
     <span class='ocr_line' id='line_1_19' title="bbox 136 1881 939 1957; baseline -0.004 -18"><span class='ocrx_word' id='word_1_242' title='bbox 136 1885 328 1957; x_wconf 88' lang='lat' dir='ltr'>scriptumest,</span> <span class='ocrx_word' id='word_1_243' title='bbox 340 1884 535 1942; x_wconf 81' lang='lat' dir='ltr'>manifestarit:</span> <span class='ocrx_word' id='word_1_244' title='bbox 552 1899 606 1955; x_wconf 91' lang='lat' dir='ltr'>qno</span> <span class='ocrx_word' id='word_1_245' title='bbox 620 1883 790 1938; x_wconf 86' lang='lat' dir='ltr'>redundante</span> <span class='ocrx_word' id='word_1_246' title='bbox 806 1881 939 1953; x_wconf 87' lang='lat' dir='ltr'>supplicio</span> 
     </span>
     <span class='ocr_line' id='line_1_20' title="bbox 135 1970 941 2043; baseline -0.004 -16"><span class='ocrx_word' id='word_1_247' title='bbox 135 1974 289 2028; x_wconf 81' lang='lat' dir='ltr'>addaram</span> <span class='ocrx_word' id='word_1_248' title='bbox 305 1973 436 2043; x_wconf 91' lang='lat' dir='ltr'>perlatus,</span> <span class='ocrx_word' id='word_1_249' title='bbox 454 1974 488 2029; x_wconf 90' lang='lat' dir='ltr'>dc</span> <span class='ocrx_word' id='word_1_250' title='bbox 505 1972 598 2029; x_wconf 88' lang='lat' dir='ltr'>cloaca</span> <span class='ocrx_word' id='word_1_251' title='bbox 613 1970 736 2042; x_wconf 90' lang='lat' dir='ltr'>corporis</span> <span class='ocrx_word' id='word_1_252' title='bbox 752 1971 834 2026; x_wconf 83' lang='lat' dir='ltr'>vitam</span> <span class='ocrx_word' id='word_1_253' title='bbox 850 1970 941 2025; x_wconf 87' lang='lat' dir='ltr'>exala-</span> 
     </span>
     <span class='ocr_line' id='line_1_21' title="bbox 136 2060 438 2131; baseline 0.003 -17"><span class='ocrx_word' id='word_1_254' title='bbox 136 2060 173 2114; x_wconf 87' lang='lat' dir='ltr'>vit</span> <span class='ocrx_word' id='word_1_255' title='bbox 188 2061 298 2131; x_wconf 90' lang='lat' dir='ltr'>plenam</span> <span class='ocrx_word' id='word_1_256' title='bbox 312 2060 438 2115; x_wconf 88' lang='lat' dir='ltr'>miseriis.</span> 
     </span>
    </p>
   </div>
   <div class='ocr_carea' id='block_1_4' title="bbox 136 2201 943 3070">
    <p class='ocr_par' dir='ltr' id='par_1_4' title="bbox 136 2201 943 3070">
     <span class='ocr_line' id='line_1_22' title="bbox 174 2201 940 2271; baseline -0.005 -14"><span class='ocrx_word' id='word_1_257' title='bbox 174 2205 200 2257; x_wconf 86' lang='grc'>3.</span> <span class='ocrx_word' id='word_1_258' title='bbox 217 2203 281 2257; x_wconf 91' lang='lat' dir='ltr'>Post</span> <span class='ocrx_word' id='word_1_259' title='bbox 294 2203 371 2271; x_wconf 85' lang='lat' dir='ltr'>cnjus</span> <span class='ocrx_word' id='word_1_260' title='bbox 386 2202 490 2257; x_wconf 91' lang='lat' dir='ltr'>obitum</span> <span class='ocrx_word' id='word_1_261' title='bbox 504 2202 653 2267; x_wconf 83' lang='lat' dir='ltr'>lohannes,</span> <span class='ocrx_word' id='word_1_262' title='bbox 666 2201 816 2256; x_wconf 88' lang='lat' dir='ltr'>monachus</span> <span class='ocrx_word' id='word_1_263' title='bbox 831 2201 940 2271; x_wconf 80' lang='lat' dir='ltr'>bugen-</span> 
     </span>
     <span class='ocr_line' id='line_1_23' title="bbox 136 2286 942 2361; baseline -0.002 -16"><span class='ocrx_word' id='word_1_264' title='bbox 136 2291 192 2359; x_wconf 88' lang='lat' dir='ltr'>sis,</span> <span class='ocrx_word' id='word_1_265' title='bbox 210 2291 373 2346; x_wconf 73' lang='lat' dir='ltr'>Constantia</span> <span class='ocrx_word' id='word_1_266' title='bbox 389 2291 533 2361; x_wconf 90' lang='lat' dir='ltr'>episcopus</span> <span class='ocrx_word' id='word_1_267' title='bbox 547 2291 699 2353; x_wconf 88' lang='lat' dir='ltr'>ordinatus,</span> <span class='ocrx_word' id='word_1_268' title='bbox 715 2290 857 2345; x_wconf 86' lang='lat' dir='ltr'>amborum</span> <span class='ocrx_word' id='word_1_269' title='bbox 872 2286 942 2358; x_wconf 86' lang='lat' dir='ltr'>regi·</span> 
     </span>
     <span class='ocr_line' id='line_1_24' title="bbox 136 2378 941 2450; baseline -0.005 -16"><span class='ocrx_word' id='word_1_270' title='bbox 136 2396 199 2435; x_wconf 90' lang='lat' dir='ltr'>men</span> <span class='ocrx_word' id='word_1_271' title='bbox 223 2380 343 2450; x_wconf 87' lang='lat' dir='ltr'>suscepit</span> <span class='ocrx_word' id='word_1_272' title='bbox 366 2379 563 2436; x_wconf 78' lang='lat' dir='ltr'>caenobiorum.</span> <span class='ocrx_word' id='word_1_273' title='bbox 587 2378 640 2448; x_wconf 87' lang='lat' dir='ltr'>Qui</span> <span class='ocrx_word' id='word_1_274' title='bbox 663 2388 717 2434; x_wconf 89' lang='lat' dir='ltr'>tres</span> <span class='ocrx_word' id='word_1_275' title='bbox 741 2386 854 2449; x_wconf 91' lang='lat' dir='ltr'>nepotes</span> <span class='ocrx_word' id='word_1_276' title='bbox 876 2392 941 2431; x_wconf 89' lang='lat' dir='ltr'>suos</span> 
     </span>
     <span class='ocr_line' id='line_1_25' title="bbox 136 2452 940 2540; baseline -0.006 -16"><span class='ocrx_word' id='word_1_277' title='bbox 136 2467 273 2527; x_wconf 84' lang='lat' dir='ltr'>educavit.</span> <span class='ocrx_word' id='word_1_278' title='bbox 290 2468 389 2540; x_wconf 90' lang='lat' dir='ltr'>quibus</span> <span class='ocrx_word' id='word_1_279' title='bbox 410 2452 542 2524; x_wconf 87' lang='lat' dir='ltr'>honorem</span> <span class='ocrx_word' id='word_1_280' title='bbox 567 2484 644 2521; x_wconf 92' lang='lat' dir='ltr'>suum</span> <span class='ocrx_word' id='word_1_281' title='bbox 673 2468 699 2521; x_wconf 92' lang='lat' dir='ltr'>in</span> <span class='ocrx_word' id='word_1_282' title='bbox 718 2467 803 2521; x_wconf 89' lang='lat' dir='ltr'>tribus</span> <span class='ocrx_word' id='word_1_283' title='bbox 818 2465 871 2520; x_wconf 90' lang='lat' dir='ltr'>illis</span> <span class='ocrx_word' id='word_1_284' title='bbox 887 2464 940 2521; x_wconf 87' lang='lat' dir='ltr'>ioci</span> 
     </span>
     <span class='ocr_line' id='line_1_26' title="bbox 137 2553 941 2628; baseline -0.004 -16"><span class='ocrx_word' id='word_1_285' title='bbox 137 2557 221 2612; x_wconf 89' lang='lat' dir='ltr'>sitnm</span> <span class='ocrx_word' id='word_1_286' title='bbox 243 2565 304 2628; x_wconf 90' lang='lat' dir='ltr'>post</span> <span class='ocrx_word' id='word_1_287' title='bbox 328 2573 405 2611; x_wconf 92' lang='lat' dir='ltr'>suurn</span> <span class='ocrx_word' id='word_1_288' title='bbox 433 2557 586 2612; x_wconf 90' lang='lat' dir='ltr'>discessum</span> <span class='ocrx_word' id='word_1_289' title='bbox 610 2555 775 2610; x_wconf 90' lang='lat' dir='ltr'>distribuere</span> <span class='ocrx_word' id='word_1_290' title='bbox 799 2553 941 2627; x_wconf 87' lang='lat' dir='ltr'>cogitavit.</span> 
     </span>
     <span class='ocr_line' id='line_1_27' title="bbox 137 2644 943 2718; baseline -0.004 -18"><span class='ocrx_word' id='word_1_291' title='bbox 137 2644 199 2715; x_wconf 85' lang='lat' dir='ltr'>Quo</span> <span class='ocrx_word' id='word_1_292' title='bbox 214 2645 317 2718; x_wconf 86' lang='lat' dir='ltr'>agnito,</span> <span class='ocrx_word' id='word_1_293' title='bbox 333 2644 430 2700; x_wconf 85' lang='lat' dir='ltr'>iratres</span> <span class='ocrx_word' id='word_1_294' title='bbox 445 2645 587 2716; x_wconf 89' lang='lat' dir='ltr'>utriusque</span> <span class='ocrx_word' id='word_1_295' title='bbox 598 2644 714 2701; x_wconf 88' lang='lat' dir='ltr'>coenobii</span> <span class='ocrx_word' id='word_1_296' title='bbox 725 2644 883 2715; x_wconf 91' lang='lat' dir='ltr'>episcopum</span> <span class='ocrx_word' id='word_1_297' title='bbox 896 2657 943 2714; x_wconf 89' lang='lat' dir='ltr'>pa·</span> 
     </span>
     <span class='ocr_line' id='line_1_28' title="bbox 136 2731 941 2806; baseline -0.005 -17"><span class='ocrx_word' id='word_1_298' title='bbox 136 2735 205 2791; x_wconf 89' lang='lat' dir='ltr'>riter</span> <span class='ocrx_word' id='word_1_299' title='bbox 227 2734 361 2800; x_wconf 86' lang='lat' dir='ltr'>adierunt,</span> <span class='ocrx_word' id='word_1_300' title='bbox 379 2742 509 2805; x_wconf 88' lang='lat' dir='ltr'>rogantes</span> <span class='ocrx_word' id='word_1_301' title='bbox 524 2740 552 2787; x_wconf 91' lang='lat' dir='ltr'>ut</span> <span class='ocrx_word' id='word_1_302' title='bbox 567 2732 709 2806; x_wconf 84' lang='lat' dir='ltr'>privilegia</span> <span class='ocrx_word' id='word_1_303' title='bbox 724 2732 764 2786; x_wconf 90' lang='lat' dir='ltr'>cis</span> <span class='ocrx_word' id='word_1_304' title='bbox 777 2733 848 2803; x_wconf 90' lang='lat' dir='ltr'>apud</span> <span class='ocrx_word' id='word_1_305' title='bbox 862 2731 941 2803; x_wconf 89' lang='lat' dir='ltr'>prin-</span> 
     </span>
     <span class='ocr_line' id='line_1_29' title="bbox 136 2821 939 2894; baseline -0.004 -16"><span class='ocrx_word' id='word_1_306' title='bbox 136 2821 227 2894; x_wconf 83' lang='lat' dir='ltr'>cipem</span> <span class='ocrx_word' id='word_1_307' title='bbox 247 2824 418 2894; x_wconf 85' lang='lat' dir='ltr'>acquireret,</span> <span class='ocrx_word' id='word_1_308' title='bbox 435 2838 467 2878; x_wconf 93' lang='lat' dir='ltr'>ac</span> <span class='ocrx_word' id='word_1_309' title='bbox 483 2830 646 2893; x_wconf 89' lang='lat' dir='ltr'>potestatem</span> <span class='ocrx_word' id='word_1_310' title='bbox 670 2821 789 2893; x_wconf 87' lang='lat' dir='ltr'>eligendi</span> <span class='ocrx_word' id='word_1_311' title='bbox 809 2821 939 2886; x_wconf 88' lang='lat' dir='ltr'>abbates,</span> 
     </span>
     <span class='ocr_line' id='line_1_30' title="bbox 138 2907 942 2981; baseline -0.004 -15"><span class='ocrx_word' id='word_1_312' title='bbox 138 2927 168 2966; x_wconf 94' lang='lat' dir='ltr'>se</span> <span class='ocrx_word' id='word_1_313' title='bbox 189 2926 270 2981; x_wconf 86' lang='lat' dir='ltr'>vero,</span> <span class='ocrx_word' id='word_1_314' title='bbox 286 2911 308 2965; x_wconf 91' lang='lat' dir='ltr'>si</span> <span class='ocrx_word' id='word_1_315' title='bbox 324 2912 375 2965; x_wconf 91' lang='lat' dir='ltr'>boc</span> <span class='ocrx_word' id='word_1_316' title='bbox 400 2909 495 2980; x_wconf 87' lang='lat' dir='ltr'>lieret,</span> <span class='ocrx_word' id='word_1_317' title='bbox 520 2911 631 2966; x_wconf 92' lang='lat' dir='ltr'>eosdem</span> <span class='ocrx_word' id='word_1_318' title='bbox 655 2910 726 2964; x_wconf 90' lang='lat' dir='ltr'>illius</span> <span class='ocrx_word' id='word_1_319' title='bbox 750 2918 864 2980; x_wconf 91' lang='lat' dir='ltr'>nepotes</span> <span class='ocrx_word' id='word_1_320' title='bbox 890 2907 942 2964; x_wconf 92' lang='lat' dir='ltr'>sibi</span> 
     </span>
     <span class='ocr_line' id='line_1_31' title="bbox 136 2997 937 3070; baseline -0.005 -16"><span class='ocrx_word' id='word_1_321' title='bbox 136 3000 251 3054; x_wconf 84' lang='lat' dir='ltr'>abbates</span> <span class='ocrx_word' id='word_1_322' title='bbox 265 3000 402 3055; x_wconf 89' lang='lat' dir='ltr'>electuros</span> <span class='ocrx_word' id='word_1_323' title='bbox 416 2999 526 3070; x_wconf 93' lang='lat' dir='ltr'>polliciti</span> <span class='ocrx_word' id='word_1_324' title='bbox 542 3007 614 3053; x_wconf 91' lang='lat' dir='ltr'>sunt.</span> <span class='ocrx_word' id='word_1_325' title='bbox 626 2997 705 3067; x_wconf 86' lang='lat' dir='ltr'>Quod</span> <span class='ocrx_word' id='word_1_326' title='bbox 724 2998 769 3053; x_wconf 90' lang='lat' dir='ltr'>ille</span> <span class='ocrx_word' id='word_1_327' title='bbox 789 3004 937 3067; x_wconf 84' lang='lat' dir='ltr'>consensit,</span> 
     </span>
    </p>
   </div>
   <div class='ocr_carea' id='block_1_5' title="bbox 137 3086 980 3159">
    <p class='ocr_par' dir='ltr' id='par_1_5' title="bbox 137 3086 980 3159">
     <span class='ocr_line' id='line_1_32' title="bbox 137 3086 980 3159; baseline -0.002 -17"><span class='ocrx_word' id='word_1_328' title='bbox 137 3103 169 3143; x_wconf 94' lang='lat' dir='ltr'>ac</span> <span class='ocrx_word' id='word_1_329' title='bbox 193 3103 224 3143; x_wconf 91' lang='lat' dir='ltr'>se</span> <span class='ocrx_word' id='word_1_330' title='bbox 246 3086 378 3143; x_wconf 86' lang='lat' dir='ltr'>iacturum</span> <span class='ocrx_word' id='word_1_331' title='bbox 403 3088 537 3159; x_wconf 91' lang='lat' dir='ltr'>promisit.</span> <span class='ocrx_word' id='word_1_332' title='bbox 554 3088 688 3157; x_wconf 88' lang='lat' dir='ltr'>Tempore</span> <span class='ocrx_word' id='word_1_333' title='bbox 704 3102 768 3142; x_wconf 83' lang='lat' dir='ltr'>vero</span> <span class='ocrx_word' id='word_1_334' title='bbox 791 3086 980 3152; x_wconf 64' lang='lat' dir='ltr'>transactae</span> 
     </span>
    </p>
   </div>
   <div class='ocr_carea' id='block_1_6' title="bbox 135 3175 945 4397">
    <p class='ocr_par' dir='ltr' id='par_1_6' title="bbox 135 3175 945 4397">
     <span class='ocr_line' id='line_1_33' title="bbox 135 3175 942 3248; baseline -0.002 -17"><span class='ocrx_word' id='word_1_335' title='bbox 135 3176 251 3231; x_wconf 84' lang='lat' dir='ltr'>Carolus</span> <span class='ocrx_word' id='word_1_336' title='bbox 262 3193 308 3231; x_wconf 91' lang='lat' dir='ltr'>rex</span> <span class='ocrx_word' id='word_1_337' title='bbox 319 3192 381 3232; x_wconf 92' lang='lat' dir='ltr'>curn</span> <span class='ocrx_word' id='word_1_338' title='bbox 393 3176 550 3248; x_wconf 87' lang='lat' dir='ltr'>llildigarda</span> <span class='ocrx_word' id='word_1_339' title='bbox 565 3176 682 3248; x_wconf 88' lang='lat' dir='ltr'>conjuge</span> <span class='ocrx_word' id='word_1_340' title='bbox 694 3190 743 3230; x_wconf 86' lang='lat' dir='ltr'>sua</span> <span class='ocrx_word' id='word_1_341' title='bbox 755 3175 868 3230; x_wconf 85' lang='lat' dir='ltr'>bornam</span> <span class='ocrx_word' id='word_1_342' title='bbox 879 3189 942 3244; x_wconf 91' lang='lat' dir='ltr'>pro-</span> 
     </span>
     <span class='ocr_line' id='line_1_34' title="bbox 137 3263 941 3334; baseline -0.002 -15"><span class='ocrx_word' id='word_1_343' title='bbox 137 3263 270 3334; x_wconf 85' lang='lat' dir='ltr'>lectums,</span> <span class='ocrx_word' id='word_1_344' title='bbox 287 3264 474 3321; x_wconf 87' lang='lat' dir='ltr'>Constantiam</span> <span class='ocrx_word' id='word_1_345' title='bbox 495 3265 615 3320; x_wconf 82' lang='lat' dir='ltr'>advenit.</span> <span class='ocrx_word' id='word_1_346' title='bbox 632 3265 749 3334; x_wconf 89' lang='lat' dir='ltr'>Tempus</span> <span class='ocrx_word' id='word_1_347' title='bbox 764 3279 831 3318; x_wconf 84' lang='lat' dir='ltr'>vero</span> <span class='ocrx_word' id='word_1_348' title='bbox 855 3278 941 3334; x_wconf 92' lang='lat' dir='ltr'>opor-</span> 
     </span>
     <span class='ocr_line' id='line_1_35' title="bbox 139 3351 941 3424; baseline -0.001 -18"><span class='ocrx_word' id='word_1_349' title='bbox 139 3359 235 3407; x_wconf 89' lang='lat' dir='ltr'>tunum</span> <span class='ocrx_word' id='word_1_350' title='bbox 250 3369 280 3408; x_wconf 90' lang='lat' dir='ltr'>se</span> <span class='ocrx_word' id='word_1_351' title='bbox 294 3353 432 3409; x_wconf 90' lang='lat' dir='ltr'>invenisse</span> <span class='ocrx_word' id='word_1_352' title='bbox 453 3353 654 3419; x_wconf 87' lang='lat' dir='ltr'>existimantes,</span> <span class='ocrx_word' id='word_1_353' title='bbox 678 3351 818 3424; x_wconf 90' lang='lat' dir='ltr'>utriusque</span> <span class='ocrx_word' id='word_1_354' title='bbox 841 3365 941 3406; x_wconf 90' lang='lat' dir='ltr'>mona-</span> 
     </span>
     <span class='ocr_line' id='line_1_36' title="bbox 136 3439 941 3513; baseline -0.004 -18"><span class='ocrx_word' id='word_1_355' title='bbox 136 3441 214 3496; x_wconf 89' lang='lat' dir='ltr'>sterii</span> <span class='ocrx_word' id='word_1_356' title='bbox 239 3440 337 3496; x_wconf 90' lang='lat' dir='ltr'>lrstres</span> <span class='ocrx_word' id='word_1_357' title='bbox 361 3457 412 3513; x_wconf 92' lang='lat' dir='ltr'>pro</span> <span class='ocrx_word' id='word_1_358' title='bbox 439 3442 569 3512; x_wconf 72' lang='lat' dir='ltr'>praedicta</span> <span class='ocrx_word' id='word_1_359' title='bbox 598 3441 763 3497; x_wconf 90' lang='lat' dir='ltr'>necessitate</span> <span class='ocrx_word' id='word_1_360' title='bbox 791 3439 941 3510; x_wconf 86' lang='lat' dir='ltr'>principem</span> 
     </span>
     <span class='ocr_line' id='line_1_37' title="bbox 137 3529 942 3603; baseline -0.001 -19"><span class='ocrx_word' id='word_1_361' title='bbox 137 3529 249 3596; x_wconf 88' lang='lat' dir='ltr'>adeunt,</span> <span class='ocrx_word' id='word_1_362' title='bbox 270 3531 384 3603; x_wconf 90' lang='lat' dir='ltr'>ejusque</span> <span class='ocrx_word' id='word_1_363' title='bbox 410 3530 581 3585; x_wconf 89' lang='lat' dir='ltr'>clementiam</span> <span class='ocrx_word' id='word_1_364' title='bbox 605 3529 788 3600; x_wconf 89' lang='lat' dir='ltr'>interpellant.</span> <span class='ocrx_word' id='word_1_365' title='bbox 806 3529 863 3583; x_wconf 86' lang='lat' dir='ltr'>ilex</span> <span class='ocrx_word' id='word_1_366' title='bbox 878 3543 942 3583; x_wconf 86' lang='lat' dir='ltr'>vero</span> 
     </span>
     <span class='ocr_line' id='line_1_38' title="bbox 137 3616 941 3692; baseline -0.004 -19"><span class='ocrx_word' id='word_1_367' title='bbox 137 3618 307 3689; x_wconf 89' lang='lat' dir='ltr'>episcopum,</span> <span class='ocrx_word' id='word_1_368' title='bbox 333 3619 399 3692; x_wconf 89' lang='lat' dir='ltr'>quid</span> <span class='ocrx_word' id='word_1_369' title='bbox 414 3619 449 3674; x_wconf 93' lang='lat' dir='ltr'>de</span> <span class='ocrx_word' id='word_1_370' title='bbox 464 3621 516 3675; x_wconf 91' lang='lat' dir='ltr'>hoc</span> <span class='ocrx_word' id='word_1_371' title='bbox 537 3619 576 3673; x_wconf 92' lang='lat' dir='ltr'>illi</span> <span class='ocrx_word' id='word_1_372' title='bbox 598 3619 730 3690; x_wconf 85' lang='lat' dir='ltr'>placeret,</span> <span class='ocrx_word' id='word_1_373' title='bbox 753 3616 941 3690; x_wconf 87' lang='lat' dir='ltr'>interrogavit.</span> 
     </span>
     <span class='ocr_line' id='line_1_39' title="bbox 136 3704 943 3779; baseline -0.002 -19"><span class='ocrx_word' id='word_1_374' title='bbox 136 3706 292 3778; x_wconf 85' lang='lat' dir='ltr'>Episcopus</span> <span class='ocrx_word' id='word_1_375' title='bbox 319 3715 409 3762; x_wconf 90' lang='lat' dir='ltr'>autern</span> <span class='ocrx_word' id='word_1_376' title='bbox 431 3716 540 3762; x_wconf 78' lang='lat' dir='ltr'>aternae</span> <span class='ocrx_word' id='word_1_377' title='bbox 564 3707 736 3763; x_wconf 88' lang='lat' dir='ltr'>beatitudinis</span> <span class='ocrx_word' id='word_1_378' title='bbox 751 3705 853 3779; x_wconf 88' lang='lat' dir='ltr'>gaudia</span> <span class='ocrx_word' id='word_1_379' title='bbox 867 3704 943 3759; x_wconf 92' lang='lat' dir='ltr'>illum</span> 
     </span>
     <span class='ocr_line' id='line_1_40' title="bbox 137 3794 943 3867; baseline 0 -19"><span class='ocrx_word' id='word_1_380' title='bbox 137 3794 236 3850; x_wconf 85' lang='lat' dir='ltr'>exinde</span> <span class='ocrx_word' id='word_1_381' title='bbox 260 3804 454 3867; x_wconf 88' lang='lat' dir='ltr'>perceptnnrm</span> <span class='ocrx_word' id='word_1_382' title='bbox 476 3796 631 3867; x_wconf 85' lang='lat' dir='ltr'>respondit,</span> <span class='ocrx_word' id='word_1_383' title='bbox 649 3795 767 3850; x_wconf 89' lang='lat' dir='ltr'>sitalem</span> <span class='ocrx_word' id='word_1_384' title='bbox 791 3803 818 3850; x_wconf 93' lang='lat' dir='ltr'>et</span> <span class='ocrx_word' id='word_1_385' title='bbox 840 3802 943 3849; x_wconf 88' lang='lat' dir='ltr'>tantam</span> 
     </span>
     <span class='ocr_line' id='line_1_41' title="bbox 138 3882 944 3956; baseline 0 -19"><span class='ocrx_word' id='word_1_386' title='bbox 138 3883 315 3939; x_wconf 88' lang='lat' dir='ltr'>securitatem</span> <span class='ocrx_word' id='word_1_387' title='bbox 330 3883 439 3939; x_wconf 78' lang='lat' dir='ltr'>famulis</span> <span class='ocrx_word' id='word_1_388' title='bbox 450 3884 549 3938; x_wconf 84' lang='lat' dir='ltr'>Christi</span> <span class='ocrx_word' id='word_1_389' title='bbox 559 3883 663 3956; x_wconf 91' lang='lat' dir='ltr'>absque</span> <span class='ocrx_word' id='word_1_390' title='bbox 672 3884 727 3939; x_wconf 90' lang='lat' dir='ltr'>ulla</span> <span class='ocrx_word' id='word_1_391' title='bbox 738 3882 944 3954; x_wconf 88' lang='lat' dir='ltr'>perturbatione</span> 
     </span>
     <span class='ocr_line' id='line_1_42' title="bbox 138 3971 944 4045; baseline 0 -19"><span class='ocrx_word' id='word_1_392' title='bbox 138 3971 257 4027; x_wconf 88' lang='lat' dir='ltr'>Domino</span> <span class='ocrx_word' id='word_1_393' title='bbox 272 3972 409 4029; x_wconf 86' lang='lat' dir='ltr'>serviendi</span> <span class='ocrx_word' id='word_1_394' title='bbox 424 3973 598 4029; x_wconf 90' lang='lat' dir='ltr'>concederet.</span> <span class='ocrx_word' id='word_1_395' title='bbox 615 3972 694 4042; x_wconf 82' lang='lat' dir='ltr'>Quod</span> <span class='ocrx_word' id='word_1_396' title='bbox 710 3971 824 4027; x_wconf 86' lang='lat' dir='ltr'>audiens</span> <span class='ocrx_word' id='word_1_397' title='bbox 834 3988 882 4027; x_wconf 85' lang='lat' dir='ltr'>rex</span> <span class='ocrx_word' id='word_1_398' title='bbox 898 3987 944 4045; x_wconf 88' lang='lat' dir='ltr'>ga·</span> 
     </span>
     <span class='ocr_line' id='line_1_43' title="bbox 140 4059 943 4133; baseline -0.001 -17"><span class='ocrx_word' id='word_1_399' title='bbox 140 4059 217 4116; x_wconf 79' lang='lat' dir='ltr'>visus</span> <span class='ocrx_word' id='word_1_400' title='bbox 241 4068 298 4129; x_wconf 88' lang='lat' dir='ltr'>est,</span> <span class='ocrx_word' id='word_1_401' title='bbox 316 4069 342 4116; x_wconf 90' lang='lat' dir='ltr'>et</span> <span class='ocrx_word' id='word_1_402' title='bbox 355 4061 479 4133; x_wconf 90' lang='lat' dir='ltr'>protinus</span> <span class='ocrx_word' id='word_1_403' title='bbox 503 4061 646 4133; x_wconf 86' lang='lat' dir='ltr'>utriusque</span> <span class='ocrx_word' id='word_1_404' title='bbox 667 4060 785 4118; x_wconf 87' lang='lat' dir='ltr'>coenobii</span> <span class='ocrx_word' id='word_1_405' title='bbox 806 4060 943 4128; x_wconf 84' lang='lat' dir='ltr'>iratribus,</span> 
     </span>
     <span class='ocr_line' id='line_1_44' title="bbox 138 4148 945 4224; baseline 0 -20"><span class='ocrx_word' id='word_1_406' title='bbox 138 4149 228 4204; x_wconf 85' lang='lat' dir='ltr'>sancti</span> <span class='ocrx_word' id='word_1_407' title='bbox 243 4149 313 4205; x_wconf 89' lang='lat' dir='ltr'>Galli</span> <span class='ocrx_word' id='word_1_408' title='bbox 328 4149 432 4206; x_wconf 90' lang='lat' dir='ltr'>scilicet</span> <span class='ocrx_word' id='word_1_409' title='bbox 447 4157 473 4205; x_wconf 92' lang='lat' dir='ltr'>et</span> <span class='ocrx_word' id='word_1_410' title='bbox 487 4151 639 4224; x_wconf 80' lang='lat' dir='ltr'>bagensis,</span> <span class='ocrx_word' id='word_1_411' title='bbox 658 4148 813 4204; x_wconf 81' lang='lat' dir='ltr'>firmissima</span> <span class='ocrx_word' id='word_1_412' title='bbox 827 4149 945 4205; x_wconf 91' lang='lat' dir='ltr'>anctori-</span> 
     </span>
     <span class='ocr_line' id='line_1_45' title="bbox 137 4237 945 4310; baseline -0.002 -17"><span class='ocrx_word' id='word_1_413' title='bbox 137 4245 195 4293; x_wconf 89' lang='lat' dir='ltr'>tate</span> <span class='ocrx_word' id='word_1_414' title='bbox 208 4237 381 4310; x_wconf 87' lang='lat' dir='ltr'>privilegium</span> <span class='ocrx_word' id='word_1_415' title='bbox 392 4247 515 4310; x_wconf 86' lang='lat' dir='ltr'>optatum</span> <span class='ocrx_word' id='word_1_416' title='bbox 529 4239 700 4304; x_wconf 88' lang='lat' dir='ltr'>contradidit,</span> <span class='ocrx_word' id='word_1_417' title='bbox 712 4254 744 4293; x_wconf 92' lang='lat' dir='ltr'>ac</span> <span class='ocrx_word' id='word_1_418' title='bbox 753 4239 856 4309; x_wconf 90' lang='lat' dir='ltr'>scripta</span> <span class='ocrx_word' id='word_1_419' title='bbox 870 4253 945 4292; x_wconf 90' lang='lat' dir='ltr'>emu-</span> 
     </span>
     <span class='ocr_line' id='line_1_46' title="bbox 139 4323 945 4397; baseline -0.001 -17"><span class='ocrx_word' id='word_1_420' title='bbox 139 4325 232 4380; x_wconf 85' lang='lat' dir='ltr'>nitatis</span> <span class='ocrx_word' id='word_1_421' title='bbox 245 4326 281 4381; x_wconf 90' lang='lat' dir='ltr'>ad</span> <span class='ocrx_word' id='word_1_422' title='bbox 295 4326 354 4383; x_wconf 86' lang='lat' dir='ltr'>baec</span> <span class='ocrx_word' id='word_1_423' title='bbox 369 4327 466 4382; x_wconf 91' lang='lat' dir='ltr'>eadem</span> <span class='ocrx_word' id='word_1_424' title='bbox 482 4326 622 4381; x_wconf 89' lang='lat' dir='ltr'>retinenda</span> <span class='ocrx_word' id='word_1_425' title='bbox 636 4323 695 4381; x_wconf 88' lang='lat' dir='ltr'>beri</span> <span class='ocrx_word' id='word_1_426' title='bbox 720 4325 864 4397; x_wconf 86' lang='lat' dir='ltr'>praecepit.</span> <span class='ocrx_word' id='word_1_427' title='bbox 884 4340 945 4395; x_wconf 82' lang='lat' dir='ltr'>quae</span> 
     </span>
    </p>
   </div>
   <div class='ocr_carea' id='block_1_7' title="bbox 139 4413 978 4502">
    <p class='ocr_par' dir='ltr' id='par_1_7' title="bbox 139 4413 978 4502">
     <span class='ocr_line' id='line_1_47' title="bbox 139 4413 978 4502; baseline -0.001 -34"><span class='ocrx_word' id='word_1_428' title='bbox 139 4414 280 4488; x_wconf 86' lang='lat' dir='ltr'>signaculo</span> <span class='ocrx_word' id='word_1_429' title='bbox 308 4432 364 4471; x_wconf 88' lang='lat' dir='ltr'>suae</span> <span class='ocrx_word' id='word_1_430' title='bbox 394 4415 560 4472; x_wconf 89' lang='lat' dir='ltr'>auctoritatis</span> <span class='ocrx_word' id='word_1_431' title='bbox 588 4413 705 4470; x_wconf 86' lang='lat' dir='ltr'>firmarit</span> <span class='ocrx_word' id='word_1_432' title='bbox 726 4415 749 4482; x_wconf 59' lang='grc' dir='ltr'>ά,</span> <span class='ocrx_word' id='word_1_433' title='bbox 776 4413 978 4502; x_wconf 74' lang='lat' dir='ltr'>coustitueusD</span> 
     </span>
    </p>
   </div>
   <div class='ocr_carea' id='block_1_8' title="bbox 137 4501 941 4844">
    <p class='ocr_par' dir='ltr' id='par_1_8' title="bbox 137 4501 941 4844">
     <span class='ocr_line' id='line_1_48' title="bbox 137 4501 940 4576; baseline -0.001 -19"><span class='ocrx_word' id='word_1_434' title='bbox 137 4509 220 4574; x_wconf 88' lang='lat' dir='ltr'>atque</span> <span class='ocrx_word' id='word_1_435' title='bbox 235 4503 407 4575; x_wconf 73' lang='lat' dir='ltr'>precipiens,</span> <span class='ocrx_word' id='word_1_436' title='bbox 422 4513 449 4559; x_wconf 92' lang='lat' dir='ltr'>ut</span> <span class='ocrx_word' id='word_1_437' title='bbox 463 4512 525 4576; x_wconf 90' lang='lat' dir='ltr'>post</span> <span class='ocrx_word' id='word_1_438' title='bbox 539 4512 654 4559; x_wconf 89' lang='lat' dir='ltr'>mortem</span> <span class='ocrx_word' id='word_1_439' title='bbox 670 4503 791 4576; x_wconf 89' lang='lat' dir='ltr'>episcopi</span> <span class='ocrx_word' id='word_1_440' title='bbox 814 4501 940 4558; x_wconf 88' lang='lat' dir='ltr'>monachi</span> 
     </span>
     <span class='ocr_line' id='line_1_49' title="bbox 138 4590 940 4665; baseline 0 -19"><span class='ocrx_word' id='word_1_441' title='bbox 138 4590 332 4663; x_wconf 74' lang='lat' dir='ltr'>praedictorum</span> <span class='ocrx_word' id='word_1_442' title='bbox 362 4593 589 4648; x_wconf 88' lang='lat' dir='ltr'>monasteriorum</span> <span class='ocrx_word' id='word_1_443' title='bbox 617 4601 783 4665; x_wconf 90' lang='lat' dir='ltr'>potestatem</span> <span class='ocrx_word' id='word_1_444' title='bbox 809 4593 940 4647; x_wconf 89' lang='lat' dir='ltr'>haberent</span> 
     </span>
     <span class='ocr_line' id='line_1_50' title="bbox 139 4679 941 4755; baseline 0 -21"><span class='ocrx_word' id='word_1_445' title='bbox 139 4679 192 4735; x_wconf 90' lang='lat' dir='ltr'>sibi</span> <span class='ocrx_word' id='word_1_446' title='bbox 206 4680 325 4752; x_wconf 80' lang='lat' dir='ltr'>eligendi</span> <span class='ocrx_word' id='word_1_447' title='bbox 340 4681 461 4749; x_wconf 90' lang='lat' dir='ltr'>abbates,</span> <span class='ocrx_word' id='word_1_448' title='bbox 474 4691 500 4738; x_wconf 95' lang='lat' dir='ltr'>et</span> <span class='ocrx_word' id='word_1_449' title='bbox 511 4689 539 4737; x_wconf 92' lang='lat' dir='ltr'>ut</span> <span class='ocrx_word' id='word_1_450' title='bbox 550 4683 615 4739; x_wconf 92' lang='lat' dir='ltr'>nulli</span> <span class='ocrx_word' id='word_1_451' title='bbox 625 4684 729 4754; x_wconf 88' lang='lat' dir='ltr'>absque</span> <span class='ocrx_word' id='word_1_452' title='bbox 740 4681 850 4755; x_wconf 88' lang='lat' dir='ltr'>regibus</span> <span class='ocrx_word' id='word_1_453' title='bbox 865 4680 941 4736; x_wconf 89' lang='lat' dir='ltr'>dein-</span> 
     </span>
     <span class='ocr_line' id='line_1_51' title="bbox 138 4770 941 4844; baseline -0.004 -19"><span class='ocrx_word' id='word_1_454' title='bbox 138 4782 205 4840; x_wconf 83' lang='lat' dir='ltr'>ceps</span> <span class='ocrx_word' id='word_1_455' title='bbox 219 4777 312 4825; x_wconf 90' lang='lat' dir='ltr'>esseut</span> <span class='ocrx_word' id='word_1_456' title='bbox 326 4770 450 4839; x_wconf 91' lang='lat' dir='ltr'>subjecti.</span> <span class='ocrx_word' id='word_1_457' title='bbox 468 4770 576 4827; x_wconf 82' lang='lat' dir='ltr'>Fratres</span> <span class='ocrx_word' id='word_1_458' title='bbox 597 4772 679 4844; x_wconf 87' lang='lat' dir='ltr'>igitur</span> <span class='ocrx_word' id='word_1_459' title='bbox 695 4771 748 4827; x_wconf 79' lang='lat' dir='ltr'>laeti</span> <span class='ocrx_word' id='word_1_460' title='bbox 763 4770 900 4826; x_wconf 89' lang='lat' dir='ltr'>rediemnt</span> <span class='ocrx_word' id='word_1_461' title='bbox 914 4785 941 4823; x_wconf 89' lang='lat' dir='ltr'>rn</span> 
     </span>
    </p>
   </div>
   <div class='ocr_carea' id='block_1_9' title="bbox 136 4913 945 5588">
    <p class='ocr_par' dir='ltr' id='par_1_9' title="bbox 136 4913 943 5148">
     <span class='ocr_line' id='line_1_52' title="bbox 171 4913 943 4976; baseline -0.001 -13"><span class='ocrx_word' id='word_1_462' title='bbox 171 4921 183 4947; x_wconf 79' lang='lat'>⁸</span> <span class='ocrx_word' id='word_1_463' title='bbox 196 4915 358 4964; x_wconf 74' lang='lat' dir='ltr'>asservantur</span> <span class='ocrx_word' id='word_1_464' title='bbox 369 4913 449 4964; x_wconf 87' lang='lat' dir='ltr'>adbuc</span> <span class='ocrx_word' id='word_1_465' title='bbox 462 4915 564 4976; x_wconf 87' lang='lat' dir='ltr'>cbartae,</span> <span class='ocrx_word' id='word_1_466' title='bbox 578 4916 665 4976; x_wconf 85' lang='lat' dir='ltr'>quibus</span> <span class='ocrx_word' id='word_1_467' title='bbox 677 4916 704 4966; x_wconf 88' lang='lat' dir='ltr'>S.</span> <span class='ocrx_word' id='word_1_468' title='bbox 722 4916 786 4967; x_wconf 88' lang='lat' dir='ltr'>Galli</span> <span class='ocrx_word' id='word_1_469' title='bbox 806 4913 943 4966; x_wconf 81' lang='lat' dir='ltr'>cenobium</span> 
     </span>
     <span class='ocr_line' id='line_1_53' title="bbox 136 4997 943 5063; baseline 0.001 -16"><span class='ocrx_word' id='word_1_470' title='bbox 136 4997 208 5047; x_wconf 87' lang='lat' dir='ltr'>rillas</span> <span class='ocrx_word' id='word_1_471' title='bbox 227 4999 272 5047; x_wconf 88' lang='lat' dir='ltr'>bas</span> <span class='ocrx_word' id='word_1_472' title='bbox 293 4998 431 5060; x_wconf 74' lang='lat' dir='ltr'>aequisivit.</span> <span class='ocrx_word' id='word_1_473' title='bbox 445 4999 522 5048; x_wconf 81' lang='lat' dir='ltr'>vtniae</span> <span class='ocrx_word' id='word_1_474' title='bbox 541 4999 572 5050; x_wconf 91' lang='lat' dir='ltr'>de</span> <span class='ocrx_word' id='word_1_475' title='bbox 594 5013 659 5051; x_wconf 88' lang='lat' dir='ltr'>anno</span> <span class='ocrx_word' id='word_1_476' title='bbox 671 5002 730 5062; x_wconf 77' lang='lat' dir='ltr'>ast,</span> <span class='ocrx_word' id='word_1_477' title='bbox 744 5001 857 5063; x_wconf 74' lang='lat' dir='ltr'>buringae</span> <span class='ocrx_word' id='word_1_478' title='bbox 868 5010 943 5062; x_wconf 86' lang='lat' dir='ltr'>prope</span> 
     </span>
     <span class='ocr_line' id='line_1_54' title="bbox 136 5081 920 5148; baseline 0.001 -17"><span class='ocrx_word' id='word_1_479' title='bbox 136 5081 268 5132; x_wconf 84' lang='lat' dir='ltr'>Bucbbom</span> <span class='ocrx_word' id='word_1_480' title='bbox 280 5082 310 5133; x_wconf 87' lang='lat' dir='ltr'>de</span> <span class='ocrx_word' id='word_1_481' title='bbox 324 5082 382 5145; x_wconf 75' lang='lat' dir='ltr'>tta,</span> <span class='ocrx_word' id='word_1_482' title='bbox 396 5082 510 5134; x_wconf 81' lang='lat' dir='ltr'>Uzinabe</span> <span class='ocrx_word' id='word_1_483' title='bbox 522 5084 553 5136; x_wconf 88' lang='lat' dir='ltr'>ad</span> <span class='ocrx_word' id='word_1_484' title='bbox 566 5083 645 5136; x_wconf 87' lang='lat' dir='ltr'>lacum</span> <span class='ocrx_word' id='word_1_485' title='bbox 658 5085 803 5148; x_wconf 77' lang='lat' dir='ltr'>Tigurinum</span> <span class='ocrx_word' id='word_1_486' title='bbox 816 5085 848 5136; x_wconf 84' lang='lat' dir='ltr'>ds</span> <span class='ocrx_word' id='word_1_487' title='bbox 860 5084 920 5135; x_wconf 78' lang='lat' dir='ltr'>Tib.</span> 
     </span>
    </p>

    <p class='ocr_par' dir='ltr' id='par_1_10' title="bbox 171 5183 607 5248">
     <span class='ocr_line' id='line_1_55' title="bbox 171 5183 607 5248; baseline 0 -11"><span class='ocrx_word' id='word_1_488' title='bbox 171 5200 184 5237; x_wconf 80' lang='lat' dir='ltr'>a</span> <span class='ocrx_word' id='word_1_489' title='bbox 197 5183 371 5234; x_wconf 87' lang='lat' dir='ltr'>Teutonismus</span> <span class='ocrx_word' id='word_1_490' title='bbox 382 5197 427 5248; x_wconf 91' lang='lat' dir='ltr'>pro</span> <span class='ocrx_word' id='word_1_491' title='bbox 439 5184 607 5237; x_wconf 78' lang='lat' dir='ltr'>subtraberet.</span> 
     </span>
    </p>

    <p class='ocr_par' dir='ltr' id='par_1_11' title="bbox 173 5267 474 5331">
     <span class='ocr_line' id='line_1_56' title="bbox 173 5267 474 5331; baseline 0.003 -14"><span class='ocrx_word' id='word_1_492' title='bbox 173 5299 184 5326; x_wconf 78' lang='lat' dir='ltr'>e</span> <span class='ocrx_word' id='word_1_493' title='bbox 197 5267 274 5318; x_wconf 85' lang='lat' dir='ltr'>llodie</span> <span class='ocrx_word' id='word_1_494' title='bbox 286 5269 474 5331; x_wconf 80' lang='lat' dir='ltr'>presbyterium.</span> 
     </span>
    </p>

    <p class='ocr_par' dir='ltr' id='par_1_12' title="bbox 136 5351 945 5588">
     <span class='ocr_line' id='line_1_57' title="bbox 173 5351 944 5415; baseline -0.001 -13"><span class='ocrx_word' id='word_1_495' title='bbox 173 5353 244 5407; x_wconf 73' lang='lat' dir='ltr'>aba</span> <span class='ocrx_word' id='word_1_496' title='bbox 265 5352 313 5402; x_wconf 88' lang='lat' dir='ltr'>boc</span> <span class='ocrx_word' id='word_1_497' title='bbox 334 5353 467 5415; x_wconf 86' lang='lat' dir='ltr'>diplomate</span> <span class='ocrx_word' id='word_1_498' title='bbox 488 5351 623 5404; x_wconf 83' lang='lat' dir='ltr'>liuramsiae</span> <span class='ocrx_word' id='word_1_499' title='bbox 646 5353 757 5414; x_wconf 87' lang='lat' dir='ltr'>civitate,</span> <span class='ocrx_word' id='word_1_500' title='bbox 780 5353 796 5402; x_wconf 89' lang='lat'><em>8</em></span> <span class='ocrx_word' id='word_1_501' title='bbox 817 5351 848 5401; x_wconf 87' lang='lat' dir='ltr'>td</span> <span class='ocrx_word' id='word_1_502' title='bbox 871 5352 944 5407; x_wconf 84' lang='lat' dir='ltr'>blart,</span> 
     </span>
     <span class='ocr_line' id='line_1_58' title="bbox 136 5435 945 5500; baseline -0.002 -13"><span class='ocrx_word' id='word_1_503' title='bbox 136 5447 201 5487; x_wconf 87' lang='lat' dir='ltr'>anno</span> <span class='ocrx_word' id='word_1_504' title='bbox 222 5435 253 5485; x_wconf 77' lang='lat' dir='ltr'>ta</span> <span class='ocrx_word' id='word_1_505' title='bbox 271 5437 340 5500; x_wconf 74' lang='lat' dir='ltr'>regni</span> <span class='ocrx_word' id='word_1_506' title='bbox 362 5437 420 5487; x_wconf 90' lang='lat' dir='ltr'>dato</span> <span class='ocrx_word' id='word_1_507' title='bbox 440 5439 532 5488; x_wconf 89' lang='lat' dir='ltr'>erroris</span> <span class='ocrx_word' id='word_1_508' title='bbox 555 5437 708 5487; x_wconf 79' lang='lat' dir='ltr'>convincitur</span> <span class='ocrx_word' id='word_1_509' title='bbox 728 5438 870 5500; x_wconf 78' lang='lat' dir='ltr'>autpertus.</span> <span class='ocrx_word' id='word_1_510' title='bbox 893 5437 945 5487; x_wconf 81' lang='lat' dir='ltr'>lton</span> 
     </span>
     <span class='ocr_line' id='line_1_59' title="bbox 137 5519 945 5588; baseline 0 -17"><span class='ocrx_word' id='word_1_511' title='bbox 137 5520 208 5572; x_wconf 82' lang='lat' dir='ltr'>anim</span> <span class='ocrx_word' id='word_1_512' title='bbox 220 5532 276 5572; x_wconf 87' lang='lat' dir='ltr'>cum</span> <span class='ocrx_word' id='word_1_513' title='bbox 287 5521 396 5588; x_wconf 80' lang='lat' dir='ltr'>ioanne,</span> <span class='ocrx_word' id='word_1_514' title='bbox 409 5521 452 5575; x_wconf 82' lang='lat' dir='ltr'>sed</span> <span class='ocrx_word' id='word_1_515' title='bbox 464 5521 507 5574; x_wconf 82' lang='lat' dir='ltr'>abs</span> <span class='ocrx_word' id='word_1_516' title='bbox 520 5522 612 5576; x_wconf 73' lang='lat' dir='ltr'>tunna</span> <span class='ocrx_word' id='word_1_517' title='bbox 623 5522 758 5588; x_wconf 87' lang='lat' dir='ltr'>pmabbate</span> <span class='ocrx_word' id='word_1_518' title='bbox 770 5533 826 5574; x_wconf 86' lang='lat' dir='ltr'>cum</span> <span class='ocrx_word' id='word_1_519' title='bbox 846 5519 945 5572; x_wconf 86' lang='lat' dir='ltr'>Sidonio</span> 
     </span>
    </p>
   </div>
   <div class='ocr_carea' id='block_1_10' title="bbox 990 1795 1794 2933">
    <p class='ocr_par' dir='ltr' id='par_1_13' title="bbox 990 1795 1794 2472">
     <span class='ocr_line' id='line_1_60' title="bbox 990 1795 1794 1869; baseline 0.006 -21"><span class='ocrx_word' id='word_1_520' title='bbox 990 1795 1157 1868; x_wconf 84' lang='lat' dir='ltr'>Hildigardae</span> <span class='ocrx_word' id='word_1_521' title='bbox 1173 1796 1285 1867; x_wconf 77' lang='lat' dir='ltr'>reginae,</span> <span class='ocrx_word' id='word_1_522' title='bbox 1303 1796 1381 1864; x_wconf 89' lang='lat' dir='ltr'>cujus</span> <span class='ocrx_word' id='word_1_523' title='bbox 1391 1795 1472 1849; x_wconf 88' lang='lat' dir='ltr'>etiarn</span> <span class='ocrx_word' id='word_1_524' title='bbox 1484 1795 1648 1851; x_wconf 90' lang='lat' dir='ltr'>adminiculo</span> <span class='ocrx_word' id='word_1_525' title='bbox 1663 1813 1708 1852; x_wconf 89' lang='lat' dir='ltr'>res</span> <span class='ocrx_word' id='word_1_526' title='bbox 1722 1796 1794 1869; x_wconf 89' lang='lat' dir='ltr'>apud</span> 
     </span>
     <span class='ocr_line' id='line_1_61' title="bbox 990 1883 1793 1958; baseline 0.006 -20"><span class='ocrx_word' id='word_1_527' title='bbox 990 1884 1051 1938; x_wconf 94' lang='lat' dir='ltr'>illos</span> <span class='ocrx_word' id='word_1_528' title='bbox 1084 1884 1121 1938; x_wconf 90' lang='lat' dir='ltr'>ita</span> <span class='ocrx_word' id='word_1_529' title='bbox 1151 1884 1283 1954; x_wconf 85' lang='lat' dir='ltr'>perstitit,</span> <span class='ocrx_word' id='word_1_530' title='bbox 1311 1883 1372 1955; x_wconf 90' lang='lat' dir='ltr'>quia</span> <span class='ocrx_word' id='word_1_531' title='bbox 1402 1900 1417 1937; x_wconf 89' lang='lat' dir='ltr'>a</span> <span class='ocrx_word' id='word_1_532' title='bbox 1445 1883 1565 1939; x_wconf 86' lang='lat' dir='ltr'>Geroldo</span> <span class='ocrx_word' id='word_1_533' title='bbox 1589 1885 1700 1950; x_wconf 87' lang='lat' dir='ltr'>comite,</span> <span class='ocrx_word' id='word_1_534' title='bbox 1726 1903 1793 1958; x_wconf 81' lang='lat' dir='ltr'>ger-</span> 
     </span>
     <span class='ocr_line' id='line_1_62' title="bbox 990 1972 1794 2044; baseline 0.005 -17"><span class='ocrx_word' id='word_1_535' title='bbox 990 1989 1072 2029; x_wconf 89' lang='lat' dir='ltr'>mano</span> <span class='ocrx_word' id='word_1_536' title='bbox 1096 1973 1234 2044; x_wconf 72' lang='lat' dir='ltr'>praedictas</span> <span class='ocrx_word' id='word_1_537' title='bbox 1255 1973 1368 2043; x_wconf 78' lang='lat' dir='ltr'>reginae,</span> <span class='ocrx_word' id='word_1_538' title='bbox 1384 1973 1461 2028; x_wconf 90' lang='lat' dir='ltr'>locus</span> <span class='ocrx_word' id='word_1_539' title='bbox 1475 1972 1534 2043; x_wconf 92' lang='lat' dir='ltr'>ipse</span> <span class='ocrx_word' id='word_1_540' title='bbox 1549 1973 1665 2029; x_wconf 88' lang='lat' dir='ltr'>maxime</span> <span class='ocrx_word' id='word_1_541' title='bbox 1689 1975 1794 2031; x_wconf 90' lang='lat' dir='ltr'>consti-</span> 
     </span>
     <span class='ocr_line' id='line_1_63' title="bbox 991 2061 1793 2134; baseline 0.005 -18"><span class='ocrx_word' id='word_1_542' title='bbox 991 2063 1022 2116; x_wconf 91' lang='lat' dir='ltr'>tit</span> <span class='ocrx_word' id='word_1_543' title='bbox 1044 2071 1070 2117; x_wconf 91' lang='lat' dir='ltr'>et</span> <span class='ocrx_word' id='word_1_544' title='bbox 1096 2061 1257 2134; x_wconf 89' lang='lat' dir='ltr'>augebatur.</span> <span class='ocrx_word' id='word_1_545' title='bbox 1283 2062 1374 2117; x_wconf 90' lang='lat' dir='ltr'>Nostri</span> <span class='ocrx_word' id='word_1_546' title='bbox 1397 2078 1463 2117; x_wconf 92' lang='lat' dir='ltr'>vero</span> <span class='ocrx_word' id='word_1_547' title='bbox 1478 2071 1489 2096; x_wconf 78' lang='lat'>⁰</span> <span class='ocrx_word' id='word_1_548' title='bbox 1503 2061 1661 2117; x_wconf 89' lang='lat' dir='ltr'>Waltonem</span> <span class='ocrx_word' id='word_1_549' title='bbox 1684 2079 1793 2120; x_wconf 89' lang='lat' dir='ltr'>concoe·</span> 
     </span>
     <span class='ocr_line' id='line_1_64' title="bbox 990 2149 1792 2227; baseline 0.006 -23"><span class='ocrx_word' id='word_1_550' title='bbox 990 2151 1129 2214; x_wconf 87' lang='lat' dir='ltr'>nobitam,</span> <span class='ocrx_word' id='word_1_551' title='bbox 1160 2149 1247 2206; x_wconf 90' lang='lat' dir='ltr'>virum</span> <span class='ocrx_word' id='word_1_552' title='bbox 1276 2151 1443 2220; x_wconf 91' lang='lat' dir='ltr'>sapientem,</span> <span class='ocrx_word' id='word_1_553' title='bbox 1479 2150 1530 2205; x_wconf 93' lang='lat' dir='ltr'>sibi</span> <span class='ocrx_word' id='word_1_554' title='bbox 1558 2151 1696 2219; x_wconf 91' lang='lat' dir='ltr'>abbatem,</span> <span class='ocrx_word' id='word_1_555' title='bbox 1726 2169 1792 2227; x_wconf 86' lang='lat' dir='ltr'>rege</span> 
     </span>
     <span class='ocr_line' id='line_1_65' title="bbox 990 2238 1792 2310; baseline 0.005 -16"><span class='ocrx_word' id='word_1_556' title='bbox 990 2240 1177 2310; x_wconf 89' lang='lat' dir='ltr'>permittente,</span> <span class='ocrx_word' id='word_1_557' title='bbox 1206 2239 1411 2294; x_wconf 91' lang='lat' dir='ltr'>constituerunt.</span> <span class='ocrx_word' id='word_1_558' title='bbox 1438 2238 1491 2294; x_wconf 88' lang='lat' dir='ltr'>Sed</span> <span class='ocrx_word' id='word_1_559' title='bbox 1515 2256 1569 2296; x_wconf 89' lang='lat' dir='ltr'>non</span> <span class='ocrx_word' id='word_1_560' title='bbox 1593 2239 1621 2294; x_wconf 93' lang='lat' dir='ltr'>in</span> <span class='ocrx_word' id='word_1_561' title='bbox 1643 2238 1724 2297; x_wconf 87' lang='lat' dir='ltr'>finem</span> <span class='ocrx_word' id='word_1_562' title='bbox 1746 2257 1792 2298; x_wconf 83' lang='lat' dir='ltr'>res</span> 
     </span>
     <span class='ocr_line' id='line_1_66' title="bbox 990 2327 1794 2399; baseline 0.004 -16"><span class='ocrx_word' id='word_1_563' title='bbox 990 2328 1026 2383; x_wconf 89' lang='lat' dir='ltr'>ita</span> <span class='ocrx_word' id='word_1_564' title='bbox 1041 2328 1200 2399; x_wconf 87' lang='lat' dir='ltr'>permansit,</span> <span class='ocrx_word' id='word_1_565' title='bbox 1217 2337 1245 2382; x_wconf 90' lang='lat' dir='ltr'>ut</span> <span class='ocrx_word' id='word_1_566' title='bbox 1260 2327 1287 2382; x_wconf 92' lang='lat' dir='ltr'>in</span> <span class='ocrx_word' id='word_1_567' title='bbox 1304 2328 1481 2399; x_wconf 88' lang='lat' dir='ltr'>sequentibus</span> <span class='ocrx_word' id='word_1_568' title='bbox 1504 2328 1645 2384; x_wconf 77' lang='lat' dir='ltr'>manifeste</span> <span class='ocrx_word' id='word_1_569' title='bbox 1668 2329 1794 2386; x_wconf 82' lang='lat' dir='ltr'>declara·</span> 
     </span>
     <span class='ocr_line' id='line_1_67' title="bbox 991 2416 1090 2472; baseline 0.03 -3"><span class='ocrx_word' id='word_1_570' title='bbox 991 2416 1090 2472; x_wconf 90' lang='lat' dir='ltr'>bimus.</span> 
     </span>
    </p>

    <p class='ocr_par' dir='ltr' id='par_1_14' title="bbox 991 2505 1794 2933">
     <span class='ocr_line' id='line_1_68' title="bbox 1029 2505 1792 2584; baseline 0.009 -25"><span class='ocrx_word' id='word_1_571' title='bbox 1029 2507 1053 2560; x_wconf 92' lang='lat' dir='ltr'>l.</span> <span class='ocrx_word' id='word_1_572' title='bbox 1070 2506 1133 2561; x_wconf 90' lang='lat' dir='ltr'>Post</span> <span class='ocrx_word' id='word_1_573' title='bbox 1148 2505 1252 2560; x_wconf 92' lang='lat' dir='ltr'>obitum</span> <span class='ocrx_word' id='word_1_574' title='bbox 1268 2522 1333 2560; x_wconf 89' lang='lat' dir='ltr'>vero</span> <span class='ocrx_word' id='word_1_575' title='bbox 1348 2505 1480 2560; x_wconf 82' lang='lat' dir='ltr'>iohannis</span> <span class='ocrx_word' id='word_1_576' title='bbox 1493 2506 1613 2578; x_wconf 90' lang='lat' dir='ltr'>episcopi</span> <span class='ocrx_word' id='word_1_577' title='bbox 1628 2506 1717 2580; x_wconf 83' lang='lat' dir='ltr'>Egino</span> <span class='ocrx_word' id='word_1_578' title='bbox 1731 2508 1792 2584; x_wconf 90' lang='lat' dir='ltr'>epi·</span> 
     </span>
     <span class='ocr_line' id='line_1_69' title="bbox 992 2594 1794 2667; baseline 0.009 -19"><span class='ocrx_word' id='word_1_579' title='bbox 992 2594 1077 2665; x_wconf 91' lang='lat' dir='ltr'>scopii</span> <span class='ocrx_word' id='word_1_580' title='bbox 1098 2594 1313 2650; x_wconf 88' lang='lat' dir='ltr'>Constantiensis</span> <span class='ocrx_word' id='word_1_581' title='bbox 1334 2595 1397 2663; x_wconf 92' lang='lat' dir='ltr'>jura</span> <span class='ocrx_word' id='word_1_582' title='bbox 1420 2595 1547 2665; x_wconf 89' lang='lat' dir='ltr'>suscepit,</span> <span class='ocrx_word' id='word_1_583' title='bbox 1563 2595 1686 2667; x_wconf 79' lang='lat' dir='ltr'>quimus</span> <span class='ocrx_word' id='word_1_584' title='bbox 1701 2598 1794 2655; x_wconf 86' lang='lat' dir='ltr'>omnia</span> 
     </span>
     <span class='ocr_line' id='line_1_70' title="bbox 991 2683 1793 2756; baseline 0.007 -20"><span class='ocrx_word' id='word_1_585' title='bbox 991 2683 1150 2738; x_wconf 86' lang='lat' dir='ltr'>insidiarum</span> <span class='ocrx_word' id='word_1_586' title='bbox 1166 2699 1269 2756; x_wconf 91' lang='lat' dir='ltr'>genera</span> <span class='ocrx_word' id='word_1_587' title='bbox 1285 2683 1356 2740; x_wconf 87' lang='lat' dir='ltr'>circa</span> <span class='ocrx_word' id='word_1_588' title='bbox 1371 2683 1563 2739; x_wconf 90' lang='lat' dir='ltr'>monasterium</span> <span class='ocrx_word' id='word_1_589' title='bbox 1578 2693 1702 2740; x_wconf 90' lang='lat' dir='ltr'>nostrum</span> <span class='ocrx_word' id='word_1_590' title='bbox 1718 2703 1793 2744; x_wconf 90' lang='lat' dir='ltr'>exer·</span> 
     </span>
     <span class='ocr_line' id='line_1_71' title="bbox 991 2772 1792 2843; baseline 0.007 -16"><span class='ocrx_word' id='word_1_591' title='bbox 991 2788 1054 2827; x_wconf 90' lang='lat' dir='ltr'>cere</span> <span class='ocrx_word' id='word_1_592' title='bbox 1069 2787 1124 2826; x_wconf 92' lang='lat' dir='ltr'>non</span> <span class='ocrx_word' id='word_1_593' title='bbox 1140 2780 1274 2838; x_wconf 89' lang='lat' dir='ltr'>metuens,</span> <span class='ocrx_word' id='word_1_594' title='bbox 1293 2772 1370 2827; x_wconf 91' lang='lat' dir='ltr'>sicuti</span> <span class='ocrx_word' id='word_1_595' title='bbox 1395 2772 1531 2843; x_wconf 82' lang='lat' dir='ltr'>Sydonius</span> <span class='ocrx_word' id='word_1_596' title='bbox 1546 2781 1669 2829; x_wconf 90' lang='lat' dir='ltr'>sanctum</span> <span class='ocrx_word' id='word_1_597' title='bbox 1695 2772 1792 2833; x_wconf 86' lang='lat' dir='ltr'>Otma·</span> 
     </span>
     <span class='ocr_line' id='line_1_72' title="bbox 992 2860 1792 2933; baseline 0.005 -17"><span class='ocrx_word' id='word_1_598' title='bbox 992 2878 1062 2930; x_wconf 92' lang='lat' dir='ltr'>rum,</span> <span class='ocrx_word' id='word_1_599' title='bbox 1079 2860 1151 2915; x_wconf 91' lang='lat' dir='ltr'>itaet</span> <span class='ocrx_word' id='word_1_600' title='bbox 1166 2860 1217 2915; x_wconf 89' lang='lat' dir='ltr'>iste</span> <span class='ocrx_word' id='word_1_601' title='bbox 1233 2861 1389 2915; x_wconf 88' lang='lat' dir='ltr'>Waltonem</span> <span class='ocrx_word' id='word_1_602' title='bbox 1409 2861 1537 2932; x_wconf 90' lang='lat' dir='ltr'>persequi</span> <span class='ocrx_word' id='word_1_603' title='bbox 1552 2861 1633 2932; x_wconf 84' lang='lat' dir='ltr'>coepit</span> <span class='ocrx_word' id='word_1_604' title='bbox 1648 2863 1792 2933; x_wconf 89' lang='lat' dir='ltr'>abbatem,</span> 
     </span>
    </p>
   </div>
   <div class='ocr_carea' id='block_1_11' title="bbox 909 2949 1795 3021">
    <p class='ocr_par' dir='ltr' id='par_1_15' title="bbox 909 2949 1795 3021">
     <span class='ocr_line' id='line_1_73' title="bbox 909 2949 1795 3021; baseline 0.003 -14"><span class='ocrx_word' id='word_1_605' title='bbox 909 2997 914 3007; x_wconf 95' lang='lat'>.</span> <span class='ocrx_word' id='word_1_606' title='bbox 992 2958 1125 3021; x_wconf 89' lang='lat' dir='ltr'>qnatenus</span> <span class='ocrx_word' id='word_1_607' title='bbox 1147 2949 1245 3004; x_wconf 87' lang='lat' dir='ltr'>iterum</span> <span class='ocrx_word' id='word_1_608' title='bbox 1259 2965 1389 3019; x_wconf 89' lang='lat' dir='ltr'>perverso</span> <span class='ocrx_word' id='word_1_609' title='bbox 1412 2965 1487 3004; x_wconf 89' lang='lat' dir='ltr'>more</span> <span class='ocrx_word' id='word_1_610' title='bbox 1511 2957 1716 3006; x_wconf 90' lang='lat' dir='ltr'>antecessorum</span> <span class='ocrx_word' id='word_1_611' title='bbox 1731 2968 1795 3010; x_wconf 89' lang='lat' dir='ltr'>sno·</span> 
     </span>
    </p>
   </div>
   <div class='ocr_carea' id='block_1_12' title="bbox 990 3037 1796 4529">
    <p class='ocr_par' dir='ltr' id='par_1_16' title="bbox 990 3037 1796 4529">
     <span class='ocr_line' id='line_1_74' title="bbox 992 3037 1796 3114; baseline 0.007 -23"><span class='ocrx_word' id='word_1_612' title='bbox 992 3055 1052 3092; x_wconf 91' lang='lat' dir='ltr'>rum</span> <span class='ocrx_word' id='word_1_613' title='bbox 1068 3037 1237 3109; x_wconf 88' lang='lat' dir='ltr'>episcopatui</span> <span class='ocrx_word' id='word_1_614' title='bbox 1259 3037 1404 3106; x_wconf 89' lang='lat' dir='ltr'>subjiceret</span> <span class='ocrx_word' id='word_1_615' title='bbox 1419 3038 1625 3095; x_wconf 90' lang='lat' dir='ltr'>monasterium.</span> <span class='ocrx_word' id='word_1_616' title='bbox 1643 3041 1728 3110; x_wconf 85' lang='lat' dir='ltr'>liujus</span> <span class='ocrx_word' id='word_1_617' title='bbox 1741 3040 1796 3114; x_wconf 87' lang='lat' dir='ltr'>igi-</span> 
     </span>
     <span class='ocr_line' id='line_1_75' title="bbox 992 3126 1795 3200; baseline 0.007 -20"><span class='ocrx_word' id='word_1_618' title='bbox 992 3135 1035 3181; x_wconf 92' lang='lat' dir='ltr'>tur</span> <span class='ocrx_word' id='word_1_619' title='bbox 1050 3126 1091 3180; x_wconf 92' lang='lat' dir='ltr'>rei</span> <span class='ocrx_word' id='word_1_620' title='bbox 1105 3126 1191 3197; x_wconf 88' lang='lat' dir='ltr'>gratia</span> <span class='ocrx_word' id='word_1_621' title='bbox 1210 3126 1384 3195; x_wconf 89' lang='lat' dir='ltr'>optimatibus</span> <span class='ocrx_word' id='word_1_622' title='bbox 1408 3127 1483 3199; x_wconf 88' lang='lat' dir='ltr'>regis</span> <span class='ocrx_word' id='word_1_623' title='bbox 1506 3127 1608 3198; x_wconf 87' lang='lat' dir='ltr'>praedia</span> <span class='ocrx_word' id='word_1_624' title='bbox 1623 3136 1650 3184; x_wconf 89' lang='lat' dir='ltr'>et</span> <span class='ocrx_word' id='word_1_625' title='bbox 1663 3129 1795 3200; x_wconf 87' lang='lat' dir='ltr'>pecunias</span> 
     </span>
     <span class='ocr_line' id='line_1_76' title="bbox 990 3212 1792 3289; baseline 0.006 -20"><span class='ocrx_word' id='word_1_626' title='bbox 990 3213 1102 3269; x_wconf 90' lang='lat' dir='ltr'>contulit</span> <span class='ocrx_word' id='word_1_627' title='bbox 1118 3212 1251 3279; x_wconf 88' lang='lat' dir='ltr'>infinitas,</span> <span class='ocrx_word' id='word_1_628' title='bbox 1268 3213 1383 3285; x_wconf 90' lang='lat' dir='ltr'>illosque</span> <span class='ocrx_word' id='word_1_629' title='bbox 1398 3215 1432 3269; x_wconf 91' lang='lat' dir='ltr'>ad</span> <span class='ocrx_word' id='word_1_630' title='bbox 1448 3230 1610 3270; x_wconf 90' lang='lat' dir='ltr'>consensum</span> <span class='ocrx_word' id='word_1_631' title='bbox 1633 3232 1712 3272; x_wconf 90' lang='lat' dir='ltr'>suurn</span> <span class='ocrx_word' id='word_1_632' title='bbox 1726 3234 1792 3289; x_wconf 89' lang='lat' dir='ltr'>pro·</span> 
     </span>
     <span class='ocr_line' id='line_1_77' title="bbox 990 3301 1795 3373; baseline 0.005 -15"><span class='ocrx_word' id='word_1_633' title='bbox 990 3318 1107 3368; x_wconf 79' lang='lat' dir='ltr'>vocans,</span> <span class='ocrx_word' id='word_1_634' title='bbox 1134 3301 1361 3373; x_wconf 89' lang='lat' dir='ltr'>muneribusque,</span> <span class='ocrx_word' id='word_1_635' title='bbox 1377 3310 1405 3356; x_wconf 93' lang='lat' dir='ltr'>ut</span> <span class='ocrx_word' id='word_1_636' title='bbox 1420 3301 1548 3373; x_wconf 90' lang='lat' dir='ltr'>scriptum</span> <span class='ocrx_word' id='word_1_637' title='bbox 1563 3312 1618 3373; x_wconf 90' lang='lat' dir='ltr'>est,</span> <span class='ocrx_word' id='word_1_638' title='bbox 1641 3305 1724 3360; x_wconf 89' lang='lat' dir='ltr'>etiam</span> <span class='ocrx_word' id='word_1_639' title='bbox 1748 3322 1795 3362; x_wconf 90' lang='lat' dir='ltr'>sa·</span> 
     </span>
     <span class='ocr_line' id='line_1_78' title="bbox 991 3391 1792 3467; baseline 0.009 -22"><span class='ocrx_word' id='word_1_640' title='bbox 991 3391 1112 3463; x_wconf 87' lang='lat' dir='ltr'>pienrum</span> <span class='ocrx_word' id='word_1_641' title='bbox 1140 3391 1249 3446; x_wconf 92' lang='lat' dir='ltr'>obtutus</span> <span class='ocrx_word' id='word_1_642' title='bbox 1277 3406 1435 3458; x_wconf 80' lang='lat' dir='ltr'>excaecans,</span> <span class='ocrx_word' id='word_1_643' title='bbox 1461 3392 1534 3462; x_wconf 89' lang='lat' dir='ltr'>quod</span> <span class='ocrx_word' id='word_1_644' title='bbox 1556 3392 1792 3467; x_wconf 85' lang='lat' dir='ltr'>nequitercoepit,</span> 
     </span>
     <span class='ocr_line' id='line_1_79' title="bbox 992 3479 1795 3556; baseline 0.006 -20"><span class='ocrx_word' id='word_1_645' title='bbox 992 3481 1099 3536; x_wconf 89' lang='lat' dir='ltr'>illomm</span> <span class='ocrx_word' id='word_1_646' title='bbox 1125 3480 1289 3536; x_wconf 90' lang='lat' dir='ltr'>adminiculo</span> <span class='ocrx_word' id='word_1_647' title='bbox 1316 3479 1435 3552; x_wconf 90' lang='lat' dir='ltr'>pessime</span> <span class='ocrx_word' id='word_1_648' title='bbox 1459 3481 1617 3552; x_wconf 70' lang='lat' dir='ltr'>complevit,</span> <span class='ocrx_word' id='word_1_649' title='bbox 1643 3481 1795 3556; x_wconf 88' lang='lat' dir='ltr'>iterumque</span> 
     </span>
     <span class='ocr_line' id='line_1_80' title="bbox 993 3568 1794 3644; baseline 0.009 -20"><span class='ocrx_word' id='word_1_650' title='bbox 993 3569 1188 3625; x_wconf 86' lang='lat' dir='ltr'>monasterium</span> <span class='ocrx_word' id='word_1_651' title='bbox 1199 3585 1253 3624; x_wconf 92' lang='lat' dir='ltr'>non</span> <span class='ocrx_word' id='word_1_652' title='bbox 1263 3568 1334 3640; x_wconf 87' lang='lat' dir='ltr'>aequi</span> <span class='ocrx_word' id='word_1_653' title='bbox 1345 3569 1533 3626; x_wconf 85' lang='lat' dir='ltr'>observatione</span> <span class='ocrx_word' id='word_1_654' title='bbox 1545 3571 1684 3644; x_wconf 91' lang='lat' dir='ltr'>episcopio</span> <span class='ocrx_word' id='word_1_655' title='bbox 1697 3574 1794 3644; x_wconf 84' lang='lat' dir='ltr'>subjici</span> 
     </span>
     <span class='ocr_line' id='line_1_81' title="bbox 993 3657 1796 3732; baseline 0.006 -18"><span class='ocrx_word' id='word_1_656' title='bbox 993 3657 1064 3714; x_wconf 86' lang='lat' dir='ltr'>lecit.</span> <span class='ocrx_word' id='word_1_657' title='bbox 1085 3658 1198 3713; x_wconf 88' lang='lat' dir='ltr'>Carolus</span> <span class='ocrx_word' id='word_1_658' title='bbox 1216 3673 1281 3714; x_wconf 89' lang='lat' dir='ltr'>vero</span> <span class='ocrx_word' id='word_1_659' title='bbox 1295 3674 1410 3713; x_wconf 91' lang='lat' dir='ltr'>serenus</span> <span class='ocrx_word' id='word_1_660' title='bbox 1424 3668 1570 3732; x_wconf 89' lang='lat' dir='ltr'>augustus,</span> <span class='ocrx_word' id='word_1_661' title='bbox 1587 3678 1649 3717; x_wconf 92' lang='lat' dir='ltr'>cum</span> <span class='ocrx_word' id='word_1_662' title='bbox 1664 3663 1796 3721; x_wconf 86' lang='lat' dir='ltr'>voluisset</span> 
     </span>
     <span class='ocr_line' id='line_1_82' title="bbox 993 3747 1794 3820; baseline 0.007 -17"><span class='ocrx_word' id='word_1_663' title='bbox 993 3747 1151 3819; x_wconf 87' lang='lat' dir='ltr'>praedictum</span> <span class='ocrx_word' id='word_1_664' title='bbox 1166 3747 1290 3802; x_wconf 89' lang='lat' dir='ltr'>abbatem</span> <span class='ocrx_word' id='word_1_665' title='bbox 1304 3763 1366 3804; x_wconf 92' lang='lat' dir='ltr'>cnm</span> <span class='ocrx_word' id='word_1_666' title='bbox 1382 3748 1510 3820; x_wconf 91' lang='lat' dir='ltr'>episcopo</span> <span class='ocrx_word' id='word_1_667' title='bbox 1531 3750 1685 3820; x_wconf 82' lang='lat' dir='ltr'>pacificare,</span> <span class='ocrx_word' id='word_1_668' title='bbox 1704 3768 1737 3808; x_wconf 91' lang='lat' dir='ltr'>eo</span> <span class='ocrx_word' id='word_1_669' title='bbox 1751 3753 1794 3809; x_wconf 89' lang='lat' dir='ltr'>vi·</span> 
     </span>
     <span class='ocr_line' id='line_1_83' title="bbox 995 3835 1794 3908; baseline 0.009 -17"><span class='ocrx_word' id='word_1_670' title='bbox 995 3835 1092 3892; x_wconf 89' lang='lat' dir='ltr'>delicet</span> <span class='ocrx_word' id='word_1_671' title='bbox 1101 3843 1190 3906; x_wconf 90' lang='lat' dir='ltr'>pacto,</span> <span class='ocrx_word' id='word_1_672' title='bbox 1207 3844 1234 3890; x_wconf 92' lang='lat' dir='ltr'>ut</span> <span class='ocrx_word' id='word_1_673' title='bbox 1247 3836 1368 3908; x_wconf 90' lang='lat' dir='ltr'>episcopi</span> <span class='ocrx_word' id='word_1_674' title='bbox 1382 3846 1521 3908; x_wconf 82' lang='lat' dir='ltr'>praecepto</span> <span class='ocrx_word' id='word_1_675' title='bbox 1535 3838 1676 3908; x_wconf 89' lang='lat' dir='ltr'>obediens,</span> <span class='ocrx_word' id='word_1_676' title='bbox 1687 3841 1794 3898; x_wconf 89' lang='lat' dir='ltr'>abbatis</span> 
     </span>
     <span class='ocr_line' id='line_1_84' title="bbox 993 3925 1793 3999; baseline 0.008 -19"><span class='ocrx_word' id='word_1_677' title='bbox 993 3925 1083 3982; x_wconf 93' lang='lat' dir='ltr'>locum</span> <span class='ocrx_word' id='word_1_678' title='bbox 1098 3926 1126 3979; x_wconf 93' lang='lat' dir='ltr'>in</span> <span class='ocrx_word' id='word_1_679' title='bbox 1141 3925 1306 3982; x_wconf 90' lang='lat' dir='ltr'>monasterio</span> <span class='ocrx_word' id='word_1_680' title='bbox 1329 3934 1439 3999; x_wconf 90' lang='lat' dir='ltr'>ageret;</span> <span class='ocrx_word' id='word_1_681' title='bbox 1462 3926 1588 3998; x_wconf 85' lang='lat' dir='ltr'>praelatus</span> <span class='ocrx_word' id='word_1_682' title='bbox 1603 3928 1714 3995; x_wconf 92' lang='lat' dir='ltr'>Waldo,</span> <span class='ocrx_word' id='word_1_683' title='bbox 1737 3946 1793 3986; x_wconf 90' lang='lat' dir='ltr'>non</span> 
     </span>
     <span class='ocr_line' id='line_1_85' title="bbox 995 4014 1793 4086; baseline 0.005 -16"><span class='ocrx_word' id='word_1_684' title='bbox 995 4014 1088 4071; x_wconf 86' lang='lat' dir='ltr'>raleus</span> <span class='ocrx_word' id='word_1_685' title='bbox 1102 4014 1203 4069; x_wconf 92' lang='lat' dir='ltr'>diutius</span> <span class='ocrx_word' id='word_1_686' title='bbox 1222 4031 1343 4085; x_wconf 79' lang='lat' dir='ltr'>praesens</span> <span class='ocrx_word' id='word_1_687' title='bbox 1367 4015 1465 4070; x_wconf 91' lang='lat' dir='ltr'>intueri</span> <span class='ocrx_word' id='word_1_688' title='bbox 1488 4023 1592 4070; x_wconf 89' lang='lat' dir='ltr'>tantam</span> <span class='ocrx_word' id='word_1_689' title='bbox 1616 4016 1793 4086; x_wconf 79' lang='lat' dir='ltr'>deiectionem</span> 
     </span>
     <span class='ocr_line' id='line_1_86' title="bbox 996 4103 1795 4175; baseline 0.009 -17"><span class='ocrx_word' id='word_1_690' title='bbox 996 4119 1118 4168; x_wconf 91' lang='lat' dir='ltr'>suorum,</span> <span class='ocrx_word' id='word_1_691' title='bbox 1134 4103 1188 4158; x_wconf 88' lang='lat' dir='ltr'>tale</span> <span class='ocrx_word' id='word_1_692' title='bbox 1209 4103 1296 4158; x_wconf 79' lang='lat' dir='ltr'>fertur</span> <span class='ocrx_word' id='word_1_693' title='bbox 1311 4104 1370 4174; x_wconf 86' lang='lat' dir='ltr'>regi</span> <span class='ocrx_word' id='word_1_694' title='bbox 1391 4103 1500 4160; x_wconf 85' lang='lat' dir='ltr'>dedisse</span> <span class='ocrx_word' id='word_1_695' title='bbox 1524 4120 1707 4175; x_wconf 89' lang='lat' dir='ltr'>responsum:</span> <span class='ocrx_word' id='word_1_696' title='bbox 1725 4107 1795 4164; x_wconf 79' lang='lat' dir='ltr'>Cum</span> 
     </span>
     <span class='ocr_line' id='line_1_87' title="bbox 995 4190 1795 4263; baseline 0.006 -15"><span class='ocrx_word' id='word_1_697' title='bbox 995 4195 1081 4258; x_wconf 83' lang='lat' dir='ltr'>enim,</span> <span class='ocrx_word' id='word_1_698' title='bbox 1099 4190 1195 4263; x_wconf 87' lang='lat' dir='ltr'>inquit,</span> <span class='ocrx_word' id='word_1_699' title='bbox 1211 4193 1298 4246; x_wconf 84' lang='lat' dir='ltr'>semel</span> <span class='ocrx_word' id='word_1_700' title='bbox 1312 4208 1416 4246; x_wconf 81' lang='lat' dir='ltr'>martas</span> <span class='ocrx_word' id='word_1_701' title='bbox 1431 4195 1529 4247; x_wconf 82' lang='lat' dir='ltr'>vcslroe</span> <span class='ocrx_word' id='word_1_702' title='bbox 1539 4192 1795 4253; x_wconf 79' lang='lat' dir='ltr'>dominationisirt·</span> 
     </span>
     <span class='ocr_line' id='line_1_88' title="bbox 995 4279 1792 4351; baseline 0.009 -16"><span class='ocrx_word' id='word_1_703' title='bbox 995 4296 1116 4351; x_wconf 79' lang='lat' dir='ltr'>gressus,</span> <span class='ocrx_word' id='word_1_704' title='bbox 1135 4283 1223 4333; x_wconf 79' lang='lat' dir='ltr'>luntre</span> <span class='ocrx_word' id='word_1_705' title='bbox 1242 4279 1422 4334; x_wconf 79' lang='lat' dir='ltr'>celsitudinis</span> <span class='ocrx_word' id='word_1_706' title='bbox 1443 4282 1536 4336; x_wconf 83' lang='lat' dir='ltr'>merui</span> <span class='ocrx_word' id='word_1_707' title='bbox 1559 4281 1682 4338; x_wconf 83' lang='lat' dir='ltr'>dominio</span> <span class='ocrx_word' id='word_1_708' title='bbox 1703 4285 1792 4342; x_wconf 80' lang='lat' dir='ltr'>subli-</span> 
     </span>
     <span class='ocr_line' id='line_1_89' title="bbox 996 4368 1794 4444; baseline 0.006 -22"><span class='ocrx_word' id='word_1_709' title='bbox 996 4370 1078 4432; x_wconf 83' lang='lat' dir='ltr'>mari,</span> <span class='ocrx_word' id='word_1_710' title='bbox 1097 4382 1272 4439; x_wconf 81' lang='lat' dir='ltr'>nequaquam</span> <span class='ocrx_word' id='word_1_711' title='bbox 1286 4368 1408 4440; x_wconf 83' lang='lat' dir='ltr'>postltoec</span> <span class='ocrx_word' id='word_1_712' title='bbox 1424 4368 1491 4425; x_wconf 84' lang='lat' dir='ltr'>dum</span> <span class='ocrx_word' id='word_1_713' title='bbox 1507 4369 1607 4424; x_wconf 85' lang='lat' dir='ltr'>boram</span> <span class='ocrx_word' id='word_1_714' title='bbox 1621 4371 1709 4426; x_wconf 81' lang='lat' dir='ltr'>trium</span> <span class='ocrx_word' id='word_1_715' title='bbox 1722 4372 1794 4444; x_wconf 78' lang='lat' dir='ltr'>dipi-</span> 
     </span>
     <span class='ocr_line' id='line_1_90' title="bbox 995 4456 1793 4529; baseline 0.006 -19"><span class='ocrx_word' id='word_1_716' title='bbox 995 4459 1087 4512; x_wconf 79' lang='lat' dir='ltr'>torum</span> <span class='ocrx_word' id='word_1_717' title='bbox 1099 4457 1220 4527; x_wconf 77' lang='lat' dir='ltr'>vigorem</span> <span class='ocrx_word' id='word_1_718' title='bbox 1230 4456 1376 4528; x_wconf 76' lang='lat' dir='ltr'>integram</span> <span class='ocrx_word' id='word_1_719' title='bbox 1391 4461 1481 4525; x_wconf 83' lang='lat' dir='ltr'>teneo,</span> <span class='ocrx_word' id='word_1_720' title='bbox 1493 4487 1527 4497; x_wconf 93' lang='lat'>·—</span> <span class='ocrx_word' id='word_1_721' title='bbox 1538 4474 1599 4511; x_wconf 92' lang='lat' dir='ltr'>nam</span> <span class='ocrx_word' id='word_1_722' title='bbox 1612 4458 1726 4529; x_wconf 90' lang='lat' dir='ltr'>scriptor</span> <span class='ocrx_word' id='word_1_723' title='bbox 1735 4469 1793 4518; x_wconf 89' lang='lat' dir='ltr'>erat</span> 
     </span>
    </p>
   </div>
   <div class='ocr_carea' id='block_1_13' title="bbox 990 4543 1794 4617">
    <p class='ocr_par' dir='ltr' id='par_1_17' title="bbox 990 4543 1794 4617">
     <span class='ocr_line' id='line_1_91' title="bbox 990 4543 1794 4617; baseline 0.01 -18"><span class='ocrx_word' id='word_1_724' title='bbox 990 4543 1114 4609; x_wconf 84' lang='lat' dir='ltr'>eximius,</span> <span class='ocrx_word' id='word_1_725' title='bbox 1126 4574 1160 4583; x_wconf 91' lang='lat'>-</span> <span class='ocrx_word' id='word_1_726' title='bbox 1170 4544 1278 4600; x_wconf 76' lang='lat' dir='ltr'>vilioris</span> <span class='ocrx_word' id='word_1_727' title='bbox 1293 4561 1419 4617; x_wconf 74' lang='lat' dir='ltr'>personae</span> <span class='ocrx_word' id='word_1_728' title='bbox 1434 4547 1563 4603; x_wconf 81' lang='lat' dir='ltr'>monibus</span> <span class='ocrx_word' id='word_1_729' title='bbox 1571 4562 1615 4602; x_wconf 84' lang='lat' dir='ltr'>me</span> <span class='ocrx_word' id='word_1_730' title='bbox 1626 4548 1739 4605; x_wconf 78' lang='lat' dir='ltr'>subdere</span> <span class='ocrx_word' id='word_1_731' title='bbox 1750 4549 1794 4607; x_wconf 78' lang='lat' dir='ltr'>ds·</span> 
     </span>
    </p>
   </div>
   <div class='ocr_carea' id='block_1_14' title="bbox 991 4634 1793 4706">
    <p class='ocr_par' dir='ltr' id='par_1_18' title="bbox 991 4634 1793 4706">
     <span class='ocr_line' id='line_1_92' title="bbox 991 4634 1793 4706; baseline 0.007 -18"><span class='ocrx_word' id='word_1_732' title='bbox 991 4634 1074 4688; x_wconf 83' lang='lat' dir='ltr'>crevi.</span> <span class='ocrx_word' id='word_1_733' title='bbox 1092 4634 1183 4704; x_wconf 89' lang='lat' dir='ltr'>ltaque</span> <span class='ocrx_word' id='word_1_734' title='bbox 1198 4647 1260 4688; x_wconf 91' lang='lat' dir='ltr'>cnm</span> <span class='ocrx_word' id='word_1_735' title='bbox 1275 4649 1411 4689; x_wconf 90' lang='lat' dir='ltr'>consensu</span> <span class='ocrx_word' id='word_1_736' title='bbox 1426 4634 1512 4705; x_wconf 91' lang='lat' dir='ltr'>ipsius</span> <span class='ocrx_word' id='word_1_737' title='bbox 1526 4635 1696 4706; x_wconf 88' lang='lat' dir='ltr'>imperatoris</span> <span class='ocrx_word' id='word_1_738' title='bbox 1708 4638 1739 4693; x_wconf 88' lang='lat' dir='ltr'>ad</span> <span class='ocrx_word' id='word_1_739' title='bbox 1754 4639 1793 4695; x_wconf 84' lang='lat' dir='ltr'>vi·</span> 
     </span>
    </p>
   </div>
   <div class='ocr_carea' id='block_1_15' title="bbox 915 4722 1790 4794">
    <p class='ocr_par' dir='ltr' id='par_1_19' title="bbox 915 4722 1790 4794">
     <span class='ocr_line' id='line_1_93' title="bbox 915 4722 1790 4794; baseline 0.007 -18"><span class='ocrx_word' id='word_1_740' title='bbox 915 4769 921 4780; x_wconf 87' lang='lat'>.</span> <span class='ocrx_word' id='word_1_741' title='bbox 991 4722 1081 4778; x_wconf 88' lang='lat' dir='ltr'>cirrum</span> <span class='ocrx_word' id='word_1_742' title='bbox 1098 4722 1302 4788; x_wconf 91' lang='lat' dir='ltr'>monasterium,</span> <span class='ocrx_word' id='word_1_743' title='bbox 1319 4723 1392 4794; x_wconf 89' lang='lat' dir='ltr'>quod</span> <span class='ocrx_word' id='word_1_744' title='bbox 1408 4726 1483 4778; x_wconf 85' lang='lat' dir='ltr'>Aura</span> <span class='ocrx_word' id='word_1_745' title='bbox 1506 4724 1669 4791; x_wconf 88' lang='lat' dir='ltr'>nominatur,</span> <span class='ocrx_word' id='word_1_746' title='bbox 1691 4725 1790 4784; x_wconf 80' lang='lat' dir='ltr'>ibilcm</span> 
     </span>
    </p>
   </div>
   <div class='ocr_carea' id='block_1_16' title="bbox 991 4813 1439 4877">
    <p class='ocr_par' dir='ltr' id='par_1_20' title="bbox 991 4813 1439 4877">
     <span class='ocr_line' id='line_1_94' title="bbox 991 4813 1439 4877; baseline -0.002 -14"><span class='ocrx_word' id='word_1_747' title='bbox 991 4813 1104 4877; x_wconf 85' lang='lat' dir='ltr'>episcopa</span> <span class='ocrx_word' id='word_1_748' title='bbox 1115 4816 1213 4875; x_wconf 90' lang='lat' dir='ltr'>pactum</span> <span class='ocrx_word' id='word_1_749' title='bbox 1226 4813 1273 4862; x_wconf 90' lang='lat' dir='ltr'>boe</span> <span class='ocrx_word' id='word_1_750' title='bbox 1286 4813 1372 4864; x_wconf 88' lang='lat' dir='ltr'>initum</span> <span class='ocrx_word' id='word_1_751' title='bbox 1386 4814 1439 4864; x_wconf 86' lang='lat' dir='ltr'>luit.</span> 
     </span>
    </p>
   </div>
   <div class='ocr_carea' id='block_1_17' title="bbox 993 4951 1791 5523">
    <p class='ocr_par' dir='ltr' id='par_1_21' title="bbox 993 4951 1791 5523">
     <span class='ocr_line' id='line_1_95' title="bbox 1025 4951 1788 5014; baseline 0.01 -13"><span class='ocrx_word' id='word_1_752' title='bbox 1025 4951 1091 5001; x_wconf 69' lang='lat' dir='ltr'>‘llic</span> <span class='ocrx_word' id='word_1_753' title='bbox 1103 4952 1128 5001; x_wconf 92' lang='lat' dir='ltr'>in</span> <span class='ocrx_word' id='word_1_754' title='bbox 1140 4951 1232 5003; x_wconf 89' lang='lat' dir='ltr'>codicis</span> <span class='ocrx_word' id='word_1_755' title='bbox 1253 4952 1328 5002; x_wconf 91' lang='lat' dir='ltr'>nostri</span> <span class='ocrx_word' id='word_1_756' title='bbox 1349 4952 1458 5014; x_wconf 77' lang='lat' dir='ltr'>margine</span> <span class='ocrx_word' id='word_1_757' title='bbox 1480 4965 1552 5003; x_wconf 86' lang='lat' dir='ltr'>mann</span> <span class='ocrx_word' id='word_1_758' title='bbox 1570 4952 1653 5004; x_wconf 79' lang='lat' dir='ltr'>saculi</span> <span class='ocrx_word' id='word_1_759' title='bbox 1674 4968 1718 5004; x_wconf 83' lang='lat' dir='ltr'>sur</span> <span class='ocrx_word' id='word_1_760' title='bbox 1739 4955 1788 5008; x_wconf 76' lang='lat' dir='ltr'>lac</span> 
     </span>
     <span class='ocr_line' id='line_1_96' title="bbox 993 5035 1791 5100; baseline 0.008 -15"><span class='ocrx_word' id='word_1_761' title='bbox 993 5035 1115 5086; x_wconf 89' lang='lat' dir='ltr'>adduntur</span> <span class='ocrx_word' id='word_1_762' title='bbox 1128 5050 1134 5085; x_wconf 96' lang='lat'><strong>:</strong></span> <span class='ocrx_word' id='word_1_763' title='bbox 1151 5037 1284 5098; x_wconf 82' lang='lat' dir='ltr'>liupertum</span> <span class='ocrx_word' id='word_1_764' title='bbox 1297 5036 1348 5085; x_wconf 88' lang='lat' dir='ltr'>sibi</span> <span class='ocrx_word' id='word_1_765' title='bbox 1360 5037 1540 5087; x_wconf 85' lang='lat' dir='ltr'>constituerunt</span> <span class='ocrx_word' id='word_1_766' title='bbox 1549 5037 1668 5098; x_wconf 80' lang='lat' dir='ltr'>abbatem,</span> <span class='ocrx_word' id='word_1_767' title='bbox 1682 5044 1791 5100; x_wconf 71' lang='lat' dir='ltr'>gastost</span> 
     </span>
     <span class='ocr_line' id='line_1_97' title="bbox 993 5120 1788 5186; baseline 0.008 -16"><span class='ocrx_word' id='word_1_768' title='bbox 993 5133 1067 5170; x_wconf 86' lang='lat' dir='ltr'>anum</span> <span class='ocrx_word' id='word_1_769' title='bbox 1082 5134 1171 5171; x_wconf 83' lang='lat' dir='ltr'>sanum</span> <span class='ocrx_word' id='word_1_770' title='bbox 1193 5122 1305 5183; x_wconf 75' lang='lat' dir='ltr'>defuncto</span> <span class='ocrx_word' id='word_1_771' title='bbox 1320 5120 1463 5182; x_wconf 80' lang='lat' dir='ltr'>waltonem,</span> <span class='ocrx_word' id='word_1_772' title='bbox 1477 5125 1525 5171; x_wconf 91' lang='lat' dir='ltr'>etc.</span> <span class='ocrx_word' id='word_1_773' title='bbox 1544 5123 1678 5185; x_wconf 75' lang='lat' dir='ltr'>liopertum</span> <span class='ocrx_word' id='word_1_774' title='bbox 1697 5134 1788 5186; x_wconf 78' lang='lat' dir='ltr'>quotus</span> 
     </span>
     <span class='ocr_line' id='line_1_98' title="bbox 993 5205 1788 5269; baseline 0.004 -14"><span class='ocrx_word' id='word_1_775' title='bbox 993 5205 1147 5256; x_wconf 79' lang='lat' dir='ltr'>dermannus</span> <span class='ocrx_word' id='word_1_776' title='bbox 1159 5207 1315 5267; x_wconf 87' lang='lat' dir='ltr'>Contractus,</span> <span class='ocrx_word' id='word_1_777' title='bbox 1335 5209 1360 5256; x_wconf 89' lang='lat' dir='ltr'>et</span> <span class='ocrx_word' id='word_1_778' title='bbox 1381 5210 1431 5256; x_wconf 89' lang='lat' dir='ltr'>tres</span> <span class='ocrx_word' id='word_1_779' title='bbox 1452 5206 1567 5256; x_wconf 86' lang='lat' dir='ltr'>abbatum</span> <span class='ocrx_word' id='word_1_780' title='bbox 1580 5206 1684 5269; x_wconf 77' lang='lat' dir='ltr'>catalogi</span> <span class='ocrx_word' id='word_1_781' title='bbox 1696 5209 1788 5263; x_wconf 82' lang='lat' dir='ltr'>saecrtis</span> 
     </span>
     <span class='ocr_line' id='line_1_99' title="bbox 993 5290 1788 5356; baseline 0.01 -19"><span class='ocrx_word' id='word_1_782' title='bbox 993 5302 1086 5352; x_wconf 84' lang='lat' dir='ltr'>xr,xrr,</span> <span class='ocrx_word' id='word_1_783' title='bbox 1098 5304 1142 5340; x_wconf 83' lang='lat' dir='ltr'>xrrr</span> <span class='ocrx_word' id='word_1_784' title='bbox 1163 5290 1295 5354; x_wconf 87' lang='lat' dir='ltr'>conscripti</span> <span class='ocrx_word' id='word_1_785' title='bbox 1315 5290 1442 5341; x_wconf 88' lang='lat' dir='ltr'>abbatibus</span> <span class='ocrx_word' id='word_1_786' title='bbox 1462 5293 1488 5341; x_wconf 90' lang='lat' dir='ltr'>S.</span> <span class='ocrx_word' id='word_1_787' title='bbox 1510 5291 1572 5341; x_wconf 87' lang='lat' dir='ltr'>Galli</span> <span class='ocrx_word' id='word_1_788' title='bbox 1592 5296 1788 5356; x_wconf 84' lang='lat' dir='ltr'>annumerant,a</span> 
     </span>
     <span class='ocr_line' id='line_1_100' title="bbox 994 5373 1788 5440; baseline 0.008 -18"><span class='ocrx_word' id='word_1_789' title='bbox 994 5373 1080 5437; x_wconf 86' lang='lat' dir='ltr'>qulbus</span> <span class='ocrx_word' id='word_1_790' title='bbox 1092 5387 1105 5425; x_wconf 88' lang='lat' dir='ltr'>e</span> <span class='ocrx_word' id='word_1_791' title='bbox 1117 5381 1202 5425; x_wconf 88' lang='lat' dir='ltr'>contra</span> <span class='ocrx_word' id='word_1_792' title='bbox 1214 5376 1412 5427; x_wconf 84' lang='lat' dir='ltr'>constantienses</span> <span class='ocrx_word' id='word_1_793' title='bbox 1424 5376 1551 5440; x_wconf 87' lang='lat' dir='ltr'>episcopos</span> <span class='ocrx_word' id='word_1_794' title='bbox 1560 5374 1688 5440; x_wconf 80' lang='lat' dir='ltr'>loannem,</span> <span class='ocrx_word' id='word_1_795' title='bbox 1701 5376 1788 5440; x_wconf 69' lang='lat' dir='ltr'>ligini-</span> 
     </span>
     <span class='ocr_line' id='line_1_101' title="bbox 995 5459 1423 5523; baseline 0.009 -15"><span class='ocrx_word' id='word_1_796' title='bbox 995 5468 1062 5523; x_wconf 90' lang='lat' dir='ltr'>nem,</span> <span class='ocrx_word' id='word_1_797' title='bbox 1077 5463 1101 5509; x_wconf 90' lang='lat' dir='ltr'>et</span> <span class='ocrx_word' id='word_1_798' title='bbox 1112 5459 1272 5511; x_wconf 87' lang='lat' dir='ltr'>wottteozun</span> <span class='ocrx_word' id='word_1_799' title='bbox 1284 5459 1423 5512; x_wconf 87' lang='lat' dir='ltr'>excludunt.</span> 
     </span>
    </p>
   </div>
   <div class='ocr_carea' id='block_1_18' title="bbox 0 0 1928 6098">
    <p class='ocr_par' dir='ltr' id='par_1_22' title="bbox 0 0 1928 6098">
     <span class='ocr_line' id='line_1_102' title="bbox 0 0 1928 6098; baseline 0 0"><span class='ocrx_word' id='word_1_800' title='bbox 0 0 1928 6098; x_wconf 95' lang='lat' dir='ltr'> </span> 
     </span>
    </p>
   </div>
  </div>
 </body>
</html>
