3794 6104
114 112 164 171 2⁹

888 104 1078 165 EPISTOIAE.
1759 118 1794 171 30

117 230 319 305 apostolicam
333 233 428 289 sedem
449 232 529 288 nobis
549 233 612 288 inde
633 240 674 289 est
692 232 897 290 recurrendum.
916 232 944 288 Si
959 232 1101 292 Atissime
1124 232 1286 307 redargutus
1307 232 1356 303 fai,
1378 250 1429 291 cur
1451 202 1669 309 incorrigibilem
1692 244 1718 293 et
1740 236 1795 292 mi-

116 322 221 379 etiam
238 322 275 379 de
289 320 440 392 maj0ribus
455 321 545 377 causis
559 338 573 376 a
589 321 748 393 provinciali
764 323 893 393 episcopo
908 322 943 376 ad

114 411 294 467 electomrm
312 411 442 479 judicium
467 427 521 465 noa
550 410 630 465 luerit
653 419 840 481 provocatum,
867 419 893 463 et
916 411 944 464 in

113 500 233 572 aliqua
249 516 331 555 eausa
346 500 420 553 idem
443 499 587 570 episcopus
602 499 683 553 tuerit
694 486 844 568 judicatus,
861 499 887 553 id
903 507 945 553 est

114 605 143 646 a
160 590 262 659 gradu
279 605 328 643 suo
342 588 370 642 in
395 587 617 657 comprovinciali
641 589 745 658 synodo
769 589 900 656 (laicales,
918 595 944 642 et

114 685 213 751 putat
229 693 261 731 se
277 678 377 732 bonam
401 692 510 731 causam
536 677 647 743 babere,
664 683 689 730 et
709 676 883 747 appellaverit
899 676 944 747 «pri

118 765 261 833 dejectas
286 774 339 828 est,
365 773 391 819 et
414 764 567 836 contugerit
583 766 617 818 ael
641 764 797 834 episcopum
813 766 944 819 Romanae

115 853 282 919 Ecclesiae,
300 863 327 908 et
342 852 457 909 voluerit
473 870 502 907 se
519 853 607 907 audiri
624 872 630 907 :
657 855 679 906 si
690 855 794 922 iustum
811 853 944 923 putauerit

119 951 157 998 ut
173 949 332 998 renovetur
353 959 476 1007 examen,
502 942 675 997 scribendum
701 951 741 996 est
764 943 797 995 ab
821 942 881 999 liis,
899 940 944 1012 qui

119 1047 249 1087 causam
287 1031 477 1086 examinarunt
511 1038 573 1100 post
605 1030 737 1098 jrulieinm
765 1030 953 1100 episcopale,

121 1120 227 1174 eidem
250 1135 360 1174 summo
384 1118 515 1189 pontilici,
540 1119 622 1173 etad
645 1117 715 1171 illius
739 1118 944 1187 dispositionem

124 1209 294 1264 seeundum
317 1206 462 1278 septimum
488 1206 660 1262 sardicensis
675 1206 782 1261 concilii
799 1206 944 1276 capitulum

123 1296 321 1352 renovabitur
344 1311 469 1350 examen.
504 1296 573 1349 Nam
601 1295 635 1349 de
658 1294 868 1364 metropolitano
895 1310 945 1364 per

127 1402 232 1440 sacras
248 1385 359 1456 regulas
374 1385 527 1452 constituto,
552 1384 596 1455 qui
612 1400 644 1437 er
666 1384 776 1454 antiqua
795 1391 944 1437 eonsuetu-

129 1474 203 1528 dine
220 1473 255 1527 ab
273 1473 423 1543 apostoliea
438 1472 502 1526 sede
515 1471 626 1542 pallium
642 1471 749 1541 accipit,
763 1471 833 1527 sicat
848 1471 944 1526 Leoad

994 320 1106 376 nisterio
1129 338 1206 377 sacro
1228 322 1349 378 inutilem
1371 322 1464 378 tandiu
1488 324 1607 381 scienter
1630 334 1727 382 contra
1742 326 1794 382 Dei

994 409 1159 465 voluntatem
1183 421 1209 465 ct
1234 428 1339 466 sacram
1354 414 1543 468 auctoritatem
1565 422 1714 484 portarem.
1730 415 1791 486 Ego

994 514 1070 564 vero,
1088 499 1210 570 quiamris
1226 501 1376 571 saepissime
1401 511 1427 557 et
1447 519 1550 575 regem,
1568 512 1594 557 et
1613 504 1793 575 coepiscopos

993 602 1025 641 ac
1039 586 1143 641 ricinos
1158 604 1231 651 siros,
1258 597 1283 642 et
1308 589 1388 644 etiarn
1410 606 1453 644 me
1477 590 1563 646 multo
1591 592 1700 662 sapius,
1718 593 1795 663 quasi

995 675 1138 730 eustadio
1162 676 1195 731 ad
1220 676 1384 732 iracundiam
1411 694 1561 749 provocare
1587 687 1743 753 satageret,
1760 681 1796 735 li-

993 771 1036 819 cet
1064 780 1120 817 non
1146 773 1248 835 posset,
1278 766 1367 820 sciens
1395 767 1656 837 periculosissimum
1685 769 1797 824 esseio

994 852 1137 907 sacerdote
1162 853 1350 924 perturbatam
1373 863 1397 909 et
1421 856 1587 926 praecipitem
1611 857 1698 923 iram,
1725 873 1794 928 prae·

993 941 1156 1013 cipitcmque
1180 940 1306 1012 prolerre
1331 944 1500 1005 sententiam,
1526 953 1551 997 et
1574 945 1795 1014 persecutionum

994 1030 1121 1099 supplere
1137 1030 1276 1093 saevitiam,
1303 1031 1536 1086 dissimilitudines
1561 1048 1681 1099 morum,
1698 1042 1797 1089 contu-

994 1119 1097 1173 macias
1114 1118 1337 1179 inobedientium,
1363 1128 1387 1173 et
1409 1119 1589 1191 malignarum
1613 1121 1667 1176 tela
1685 1122 1797 1193 lingua-

994 1223 1064 1275 rum,
1081 1207 1127 1261 diu
1144 1207 1219 1260 illum
1234 1223 1288 1261 non
1303 1208 1361 1262 sine
1387 1207 1485 1263 timere
1508 1209 1542 1263 de
1557 1209 1678 1279 periculo
1689 1210 1795 1264 anima·

994 1311 1052 1348 rum
1076 1294 1127 1348 sibi
1156 1295 1361 1350 commissarum
1390 1297 1503 1366 portavi,
1538 1306 1566 1351 et
1592 1314 1652 1351 curn
1681 1297 1798 1368 amplius

994 1391 1105 1453 portare
1121 1399 1175 1437 non
1192 1383 1284 1445 debui,
1294 1385 1329 1438 ad
1339 1384 1518 1454 plurimorum
1529 1385 1719 1456 episcoporum
1736 1401 1800 1441 con-

994 1471 1095 1537 cilium,
1121 1481 1149 1525 ut
1173 1472 1215 1527 vel
1241 1489 1288 1527 eos
1313 1473 1427 1540 audiret,
1451 1472 1550 1528 deduxi
1576 1490 1715 1544 :quorum
1744 1489 1799 1529 non

130 1563 328 1626 Anastasium,
345 1561 418 1632 quod
444 1569 470 1614 et
486 1561 626 1615 Nicaenum
642 1560 787 1615 concilium
805 1559 901 1618 innuit.
919 1566 945 1615 et
959 1560 1092 1654 Baudire
1107 1560 1260 1626 eonsilium,
1277 1562 1325 1615 sed
1341 1562 1485 1616 adversum
1501 1578 1544 1617 me
1571 1563 1712 1632 postulare
1724 1563 1798 1632 judi·

127 1651 229 1706 caeteri
245 1651 376 1705 Romana.
390 1648 463 1703 sedis
485 1646 627 1718 pontifices
651 1649 678 1702 in
699 1648 817 1703 decretis
840 1647 897 1701 suis
913 1664 945 1702 ex
995 1649 1067 1703 rium
1081 1650 1185 1703 maluit.
1212 1650 1253 1704 dd
1276 1650 1353 1718 cujus
1378 1651 1535 1720 petitionem
1561 1659 1588 1705 ut
1608 1651 1633 1705 ei
1655 1650 1798 1707 satisface-

131 1739 227 1794 sacris
253 1737 405 1794 canonibus
424 1744 585 1802 monstrant,
609 1737 682 1791 sedis
704 1737 790 1807 ipsius
811 1734 945 1806 pontificis
995 1753 1063 1803 rem,
1081 1745 1109 1791 ot
1123 1737 1166 1792 rel
1181 1738 1220 1793 sic
1244 1738 1427 1803 enrbesceret,
1453 1747 1478 1793 et
1500 1756 1514 1793 a
1539 1749 1628 1811 empta
1644 1756 1673 1794 sc
1689 1739 1798 1794 stultitia

132 1827 222 1882 etiam
248 1835 312 1881 aute
332 1826 464 1895 judicium
487 1833 527 1879 est
552 1825 685 1879 sententia
708 1823 901 1894 prestolando.
920 1825 945 1877 ls
996 1834 1146 1890 resecaret,
1166 1826 1269 1895 jndicio
1296 1844 1341 1881 me
1366 1827 1485 1895 devinxi,
1514 1828 1588 1882 relat
1614 1829 1669 1896 jam
1700 1837 1799 1883 restrae

135 1917 210 1970 enim
227 1925 270 1969 est
287 1915 332 1987 qui
348 1915 497 1969 secundum
520 1913 690 1968 Ezechielem
708 1914 867 1983 proplietam
883 1928 944 1966 mo·
996 1914 1130 1968 sanctitati
1144 1914 1251 1984 plenius
1268 1915 1328 1969 aliis
1353 1915 1448 1969 litteris
1472 1916 1607 1982 intimari,
1624 1926 1650 1970 et
1666 1917 1800 1987 replicare

136 2013 214 2059 ratur
229 2005 259 2058 in
281 2003 478 2076 gazophylacio
503 2003 576 2074 (prod
600 2001 710 2072 respicit
727 2002 795 2055 riam
812 2001 944 2056 meridia·
995 2018 1039 2057 me
1054 2019 1104 2073 pro
1120 2011 1216 2058 restrae
1232 2003 1399 2059 auctoritatis
1416 2002 1597 2059 satisfactione
1613 2005 1686 2075 cogit
1700 2020 1799 2060 ncces-

137 2108 200 2148 aam
215 2101 243 2147 et
268 2092 381 2147 excubat
398 2092 425 2144 in
441 2091 569 2146 custodiis
585 2091 677 2160 templi
693 2091 803 2161 (asem.
821 2106 869 2151 rr..
887 2089 943 2160 lb).
995 2091 1069 2156 sitas,
1088 2098 1116 2143 ut
1126 2092 1301 2162 cognoscatis
1313 2092 1439 2162 quoniam
1455 2091 1520 2146 nihil
1532 2093 1560 2146 in
1571 2109 1631 2146 eum
1648 2093 1693 2164 egi
1709 2093 1800 2147 animo

140 2182 171 2236 Et
194 2198 248 2235 nos
274 2180 476 2250 metropolitani
498 2179 532 2233 ad
557 2178 789 2249 comparationem
812 2178 883 2231 illius
900 2195 944 2231 su·
995 2178 1114 2247 inimice,
1140 2179 1189 2233 sed
1214 2180 1273 2235 zelo
1296 2179 1397 2245 (lirino,
1422 2188 1553 2251 ‹prantum
1579 2180 1605 2234 in
1629 2181 1798 2236 conscientia

142 2286 199 2325 mus
214 2270 263 2341 qui
279 2272 308 2322 in
323 2268 476 2323 ministerio
491 2267 594 2335 altaris,
619 2267 691 2338 quod
708 2275 748 2321 est
770 2274 832 2320 ante
847 2266 943 2322 taciem
994 2284 1054 2345 mea
1068 2268 1227 2338 perspicere
1249 2268 1336 2323 raico.
1363 2269 1417 2323 Sed
1441 2278 1466 2323 et
1481 2269 1582 2324 domno
1598 2269 1666 2341 regi,
1691 2285 1723 2325 ac
1739 2270 1797 2340 epi-

143 2358 242 2428 templi,
271 2357 299 2411 in
321 2372 375 2428 quo
400 2372 496 2411 earnes
520 2355 716 2420 incenduntur,
741 2354 891 2420 servimus,
918 2362 945 2409 et
994 2356 1084 2427 scopis
1098 2356 1177 2427 regni
1192 2357 1260 2424 ejus,
1284 2365 1310 2411 et
1334 2356 1540 2428 qrranrplurimis
1564 2366 1617 2411 tam
1634 2357 1798 2413 ecelesiasti-

145 2445 344 2501 contrarersias
367 2445 515 2500 carnalium
540 2445 567 2497 in
592 2443 704 2514 synodis
732 2442 944 2513 provincialibus
994 2445 1033 2500 cis
1049 2460 1128 2515 quam
1144 2445 1317 2500 sacretariam
1333 2445 1408 2513 viris,
1419 2447 1476 2499 bac
1492 2452 1554 2499 snnt
1570 2454 1632 2500 nota
1647 2463 1708 2516 qum
1724 2446 1796 2501 dica.

146 2535 295 2589 laborantes
319 2533 491 2598 dirimimus,
522 2540 547 2587 et
573 2533 606 2586 dc
631 2531 778 2601 majoribus
804 2547 836 2587 ac
859 2532 943 2599 majo·
993 2532 1055 2588 Post
1079 2533 1278 2603 depositionem
1297 2542 1387 2587 autem
1416 2532 1496 2601 illius,
1527 2533 1629 2587 obtinui
1658 2543 1686 2588 ut
1714 2550 1795 2588 anam

148 2640 200 2677 mm
228 2621 321 2678 causis
349 2623 383 2676 ad
415 2638 528 2675 eramen
567 2637 680 2674 summae
708 2620 781 2674 sedis
809 2619 943 2690 pontilicis
993 2622 1129 2676 abbatiam
1150 2621 1230 2676 valde
1254 2622 1352 2675 bonam
1375 2621 1400 2676 ei
1424 2622 1540 2676 domnus
1566 2638 1613 2676 rex
1637 2613 1801 2694 aepiscopi

146 2721 200 2782 post
211 2711 348 2780 judicium
363 2709 465 2765 referre
489 2726 626 2765 curramus.
652 2709 781 2762 Homines
806 2708 878 2762 enim
893 2708 943 2762 sub
992 2711 1187 2775 consentirent,
1204 2718 1230 2764 et
1249 2726 1344 2765 omnes
1359 2726 1409 2764 nos
1425 2709 1462 2764 illi
1478 2711 1550 2766 sicut
1568 2711 1637 2782 patri
1653 2712 1687 2766 de
1702 2712 1802 2766 nastris

146 2800 209 2854 illius
234 2806 370 2871 potestate
395 2799 445 2852 sub
469 2798 547 2852 nobis
570 2797 769 2852 commilitones
789 2796 940 2860 babemus,
993 2797 1137 2868 impendiis
1161 2799 1347 2853 serviremus:
1365 2809 1497 2871 quatenus
1523 2799 1569 2871 qui
1593 2800 1621 2854 in
1636 2799 1742 2856 deliciis
1757 2801 1800 2855 vi-

147 2895 167 2941 et
193 2888 311 2943 dicimus
339 2887 403 2942 huic
431 2886 500 2941 rado
529 2895 555 2939 et
584 2886 675 2953 radit,
702 2893 728 2939 et
751 2884 805 2938 alie
830 2885 891 2939 reni
916 2893 942 2938 et
995 2895 1055 2953 tam
1076 2903 1185 2957 semper
1209 2887 1379 2957 perdura-erat,
1405 2904 1460 2942 aaa
1487 2886 1670 2960 frangeretur.
1687 2888 1802 2943 Tantum

147 2977 381 3048 renitzquoniam
411 2983 439 3029 ut
468 2976 521 3029 Leo
551 2975 613 3029 dieit
631 2976 724 3046 (epist.
751 2948 1394 3045 illaudatos<-Cnt3seditipsusatrnorasma
1423 2975 1554 3031 Ecclesiae
1583 2977 1626 3031 eui
1650 2974 1799 3046 praefuerat

147 3068 272 3133 storiam)
290 3083 296 3118 :
317 3085 327 3113 ι
346 3064 380 3117 Et
409 3064 480 3117 inter
504 3062 676 3116 beatissimos
701 3061 839 3131 apostolos
863 3060 890 3114 in
906 3059 945 3114 si·
996 3080 1057 3118 esse
1071 3079 1126 3118 non
1140 3064 1303 3119 decertaret.
1331 3063 1409 3133 Quod
1426 3065 1544 3134 primum
1560 3063 1799 3136 qtridemacquie-

148 3153 292 3208 militudine
315 3152 426 3206 honoris
450 3150 498 3205 luit
520 3151 645 3221 quiedam
669 3150 940 3221 discretiopotesta-
996 3153 1045 3221 pit,
1061 3152 1169 3221 Sed,3ut
1191 3152 1283 3221 <laura
1301 3143 1467 3229 «puibeegse
1494 3152 1563 3206 scire
1584 3160 1724 3219 testantur,
1742 3153 1802 3223 qui-

148 3241 186 3307 b‘s,
209 3251 321 3297 etcum
346 3241 467 3295 omnium
490 3255 540 3309 par
563 3247 636 3293 esset
659 3237 832 3323 electio„uni
851 3245 947 3293 tamea

149 3330 234 3384 datum
257 3337 298 3383 est
324 3336 352 3382 ut
376 3327 482 3384 cateris
493 3328 689 3398 praeemineret.
716 3328 756 3380 ne
782 3342 832 3396 qua
858 3324 947 3380 torma

149 3418 331 3489 episcoporum
356 3433 464 3489 quoqne
488 3425 547 3471 orta
571 3424 612 3470 est
635 3414 781 3477 distinctio,
807 3421 834 3467 et
847 3430 946 3485 magna

148 3507 310 3561 ordinatiane
327 3504 477 3576 provisum,
503 3521 537 3558 ne
562 3520 660 3558 omnes
686 3503 736 3556 sibi
752 3503 841 3557 anania
857 3503 946 3557 uindi-

148 3602 242 3659 carent,
270 3595 321 3649 sed
344 3602 437 3649 essent
463 3593 489 3646 in
514 3592 628 3661 singulis
653 3590 803 3662 provinciis
827 3589 947 3661 singuli,

148 3698 256 3754 quorum
278 3684 349 3736 inter
364 3681 460 3735 tratres
475 3681 621 3735 baberetur
646 3679 732 3750 prima
749 3679 902 3744 sententia,
921 3688 947 3733 et

147 3786 189 3841 per
211 3787 280 3842 quos
309 3771 342 3824 ad
368 3785 450 3823 uuam
474 3769 544 3823 beati
567 3769 638 3822 Petri
661 3769 754 3822 sedem
786 3767 948 3821 uniuersalis

995 3240 1059 3310 dan,
1074 3230 1495 3311 episeopommaregni'brittiani
1515 3239 1573 3293 zelo
1593 3255 1686 3294 amaro
1702 3246 1798 3295 eontra

996 3343 1046 3382 nos
1061 3327 1144 3391 ducti,
1162 3328 1223 3398 quia
1248 3327 1356 3381 illorum
1380 3327 1501 3382 consiliis
1526 3327 1560 3381 de
1578 3327 1728 3381 ll'aldrada
1742 3343 1797 3381 noa

996 3416 1190 3487 acquievimus,
1208 3423 1235 3470 et
1258 3415 1339 3470 etiam
1363 3414 1447 3486 aliqui
1463 3415 1497 3469 de
1512 3415 1668 3485 Germania,
1689 3423 1717 3469 at
1732 3415 1796 3487 qui-

996 3504 1060 3559 dam
1075 3504 1177 3571 dicunt,
1200 3504 1233 3558 ad
1249 3503 1377 3559 Lurlorici
1393 3504 1434 3558 sui
1457 3504 1531 3573 regis
1546 3504 1710 3571 suasionem,
1727 3521 1798 3576 quo·

997 3593 1068 3648 niam
1083 3609 1146 3647 cum
1160 3609 1193 3647 eo
1207 3608 1261 3646 non
1277 3590 1329 3647 leci
1344 3592 1412 3647 sicut
1435 3593 1575 3648 Rotbadus
1599 3593 1626 3647 in
1655 3592 1745 3648 fratris
1761 3592 1802 3648 sui

997 3682 1031 3736 de
1047 3696 1132 3752 regno
1147 3680 1323 3752 expulsione,
1340 3690 1537 3751 persuaserunt
1553 3681 1642 3736 eidem
1668 3682 1801 3752 Rotbado,

997 3778 1094 3824 utnon
1110 3786 1139 3824 se
1155 3784 1171 3823 a
1186 3769 1318 3824 seditione
1343 3769 1478 3824 movenda
1502 3769 1691 3837 eone-rederet,
1708 3780 1735 3824 et
1748 3771 1803 3841 ipsi

147 3859 271 3914 Ecclesiae
286 3875 352 3914 cura
366 3859 525 3924 contlueret,
543 3865 567 3910 et
584 3857 651 3910 nibil
671 3872 787 3926 usquam
803 3871 819 3908 a
837 3871 885 3908 suo
900 3872 948 3909 ea·
998 3859 1069 3929 apud
1085 3873 1134 3911 vos
1148 3857 1300 3913 obtinerent
1324 3866 1353 3912 at
1376 3858 1574 3912 restitueretur.
1597 3860 1675 3913 Nemo
1699 3868 1798 3922 autem,

146 3947 194 4017 pite
208 3945 422 4015 dissideretQui
438 3963 505 4019 ergo
520 3946 571 4000 seit
588 3963 617 3999 se
633 3944 797 4017 quibusdam
814 3944 947 4014 praeposi·
999 3947 1068 4002 sicut
1079 3947 1209 4016 jussistis,
1226 3947 1260 4000 ad
1276 3955 1394 4002 rostram
1410 3947 1584 4016 praesentiam
1604 3955 1629 4000 et
1645 3947 1800 4017 dispositio·

147 4051 206 4104 tum,
223 4062 277 4100 non
294 4045 410 4099 moleste
424 4045 495 4098 l'erre
508 4043 590 4098 debet
602 4043 720 4114 aliquem
733 4042 783 4095 sibi
798 4058 859 4095 esse
875 4058 949 4111 prm-
998 4061 1059 4099 nem
1075 4045 1150 4098 illum
1173 4043 1288 4115 perduci
1310 4044 1381 4115 apud
1406 4045 1535 4099 domuum
1562 4051 1685 4100 nostrum
1705 4061 1801 4117 regam

146 4141 312 4196 latumzsed
337 4141 520 4196 obedientiam
555 4156 635 4211 qiram
659 4139 753 4212 erigit,
783 4138 862 4193 etiam
891 4138 949 4208 ipse
999 4140 1084 4195 tilium
1109 4148 1228 4194 restrum
1251 4140 1431 4208 obtinuimus,
1461 4140 1607 4194 credentes
1637 4139 1701 4211 quia
1728 4140 1802 4211 qtrod

147 4230 284 4303 delenda&
305 4254 316 4278 t
335 4229 422 4299 eram
448 4230 591 4285 ROlhffllUS
606 4246 620 4282 ³
637 4229 694 4282 ⁵⁰5⁵
713 4228 824 4297 Qllis‘sssss
839 4226 945 4299 magis,
1000 4238 1115 4293 Domino
1129 4237 1193 4291 inde
1208 4236 1368 4308 placabilius
1392 4237 1451 4303 erit,
1463 4236 1538 4293 cordi
1555 4245 1644 4292 restro
1660 4237 1796 4306 inspirare

147 4336 216 4390 llnam
233 4320 320 4375 ⁵³⁰?ss
346 4319 449 4392 ¹'¹¹ill¹¹i⁵
474 4318 572 4390 ὅῧῗθὲῑῑ
598 4317 764 4388 (ῙθΡθῦῐῙθΓθ,
788 4333 850 4369 ⁰¹1OE
867 4315 944 4370 ⁰¹i¹¹ffl
962 4305 1167 4398 Ddignannor.
1184 4327 1224 4380 De
1248 4342 1302 4395 ipro
1317 4325 1377 4395 qnia
1394 4325 1588 4397 benignissima
1611 4324 1732 4395 dignatio
1748 4340 1798 4379 ve-

147 4409 224 4463 saaeti
239 4407 331 4480 angeli
353 4407 381 4460 in
404 4406 474 4461 coelo
488 4406 614 4478 legantur
647 4406 704 4459 suis
718 4404 869 4475 potioribus
884 4404 949 4457 obe-

147 4496 210 4551 dire.
227 4498 260 4550 Et
276 4497 338 4551 ideo
354 4497 388 4550 ad
410 4497 461 4551 lroc
477 4495 601 4565 pervenit
616 4502 644 4546 ut
662 4494 743 4563 dejici
757 4492 948 4563 promeruerit,

146 4602 219 4656 quem
234 4602 285 4656 per
308 4585 400 4655 plures
424 4600 510 4638 annos
533 4592 557 4638 et
589 4582 733 4637 beneficiis
757 4582 897 4652 impensis,
923 4597 948 4642 cr

146 4675 248 4727 monitis
270 4681 353 4744 atquo
376 4672 622 4731 obsecrationibus,
647 4687 697 4741 per
721 4686 764 4724 me
789 4679 815 4724 et
837 4686 886 4740 per
901 4685 947 4723 co·

145 4762 293 4833 episcopos,
310 4777 343 4816 aa
369 4778 419 4832 per
440 4777 618 4831 ‹patescunque
644 4759 791 4813 familiares
810 4759 894 4829 potui,
912 4758 946 4812 ad

146 4851 324 4906 obediendum
340 4849 425 4904 sacris
440 4849 542 4919 regulis
564 4863 740 4903 commonere
756 4847 857 4901 circavi.
876 4846 946 4899 llut-

146 4939 217 4993 toties
246 4939 329 4994 etiam
353 4947 379 4992 et
402 4954 451 5007 per
465 4937 569 4991 litteras
592 4935 827 5006 metropolitanas,
858 4943 883 4987 et
912 4951 945 4988 cx

144 5029 297 5098 apostolicae
312 5027 387 5081 sedis
402 5027 572 5091 auctoritate,
591 5025 679 5078 urinas
696 5024 721 5078 ei
741 5023 879 5078 inculeare
894 5040 944 5077 en-

145 5116 207 5180 rari,
233 5124 259 5170 et
282 5132 314 5170 ex
345 5114 462 5171 lectione
491 5114 686 5169 catholicorum
716 5128 797 5183 (priam
826 5112 945 5181 grauiter

144 5203 292 5260 offendebat
308 5205 333 5259 ei
358 5203 501 5258 ostendere
526 5202 634 5267 studui;
659 5202 693 5254 ad
717 5217 777 5271 qua
795 5200 943 5271 responde-

142 5292 193 5363 bat,
209 5294 272 5365 quia
292 5292 361 5348 nibil
387 5291 460 5346 aliud
484 5290 575 5346 facere
601 5291 730 5356 sciebam,
753 5289 805 5343 nisi
827 5289 851 5343 ei
867 5305 943 5343 meos

142 5379 244 5436 libellos
260 5390 313 5437 tota
327 5381 374 5434 die
389 5380 543 5433 ostendere.
558 5380 635 5434 Unde
646 5396 661 5432 a
672 5378 763 5432 multis
779 5386 805 5431 et
815 5377 943 5447 trequen-

1000 4424 1057 4469 stra
1072 4415 1137 4467 milri
1152 4430 1231 4469 servo
1246 4430 1296 4484 per
1311 4413 1460 4467 Laidonem
1475 4415 1586 4485 dignata
1601 4420 1643 4466 est
1666 4412 1798 4479 scribere,

999 4512 1026 4557 ut
1039 4505 1132 4572 juncto
1147 4504 1211 4556 mihi
1235 4503 1340 4573 integro
1365 4502 1481 4572 collegio
1505 4499 1632 4567 fratrum,
1649 4501 1800 4556 secundum

999 4593 1108 4647 mollum
1131 4592 1169 4646 ibi
1191 4591 1367 4661 descriptum,
1394 4598 1483 4643 restra
1507 4589 1657 4659 apostolica
1682 4606 1799 4645 censura

998 4676 1093 4737 fretus,
1111 4677 1249 4731 studerem
1265 4675 1340 4728 illum
1354 4672 1469 4743 pristino
1484 4673 1655 4746 reintegrare
1669 4675 1800 4730 decenter

998 4767 1086 4822 allicio
1102 4783 1109 4818 t
1126 4766 1192 4821 sciat
1205 4761 1423 4818 reverentissima
1440 4770 1466 4816 ct
1481 4763 1668 4817 amantissime
1683 4763 1799 4818 colenda

996 4855 1156 4910 dulcissima
1176 4862 1264 4908 restra
1287 4851 1443 4922 paternitas,
1470 4852 1522 4908 hoc
1538 4868 1581 4906 me
1596 4869 1679 4924 agere
1700 4852 1799 4923 nequi-

996 4945 1078 5007 risse,
1095 4958 1145 5013 pro
1160 4943 1201 4995 lris
1217 4957 1277 5011 qrrae
1291 4939 1463 4994 continentur
1477 4940 1504 4994 ia
1520 4941 1647 4996 subditis.
1665 4939 1800 4995 Videlicet

995 5029 1058 5101 quia
1072 5043 1133 5081 eum
1149 5025 1246 5078 litteris
1261 5024 1295 5077 ad
1319 5032 1438 5078 rostram
1460 5025 1646 5080 alletoritatem
1668 5022 1800 5078 deleren-
1888 5092 1890 5096 .

995 5118 1038 5171 dis
1053 5118 1124 5170 idem
1141 5113 1278 5169 llotlradus
1292 5114 1348 5182 jam
1364 5114 1527 5169 commissus
1542 5121 1601 5167 erat
1626 5112 1676 5179 eis,
1702 5113 1749 5184 qui
1764 5114 1800 5168 ad

994 5213 1113 5260 vestram
1128 5202 1301 5272 praesentiam
1328 5201 1402 5257 illum
1423 5203 1607 5267 ‹ledueerent,
1624 5201 1729 5255 etmihi
1744 5217 1799 5255 aaa

994 5302 1053 5349 orat
1074 5290 1205 5362 possibile
1229 5290 1365 5364 integrum
1390 5291 1503 5344 fratrum
1528 5288 1675 5362 collegium
1697 5305 1799 5346 conro-

994 5397 1056 5436 eare
1074 5397 1080 5434 ε
1097 5378 1235 5451 quomam,
1262 5388 1288 5433 ut
1311 5394 1391 5450 supra
1416 5378 1523 5446 scripsi,
1540 5394 1557 5431 a
1577 5377 1688 5433 dimcesi
1703 5384 1796 5430 nostra
