3794 6104
133 230 185 284 'lt'l
739 223 886 279 tatutis
914 223 1009 276 l'Al‘AE
1040 224 1107 276 l'lll.
1732 218 1779 272 ita

172 352 301 423 Sergiam
323 352 454 407 Ecclesia
474 352 522 406 Det
546 351 653 404 hostem
669 364 677 398 .·
694 347 826 402 hortatur
849 351 883 400 ut
898 348 929 400 ta
944 349 1009 407 Aet
1024 345 1185 399 salvatorem
1216 342 1309 396 inuridi
1324 350 1404 412 atque
1419 357 1485 413 erga
1506 338 1663 395 Ecclesiam
1685 339 1778 394 Christi

170 422 228 477 ‘15⁶⁸
240 424 384 494 maqt’spro
400 420 530 476 Εΰθῖθδῐίῑ
539 420 592 473 ⁸505
602 417 929 485 0⁰'lllnt'lloedsss‘3ml'0n0
983 432 1120 492 ferveatis,
1137 432 1197 486 lucc
1212 430 1310 486 clarius
1321 445 1385 484 ecoe
1394 429 1600 500 cognoscimus,
1619 443 1683 482 cum
1704 434 1776 481 tante

176 492 291 557 laboret,
313 495 430 547 Petrum
444 491 595 545 diaconam
609 490 635 543 et
649 487 837 544 commendat.

172 579 408 635 honorandissimo
416 585 442 631 et
452 576 623 631 sanctissimo
633 579 796 630 Aretissam
803 573 932 644 episcopo

137 675 238 743 sanctae
252 664 680 734 EcclesioeNeapolitanaedilecto
686 661 817 718 confratri
827 671 931 714 nostro.

172 756 332 808 lnnumeras
346 751 497 822 gratiarnm
511 751 632 805 actiones
647 758 746 804 sestrae
753 751 810 804 Dco
825 748 932 802 dilectae

136 842 242 912 agimus
257 839 533 910 almitati,dignisque
548 836 698 908 apostolico
715 852 763 891 uos
779 851 827 889 oue
844 834 931 889 laudi-

136 929 187 982 bus
202 927 379 998 praedatoris
394 926 491 980 merito
507 925 702 982 collaudamus.
732 923 861 994 quoniam
886 938 932 976 se-

135 1017 254 1073 cundum
270 1015 377 1070 Domini
389 1030 484 1069 uocem
498 1014 613 1068 dicentis
629 1014 672 1068 :Si
688 1015 786 1067 ocutus
802 1016 876 1074 taus,
891 1012 932 1065 oet

134 1121 237 1160 manus
253 1109 302 1159 tua
312 1104 491 1160 scandalizat
501 1106 536 1165 te,
553 1118 620 1156 erue
634 1117 706 1163 eain,
722 1104 750 1154 et
767 1100 870 1170 projice
881 1102 932 1153 ata

134 1192 243 1263 (llatth.
260 1192 299 1261 v),
317 1191 426 1245 tratrem
441 1198 516 1244 tuum
532 1204 600 1258 erga
615 1187 764 1243 Ecclesiam
780 1186 829 1241 Dei
850 1185 932 1254 impie

132 1287 262 1350 agentem
276 1288 298 1343 ³,
314 1277 421 1333 etcirca
437 1276 583 1331 Dominum
596 1290 649 1329 non
666 1282 740 1329 recto
751 1273 848 1326 itinere
863 1286 931 1344 gra·

132 1366 261 1433 dientem,
278 1365 351 1420 uelut
365 1365 514 1419 secundum
530 1361 713 1424 llololernem,
731 1359 934 1415 sanetaChristi

134 1455 184 1508 Dei
199 1453 285 1508 nostri
301 1469 368 1507 nnsn
393 1452 536 1506 temerario
552 1451 755 1521 impugnantem
773 1467 780 1512 ·,
797 1456 822 1501 et
842 1447 932 1501 luere-

133 1542 244 1596 ditatcm
255 1540 370 1610 patriam
385 1555 459 1593 more
475 1537 608 1609 sacrilego
625 1544 845 1607 persequentem,
864 1533 931 1588 tanti

132 1629 244 1684 honoris
260 1626 540 1699 regimineindignuin
553 1625 688 1693 judicans,
705 1622 814 1677 ultionis
833 1620 932 1676 diuioae

133 1724 275 1786 percutere
286 1715 377 1784 jaculo
392 1713 517 1768 studuisti
535 1730 541 1765 :
558 1728 608 1766 uec
631 1710 776 1781 pepercisti
793 1709 867 1765 carni
879 1717 931 1762 tnae

131 1801 538 1874 propterDominumdicentem
551 1816 556 1854 :
571 1801 624 1867 Qut
633 1799 726 1870 diligit
739 1802 861 1868 patrem,
878 1801 931 1852 aut

131 1896 263 1958 matrem,
275 1895 326 1946 aut
334 1893 456 1962 tratrem
464 1890 616 1961 plusquam
626 1903 681 1952 me,
693 1903 751 1942 stou
774 1891 817 1941 est
834 1886 929 1940 medi-

128 1996 202 2051 quus
217 1979 377 2047 (illotthah
393 1978 421 2031 in
435 1992 489 2047 quo
504 1975 633 2029 nimirum
648 1990 697 2029 sos
711 1974 768 2028 Deo
782 1988 831 2043 per
840 1971 930 2027 ornnia

129 2067 228 2138 dignos
237 2065 296 2121 lore
302 2065 505 2138 cognoscimus,
518 2063 582 2134 aquia
593 2063 748 2116 membrum
757 2061 883 2131 corporis
891 2068 929 2114 uu

127 2155 213 2210 multo
229 2154 355 2224 contagio
369 2152 457 2208 fetens
468 2151 583 2207 libenter
608 2149 752 2205 abscidere
777 2147 928 2219 proculque

128 2235 247 2311 abjicere
268 2241 398 2297 sanctitas
422 2249 469 2294 tuo
494 2238 567 2294 fideli
590 2237 735 2292 deuotione
757 2237 860 2291 curauit
878 2253 884 2288 τ
901 2243 928 2290 et

127 2330 191 2402 quia
212 2344 372 2399 nuncusque
388 2327 454 2381 viris
476 2325 653 2381 saecularibus
674 2325 823 2380 secundum
845 2340 885 2386 se,
901 2332 927 2378 ct

125 2433 180 2473 non
195 2416 344 2472 secundum
360 2416 447 2469 Deum
460 2413 487 2467 in
503 2414 571 2467 urbe
581 2411 759 2483 Neapolitana
771 2411 927 2482 principan-

125 2505 207 2570 tibus,
220 2504 305 2559 multa
320 2501 448 2557 scandala
464 2509 490 2557 et
504 2500 722 2571 perturbationes
740 2498 849 2565 multas,
874 2500 925 2554 ho-

124 2592 234 2648 micidia
257 2600 283 2646 et
301 2590 443 2646 oculorum
467 2588 604 2643 erutiones
623 2588 693 2641 intra
716 2603 774 2641 earn
799 2586 842 2641 vel
860 2585 925 2640 ioris

123 2680 328 2752 peragentibus,
351 2678 464 2751 dignum
487 2676 546 2731 Deo
567 2676 601 2730 de
619 2675 661 2729 his
682 2675 755 2743 juste
775 2674 922 2743 judicante,

123 2775 262 2838 peractum
289 2774 331 2821 est
354 2774 383 2819 nt
399 2766 490 2836 iniqua
519 2764 574 2832 jam
604 2771 724 2817 cesserat
762 2761 922 2828 dominatio,

122 2855 205 2910 finem
220 2854 333 2909 haberet
347 2860 487 2923 peccatum
505 2859 531 2905 et
542 2859 720 2919 consurgeret
736 2849 822 2903 virdo
841 2849 922 2904 domo

120 2941 239 3005 Domini,
251 2940 297 3011 qui
313 2939 438 2993 timorem
455 2937 503 2992 Dei
519 2953 576 3007 prae
601 2936 688 2991 oculis
710 2937 814 2990 hahens
845 2942 922 3007 regat

121 3027 252 3099 populum
273 3026 373 3081 Christi
395 3024 515 3079 inomni
539 3024 644 3092 justitia
666 3031 691 3077 et
717 3023 869 3088 sanctitate,
892 3023 960 3091 inc

120 3114 194 3171 omni
208 3115 321 3170 veritate
337 3122 363 3168 et
376 3112 592 3167 mansuetudine.
605 3119 634 3164 ut
649 3119 744 3181 pastor
759 3110 919 3178 idoneus‚et

121 3220 176 3260 non
192 3203 264 3258 velut
278 3200 463 3257 mercenarius
479 3200 588 3253 deserat
600 3207 625 3253 et
641 3199 778 3268 disperdat
795 3215 802 3251 ε
818 3206 844 3252 et
857 3197 919 3252 ideo

119 3308 154 3348 ea
168 3307 230 3363 quae
244 3297 341 3346 vcstrae
355 3287 479 3359 dignitati
491 3287 534 3341 uel
549 3287 646 3341 honori
671 3301 793 3357 congrua
814 3301 845 3340 ao
866 3300 918 3339 ne·

119 3378 239 3435 cessaria
253 3386 325 3446 sunl,
341 3384 471 3447 perpetua
486 3374 660 3429 nihilominus
677 3373 823 3428 stabilitate
849 3387 917 3428 aora-

121 3467 261 3522 liunanius
277 3485 284 3530 ·,
300 3473 402 3519 matum
436 3463 562 3534 ampliori
587 3478 658 3516 nunc
689 3461 779 3515 studio
799 3476 919 3530 curaque

75 3579 79 3585 ’
121 3553 262 3624 multiplici
272 3568 322 3623 pro
332 3551 491 3607 defensione
517 3559 619 3605 sancte
645 3548 693 3604 Dei
717 3547 847 3602 Ecclesiae
872 3546 919 3601 tibi

121 3641 275 3697 commissae
289 3648 363 3694 stare
377 3656 410 3695 ac
420 3639 564 3706 desudare,
582 3645 714 3708 quatenns
738 3634 814 3689 salva
837 3651 919 3690 seon-

123 3746 207 3800 mque
223 3728 362 3790 consistat,
379 3734 407 3780 ut
422 3742 559 3797 procures,
576 3724 618 3778 his
638 3723 740 3778 nostris
762 3722 919 3793 apostolicis

122 3816 294 3888 prudentiam
310 3824 426 3869 uestram
440 3814 613 3867 exhortamur
626 3811 758 3881 apicibus.
774 3811 831 3865 Nos
842 3825 921 3865 nam-

124 3920 187 3975 que,
204 3903 263 3957 aliis
277 3901 403 3957 omnibus
423 3899 559 3954 mancosis
583 3899 663 3962 datis,
691 3898 763 3952 mille
788 3898 920 3968 quadrin-

125 3999 223 4061 gentos
233 3989 310 4045 vobis
326 3989 392 4042 dara
407 3987 548 4051 debemus,
573 4001 641 4056 qnos
656 3994 755 4040 vestrm
780 3985 919 4040 dilectioni

124 4087 171 4133 aut
186 4077 261 4132 initio
278 4075 504 4147 Quiadragesimee
517 4073 600 4127 autin
612 4073 657 4127 die
672 4083 772 4129 sanatae
787 4074 921 4128 Resurre-

124 4165 223 4221 ctionis
237 4164 315 4220 vobis
337 4162 433 4234 procul
455 4161 537 4216 dubio
559 4161 717 4231 dirigemus.
743 4161 826 4215 Porro
850 4160 920 4216 hunc

126 4255 234 4308 Petrum
259 4250 442 4313 venerab'dem
466 4249 610 4303 diaconum
628 4257 756 4311 vestrum,
778 4247 841 4318 qnia
858 4263 919 4302 eum

982 520 1127 590 impietatis
1150 519 1246 583 uirum,
1271 516 1430 588 perditionis
1456 516 1562 572 scilicet
1581 514 1678 580 hlium,
1694 523 1719 568 ot
1738 523 1776 569 to·

983 609 1035 661 tius
1059 607 1207 678 iniquitatis
1230 622 1275 659 vas
1297 606 1373 660 vohis
1401 604 1492 676 inique
1512 605 1704 659 dominantem
1718 603 1773 657 Scr-

982 695 1054 766 giam
1072 711 1169 764 tieisipe
1180 694 1339 763 inagistruiu
1355 693 1478 757 militnm,
1489 692 1645 748 secundum
1663 690 1776 745 uidelicet

983 782 1165 844 llololernom,
1187 782 1245 836 zelo
1264 782 1360 852 repleti
1391 780 1495 845 diuino,
1520 780 1644 847 abjicere
1666 794 1696 834 aa
1714 778 1776 833 uelut

983 871 1135 924 menibrnm
1151 868 1289 923 ietiduina
1305 885 1418 938 corpore
1433 868 1534 922 Christi
1549 867 1708 931 abscidere,
1720 881 1774 935 pro·

983 958 1080 1028 cuique
1095 958 1212 1024 abjicere
1228 956 1362 1024 studuisti,
1376 956 1525 1010 secundnm
1551 956 1664 1010 Domini
1686 968 1775 1024 prece·

983 1053 1057 1114 ptum
1073 1045 1209 1100 dicentis:
1229 1045 1359 1100 Siocutus
1371 1049 1447 1108 tuus,
1466 1046 1508 1099 oet
1525 1048 1771 1098 arianustuasaau·

982 1133 1088 1188 datizat
1104 1137 1140 1195 te,
1158 1148 1224 1187 crue
1239 1149 1312 1197 earu,
1333 1136 1362 1187 at
1376 1133 1480 1202 projt‘ce
1495 1149 1513 1186 a
1530 1137 1557 1186 te
1573 1133 1688 1201 (llatth.
1704 1140 1739 1197 sju
1753 1143 1773 1191 et

983 1221 1044 1292 quia
1059 1220 1106 1275 illo
1121 1220 1237 1288 abjecto,
1252 1227 1388 1290 pastorem
1404 1226 1430 1273 et
1452 1219 1617 1289 episcopum
1634 1221 1772 1278 animarum

983 1317 1143 1374 uestrarum,
1163 1307 1341 1362 Athanasium
1363 1307 1499 1371 uidelicet,
1525 1307 1660 1362 dilectum
1681 1321 1772 1366 contra-

981 1404 1048 1449 trcm
1064 1405 1089 1450 et
1105 1396 1260 1449 unanimem
1285 1392 1369 1448 lilium
1388 1403 1509 1448 nostrum
1533 1395 1641 1450 habere
1664 1397 1770 1464 judicem

982 1484 1115 1555 elegistis,
1147 1483 1302 1537 innumeras
1333 1491 1429 1537 restrae
1453 1482 1561 1537 dilectae
1581 1483 1733 1553 pmdentiae
1753 1497 1772 1542 et

983 1571 1152 1625 unanimitati
1167 1570 1270 1640 gratias
1283 1569 1390 1642 agimus
1406 1570 1544 1640 quoniam,
1572 1571 1643 1625 sicut
1667 1573 1716 1628 Dei
1729 1573 1767 1628 mi·

941 1658 1076 1747 Baistri,
1093 1660 1159 1712 iram
1184 1658 1293 1713 Domini
1318 1658 1494 1724 exercituum,
1521 1660 1656 1729 quaejam
1684 1662 1770 1717 meritis

982 1747 1140 1800 imminebat
1163 1745 1244 1810 illius,
1257 1745 1283 1799 in
1299 1761 1331 1799 eo
1356 1744 1449 1800 ulcisci
1471 1747 1653 1815 procurastis,
1675 1749 1719 1819 qui
1736 1750 1767 1803 ni·

979 1835 1080 1888 mirum
1107 1833 1192 1888 multa
1211 1840 1238 1887 et
1252 1832 1373 1887 inaudita
1395 1833 1465 1886 mala
1490 1832 1554 1902 plus
1578 1835 1675 1907 quam]
1688 1852 1766 1892 ornnes

979 1931 1073 1992 putres
1102 1938 1166 1976 snos
1193 1922 1220 1975 in
1249 1920 1357 1976 ciuitate
1377 1920 1560 1990 Neapolitana
1581 1931 1607 1977 et
1634 1923 1662 1976 in
1686 1922 1765 1979 finibus

921 2059 926 2070 ,
980 2010 1079 2064 uostris
1098 2009 1222 2080 nequiter
1236 2008 1325 2064 facere
1340 2023 1394 2063 non
1408 2008 1552 2075 dubitavit,
1578 2026 1644 2066 curn
1662 2012 1765 2066 innume·

979 2109 1037 2146 ram
1052 2093 1193 2148 hominum
1208 2090 1416 2156 multitudinem,
1439 2089 1575 2146 infantum
1591 2101 1618 2147 et
1639 2093 1761 2148 mulierum

978 2190 1115 2236 catervam
1139 2179 1240 2251 gladio,
1257 2178 1329 2233 tame
1353 2187 1434 2250 atque
1458 2179 1616 2250 captivitate
1639 2181 1761 2236 crudehter

977 2268 1147 2338 pereinisset.
1178 2267 1225 2321 llis
1250 2266 1333 2337 igitur
1368 2267 1466 2321 nostris
1501 2267 1661 2337 apostolicis
1685 2269 1758 2322 litteris

977 2356 1144 2410 nobilitatem
1178 2363 1305 2418 uestram,
1339 2353 1414 2408 lilioli
1441 2354 1506 2421 mei,
1528 2370 1672 2410 monemus
1696 2365 1755 2427 atque

976 2446 1118 2498 hortamur
1134 2452 1161 2497 ut
1174 2441 1313 2513 praelatum
1329 2443 1508 2496 Athanasium
1534 2442 1699 2499 confratrem
1713 2460 1750 2498 uo·

975 2540 1059 2585 strum
1075 2531 1259 2586 uenerabilem
1275 2529 1435 2600 episcopum
1447 2539 1582 2598 vestrum,
1601 2532 1669 2587 sicut
1683 2531 1751 2585 diuina

974 2618 1149 2688 inspiratione
1172 2618 1244 2674 docti
1264 2617 1325 2672 loco
1357 2618 1471 2673 rectoris
1505 2619 1611 2674 habere
1644 2618 1747 2691 elegistis,

974 2715 1046 2770 lideli
1063 2724 1153 2770 niente
1168 2731 1200 2770 ac
1214 2715 1358 2769 deuotione
1373 2730 1436 2770 aum
1451 2715 1528 2770 omui
1551 2717 1656 2772 honore
1676 2717 1748 2770 habuc

972 2801 1260 2874 studentiszqnoniam
1290 2819 1340 2857 nos
1365 2818 1426 2858 cum
1458 2802 1505 2857 illo
1519 2803 1560 2858 'in
1583 2805 1657 2859 omni
1681 2813 1745 2858 vestm

972 2892 1117 2959 adjutorio,
1135 2891 1161 2945 in
1176 2891 1250 2945 omni
1261 2898 1350 2944 vestra
1359 2889 1475 2944 utilitate
1489 2893 1611 2962 prompti
1625 2893 1745 2952 existimus,

971 2980 1085 3050 parique
1120 2986 1183 3032 voto
1208 2993 1257 3033 vos
1282 2977 1410 3045 adjuvare
1438 2978 1630 3034 desideramus
1649 2988 1744 3045 ,uuum
1795 2980 1797 2987 '

971 3074 1040 3121 state
1054 3067 1168 3120 uiriliter
1187 3065 1346 3120 obedientes
1362 3065 1401 3119 illi
1424 3065 1451 3118 in
1476 3067 1616 3135 onuiibus,
1637 3068 1699 3122 uelut
1712 3064 1744 3119 lilii

969 3155 1133 3210 clrarissimi.
1167 3155 1252 3208 Porro
1278 3153 1342 3224 quia
1357 3153 1424 3222 J'am,
1455 3154 1517 3209 aliis
1547 3156 1670 3210 omnihus
1695 3151 1744 3207 datis

968 3244 1117 3308 mancosis,
1133 3243 1206 3297 mille
1222 3241 1437 3313 quadringentos
1453 3242 1534 3298 vobis
1550 3244 1617 3298 dare
1632 3243 1742 3306 debenus,

969 3330 1174 3396 neturbemini,
1190 3330 1253 3402 qnia
1269 3345 1317 3384 eos
1332 3328 1375 3383 vel
1395 3330 1423 3384 in
1437 3330 1515 3386 initio
1535 3330 1742 3403 Quadragesima,

969 3419 1012 3473 uel
1030 3419 1108 3473 indie
1123 3425 1223 3473 sanata
1239 3416 1457 3472 [insurrectionis
1473 3418 1552 3473 vobis
1573 3419 1665 3490 procul
1684 3415 1743 3471 dnbio

969 3506 1128 3578 dirigemus.
1147 3507 1201 3561 llos
1217 3513 1320 3559 tantum
1340 3511 1369 3557 ut
1392 3503 1438 3559 ulii
1465 3507 1623 3562 charissimi
1640 3507 1743 3561 adsersus

969 3593 1095 3655 julideles
1110 3602 1137 3648 ct
1160 3609 1320 3649 communes
1351 3593 1477 3649 inimicos
1510 3595 1574 3650 totis
1596 3595 1689 3649 viribus
1709 3603 1742 3661 pro

969 3680 1128 3736 defensione
1144 3681 1274 3736 Ecclesia
1283 3683 1332 3738 Dei
1347 3682 1483 3738 desudare
1500 3683 1741 3754 satagite,quatenus

969 3777 995 3823 et
1011 3769 1061 3822 Dei
1071 3769 1187 3840 gratiani
1198 3778 1223 3824 et
1235 3778 1354 3825 nostram
1370 3785 1479 3840 semper
1494 3770 1702 3825 benedictionem
1710 3767 1742 3819 ht·

970 3856 1066 3911 beatis.
1084 3857 1155 3911 Bene
1165 3873 1215 3911 ros
1223 3867 1349 3928 optamus
1361 3859 1388 3913 in
1399 3857 1530 3913 Domino.
1543 3858 1614 3913 Data
1626 3861 1655 3913 ut
1668 3867 1738 3925 supet·

1307 3982 1428 4037 xcvtu.

1183 4093 1219 4130 Ab
1235 4092 1401 4132 ttuaautuat
1421 4093 1557 4133 contrait.

1275 4175 1364 4243 innuo
1380 4176 1454 4242 aar.)

970 4279 1073 4334 Scribit
1092 4295 1120 4332 so
1138 4281 1169 4333 iu
1186 4280 1307 4334 Galliam
1327 4280 1398 4334 nette
1412 4281 1565 4352 proficisci,
1584 4280 1643 4336 idae
1659 4276 1737 4334 tutet·

124 4349 221 4395 vestne
232 4338 372 4406 Ecclesia,
389 4347 415 4392 et
426 4336 527 4392 civitati
541 4336 728 4406 Neapolitana
743 4336 770 4388 in
792 4335 959 4432 omnibusD
1004 4350 1270 4404 sopimunicationia
1291 4367 1375 4421 poeaa
1410 4352 1633 4421 precipitium
1645 4345 1738 4420 metult

122 4427 231 4484 fidelem
246 4444 307 4483 osse
325 4425 527 4498 cognoscimus,
544 4423 622 4477 uobis
637 4424 665 4478 in
691 4423 817 4478 omatibus
840 4437 918 4478 oom-

123 4517 295 4583 mendamus,
312 4522 337 4569 et
353 4529 404 4584 pro
419 4521 512 4566 nostro
523 4527 689 4567 euin-amore
705 4511 823 4581 henigne
844 4527 918 4565 seni-

123 4620 172 4675 pcr
186 4603 303 4658 retinere
318 4599 480 4674 dignemini.
496 4599 563 4653 Data
580 4604 721 4668 utsupra.

464 4686 572 4740 xcvii.

378 4791 414 4830 tn
428 4789 649 4830 xsaeoctraxos.

428 4865 519 4934 (Anno
535 4862 609 4930 att.)

118 4955 229 5010 betudat
244 4970 288 5009 aar
303 4951 382 5024 quod,
400 4953 458 5007 zeto
473 4950 697 5009 diotuaaaoeusi,
713 4949 840 5018 Sergium
855 4967 872 5003 a
887 4965 916 5004 se

153 5017 318 5108 abjectum,
335 5027 362 5077 et
374 5022 561 5102 Athanasium
586 5021 811 5099 episcopumsuoe
824 5020 916 5098 reipu-

153 5097 232 5151 thoas
254 5098 392 5148 reatorem
419 5093 579 5164 cteqermt:
598 5093 729 5160 pracepit
759 5093 791 5143 ut
820 5104 846 5142 et
865 5106 917 5160 pa·

152 5169 244 5229 reaat,
266 5164 385 5234 offerens
401 5178 429 5216 se
443 5182 500 5221 aaa
516 5176 581 5215 aaut
598 5161 656 5231 ipso
680 5175 776 5215 eorum
792 5172 912 5214 coenum-

152 5237 194 5290 dis
209 5236 420 5292 consulturum.

149 5331 281 5385 Omnibus
305 5311 410 5385 eximiis
431 5325 576 5396 judicibus,
603 5335 628 5380 ct
655 5325 782 5380 uniuerso
809 5324 911 5396 populo

115 5418 300 5488 Neapolitano
315 5416 440 5472 civitatis.

1006 4420 1137 4475 ltamaure
1151 4420 1283 4474 Ecclesia
1302 4421 1446 4476 territorio
1457 4422 1501 4476 vat
1511 4423 1641 4477 hostane
1652 4408 1736 4488 athael

1005 4507 1141 4562 theristrum
1160 4507 1278 4577 interut.

1003 4619 1095 4673 Nobili
1106 4620 1165 4673 ciro
1182 4620 1332 4674 Lauaauro
1347 4619 1469 4692 glorioso
1479 4623 1582 4677 comiti.

1004 4707 1152 4779 Sagaeitati
1184 4724 1216 4762 ac
1233 4708 1386 4778 prudentiae
1409 4717 1508 4766 vestra
1526 4720 1620 4767 notum
1636 4729 1690 4769 esse
1705 4722 1737 4764 m

967 4796 1058 4849 turnus
1074 4796 1137 4865 quin
1153 4811 1208 4850 nou
1223 4795 1311 4850 solum
1326 4811 1377 4866 pro
1394 4796 1512 4851 assiduis
1535 4815 1697 4873 paganorum
1708 4797 1736 4851 ir·

966 4882 1165 4946 festationibus,
1183 4898 1250 4954 quas
1265 4899 1329 4939 ecoe
1341 4883 1398 4952 jam
1412 4884 1564 4954 biennium,
1590 4890 1689 4945 nemine
1705 4886 1737 4940 dt·

965 4970 1096 5025 tensionis
1114 4971 1194 5025 nobis
1222 4971 1360 5041 prebente
1391 4971 1529 5040 solatium,
1560 4978 1682 5046 patimur,
1707 4969 1738 5028 sttl

966 5059 1048 5112 etiam
1063 5074 1114 5128 pro
1129 5058 1280 5113 innumeris
1290 5067 1317 5113 et
1332 5074 1413 5128 snpra
1428 5061 1541 5115 modum
1566 5065 1691 5136 gravibus
1705 5076 1740 5131 op·

966 5146 1155 5216 pressionibus
1170 5164 1230 5217 qnae
1253 5147 1332 5201 nobis
1355 5163 1409 5201 una
1432 5163 1496 5204 aum
1519 5150 1661 5210 Dominico
1679 5161 1742 5226 Μ

963 5235 1092 5289 divinitus
1117 5236 1264 5290 commisso
1299 5235 1325 5288 in
1351 5250 1429 5304 pace,
1456 5253 1539 5308 quam
1556 5240 1745 5297 christianus

962 5331 1054 5377 noster
1070 5339 1099 5376 se
1115 5321 1261 5394 diligentes
1276 5322 1379 5377 habere
1386 5322 1475 5391 jubet,
1487 5328 1705 5395 consistentibus,
1722 5325 1748 5382 tlt
1793 5340 1795 5347 ’

961 5411 1126 5465 adversariis
1148 5409 1218 5464 illata
1239 5418 1300 5463 suut
1327 5418 1354 5464 et
1389 5411 1512 5481 quotidie
1547 5415 1703 5484 inseruntur,
1729 5415 1750 5470 in

148 5507 252 5573 Quanta
261 5521 332 5560 uera
342 5503 406 5559 fidei
415 5503 559 5559 devotione
570 5501 642 5557 circa
654 5501 738 5557 Deum
757 5509 908 5556 creatorem
959 5497 1065 5571 gremio
1081 5497 1396 5568 sedisapostolicae,quae
1410 5509 1495 5571 caput
1508 5512 1552 5558 est
1568 5506 1644 5561 orbis
1655 5516 1680 5563 et
1702 5520 1752 5562 ou·

146 5630 285 5692 eloquitur
297 5629 326 5680 de
338 5628 433 5692 Sergio,
455 5632 481 5678 ut
491 5630 587 5678 conant
598 5638 628 5678 aa
654 5625 758 5690 epistola
780 5624 901 5690 proxima,
916 5624 984 5686 cajus
997 5625 1045 5676 leo
1058 5622 1177 5676 Ostiensis
1186 5622 1298 5675 meminit
1308 5623 1352 5675 lib.
1365 5637 1383 5674 i.
1398 5636 1421 5675 c.
1435 5622 1479 5678 ta.
