3794 6104
200 215 268 268 roos
641 187 643 192 ’
757 207 784 262 s
800 200 1176 263 remuneraturum.
1193 203 1304 259 amsa.
1782 199 1847 254 ιιιι

200 334 357 404 senseritis,
388 341 489 405 quanto
516 347 623 403 magnae
645 330 727 396 estis,
753 337 782 384 ut
805 346 883 385 sacra
907 324 1166 394 monetAdentius,
1186 326 1230 382 cui
1252 324 1365 396 placetis
1388 322 1523 378 attentius.
1546 317 1660 374 lumbis
1684 317 1812 373 accinctis
1826 325 1849 372 ct

199 422 349 493 Scriptura,
371 418 511 475 humiliate
526 436 575 476 vos
590 420 617 472 in
632 418 769 482 omnibus,
786 427 918 473 etcornm
941 417 999 470 Deo
1048 413 1166 470 lucernis
1194 413 1350 469 ardentibus
1375 417 1531 482 exspectate
1559 398 1721 470 Dominum,
1748 405 1847 476 quando

199 509 342 565 invenietis
357 509 472 582 gratiam
483 508 579 577 (dccli.
592 523 632 573 m,
644 508 699 577 20).
712 507 753 560 Eo
764 505 834 560 eninr
846 505 888 560 ria
903 519 998 574 parve·
1048 501 1137 556 veniat
1152 517 1168 556 a
1183 500 1293 572 nuptiis.
1306 501 1361 555 Vos
1377 497 1495 553 afferetis
1509 495 1545 552 ad
1559 495 1634 568 Agni
1646 493 1759 564 nuptias
1773 492 1847 548 canti·

200 598 258 654 nire
284 597 389 652 debetis
418 597 453 652 ad
480 596 617 651 Christum
644 595 789 649 Dominum
817 601 843 649 et
867 608 999 663 sponsum
1049 605 1111 643 cum
1140 605 1259 654 novum,
1285 588 1360 660 quod
1382 585 1525 642 cantabitis
1547 584 1575 637 in
1600 580 1717 638 citharis
1740 581 1845 645 restris,

200 694 331 749 restrum,
354 685 416 756 quia
437 685 495 755 ipse
515 684 582 737 dixit
599 701 605 735 :
622 685 726 738 Discite
746 699 763 736 o
780 698 824 736 me
840 681 904 752 quia
920 681 999 735 saitis
1049 677 1142 748 utique
1157 677 1220 743 tale,
1237 677 1317 748 quale
1334 689 1414 730 nemo
1435 673 1533 745 poterit
1555 672 1651 727 dicere
1667 669 1723 724 nisi
1738 684 1795 724 ros.
1810 667 1847 722 Sic

201 790 264 830 sam
275 777 303 828 et
314 773 430 827 humitis
440 772 520 827 corde
536 772 646 840 (llcttb.
658 785 697 835 xi,
712 771 768 839 20).
785 768 940 822 Curandum
951 767 999 821 ita·
1050 766 1122 821 enim
1144 781 1194 820 sos
1216 764 1284 821 vidit
1298 764 1326 817 in
1340 761 1505 833 Apocalypsi
1529 758 1642 832 quidam
1667 773 1729 829 prae
1751 755 1846 812 caeoens

200 877 254 931 que
268 868 319 925 cst,
335 867 363 914 ut
379 859 452 915 omni
467 859 591 914 custodia
606 873 683 912 mens
699 864 821 911 servetur
835 871 849 908 a
865 854 1000 925 superbire
1049 853 1164 908 dilectus
1188 855 1277 926 Agno,
1303 851 1350 923 qui
1372 848 1546 906 discumbere
1570 861 1656 917 super
1680 852 1777 917 pectus
1797 844 1846 913 ejus

200 954 316 1002 tumore.
341 947 403 1001 Non
424 947 496 1001 enim
517 954 578 1000 ante
599 946 693 1000 oculos
707 944 757 998 Dei
771 959 863 999 vacuae
877 951 1001 996 transvo·
1050 940 1144 996 solitus
1159 948 1227 996 erat.
1244 941 1306 1011 lpse
1321 954 1370 994 vos
1385 937 1451 994 vidit
1465 934 1616 991 duodecies
1630 933 1762 989 duodena
1775 931 1846 986 millia

199 1034 255 1089 lant
269 1034 447 1106 cogitationes
462 1042 568 1089 vestrae.
584 1034 735 1103 lutusergo
750 1031 824 1086 videt
838 1032 911 1085 Deus
926 1029 1000 1101 quod
1050 1037 1205 1084 sanctorum
1238 1027 1452 1083 citharoedorum
1486 1024 1598 1079 illibatae
1631 1020 1797 1094 virginitatis
1823 1019 1845 1074 in

200 1130 318 1177 mentem
334 1123 481 1177 elevat:et
495 1121 597 1177 idcirco
613 1120 679 1175 loris
693 1119 822 1190 permittit
833 1118 999 1173 invalescere
1050 1132 1183 1188 corpore,
1213 1115 1348 1170 inviolatae
1376 1112 1497 1169 veritatis
1526 1111 1553 1166 in
1583 1109 1679 1167 corde.
1709 1107 1845 1180 Sequimini

199 1210 272 1282 quod
287 1211 415 1279 deponat.
442 1209 511 1264 Hinc
532 1208 630 1279 quippe
646 1224 695 1277 per
710 1207 782 1262 Osee
798 1215 892 1261 contra
908 1207 999 1259 lsrae-
1049 1207 1167 1275 agnum,
1188 1203 1249 1274 quia
1268 1211 1294 1258 et
1313 1201 1384 1274 hgni
1403 1217 1467 1257 caro
1486 1199 1579 1271 utique
1594 1198 1687 1268 virgo.
1709 1195 1845 1269 Sequimini

199 1297 260 1352 litas
276 1297 374 1353 dieitur
387 1315 393 1351 :
405 1297 528 1369 Spiritus
538 1297 738 1367 fornicationis
749 1297 780 1350 io
791 1295 880 1350 taedio
890 1309 997 1357 eornm,
1051 1309 1112 1347 eum
1127 1291 1281 1365 virginitate
1304 1291 1395 1347 cordis
1419 1299 1444 1345 ct
1467 1288 1567 1353 carnis,
1593 1301 1762 1357 quocunque
1783 1285 1843 1340 ierit.

200 1389 229 1442 et
243 1387 395 1441 Dominum
405 1401 463 1440 noa
477 1386 667 1456 cognoverunt
677 1383 756 1453 (Osee
766 1398 793 1448 v,
806 1381 844 1450 l).
857 1379 909 1448 Qui
919 1388 1001 1434 utos·
1051 1379 1122 1448 Quid
1137 1387 1179 1435 est
1201 1396 1264 1435 eum
1287 1379 1375 1450 sequi,
1400 1376 1453 1432 nisi
1475 1375 1598 1431 imitari?
1621 1375 1659 1429 de
1684 1389 1740 1445 quo
1762 1373 1844 1428 beatus

201 1474 333 1538 tenderet,
351 1472 419 1526 sicut
440 1471 504 1526 dicit
526 1471 621 1524 beatus
646 1470 807 1542 Gregorius,
825 1468 898 1539 quod
918 1483 1001 1522 causa
1050 1469 1166 1522 Petrus:
1182 1469 1319 1534 Christus,
1330 1465 1427 1537 inquit,
1438 1467 1517 1521 lesus
1530 1480 1635 1536 pessos
1647 1466 1694 1518 est
1702 1478 1754 1534 pro
1767 1463 1844 1527 colb,

199 1560 320 1615 libidinis
335 1575 368 1614 ex
383 1559 460 1628 culpa
481 1565 640 1629 prorumpat
656 1557 788 1620 elationis,
805 1572 867 1610 mox
882 1555 1001 1610 subdidit
1051 1557 1124 1611 vobis
1140 1555 1302 1627 relinquens
1317 1555 1490 1626 exemptam,
1507 1556 1540 1609 at
1553 1551 1720 1624 sequamini
1741 1552 1844 1622 vestigio

201 1647 296 1704 dicens
309 1664 315 1701 :
329 1648 365 1701 Et
380 1646 555 1718 respondebit
569 1648 733 1716 arrogantia
748 1646 836 1700 lsrael
851 1647 882 1699 in
895 1645 1037 1726 secicrnB
1052 1645 1113 1715 eius
1128 1643 1153 1713 (l
1166 1646 1242 1698 Petr.
1259 1658 1289 1708 u,
1305 1643 1360 1711 22).
1380 1662 1392 1691 ι

202 1738 279 1808 ejus;
294 1751 325 1789 ac
341 1734 363 1788 si
377 1734 479 1789 diceret
491 1750 497 1788 :
511 1733 593 1804 Culpa
604 1750 664 1804 quae
679 1749 730 1805 per
744 1732 889 1789 elationem
903 1730 1001 1786 mentis
1088 1731 1163 1786 Hanc
1179 1730 1323 1801 epistolam
1336 1730 1399 1785 ideo
1422 1728 1466 1785 hic
1488 1726 1642 1798 posuimus,
1660 1733 1691 1780 ut
1704 1725 1844 1796 legentibus

202 1822 350 1878 inocculto
366 1821 452 1890 latuit,
468 1837 518 1891 per
540 1821 630 1876 camis
652 1820 788 1875 luxurium
804 1820 831 1873 in
846 1828 941 1891 aperto
956 1835 1003 1874 re·
1052 1826 1189 1891 appareat,
1207 1827 1346 1889 quantum,
1370 1818 1440 1874 sicut
1464 1816 1593 1871 admonet
1614 1813 1776 1885 Apostolus,
1798 1824 1844 1869 stu·

203 1909 356 1981 spondebit.
379 1909 495 1964 Proinde
519 1924 569 1980 per
591 1908 749 1963 humilitatis
772 1908 922 1964 custodiam
945 1923 1004 1962 ser·
1053 1908 1128 1963 dium
1142 1907 1267 1962 habuerit
1282 1907 1341 1976 ejus
1354 1922 1415 1977 quae
1429 1903 1580 1961 secundum
1601 1903 1737 1974 pietatem
1751 1912 1790 1959 est
1803 1903 1844 1958 do·

201 1997 289 2054 vande
307 2005 348 2052 est
368 1996 499 2051 munditia
522 1996 664 2051 castitatis.
683 1996 711 2050 Si
727 1995 799 2050 enirn
821 1995 931 2066 spiritus
953 1994 1003 2049 sub
1054 1996 1156 2063 ctrinae,
1174 2004 1200 2050 et
1216 2011 1297 2066 quam
1311 2002 1408 2066 potens
1423 1992 1503 2049 tuerit
1517 1992 1545 2047 in
1560 1990 1623 2063 ipsa
1636 1991 1764 2048 doctrina
1776 1992 1844 2048 etiam

203 2086 262 2141 Deo
271 2085 410 2156 premitur,
422 2100 486 2141 caro
497 2083 589 2139 illicite
601 2100 682 2155 super
692 2084 815 2154 spiritum
825 2100 881 2138 non
890 2083 1002 2137 lavatur.
1053 2084 1123 2141 alios
1138 2083 1283 2140 exhortari.

185 2173 290 2253 'Habet
323 2172 423 2244 quippe
456 2172 564 2243 spiritus
587 2171 761 2226 commissum
784 2171 835 2225 sibi
855 2170 1004 2226 dominium
1350 2171 1465 2228 carui
1478 2171 1553 2227 XVI.

202 2261 302 2326 carnis,
319 2260 342 2314 si
356 2268 449 2314 tamen
464 2260 513 2315 sub
528 2259 645 2314 Domino
665 2259 838 2330 recognoscit
856 2259 917 2327 jura
937 2257 1004 2328 legi·
1089 2262 1222 2317 Praeterea
1237 2259 1381 2333 legationis
1395 2276 1452 2315 suae
1470 2258 1599 2327 officium,
1617 2258 1695 2330 quod
1709 2257 1745 2313 ad
1757 2256 1845 2329 praedi-

203 2347 276 2404 timae
290 2347 438 2403 servitutis.
449 2348 519 2403 Nam
535 2347 558 2402 si
572 2356 713 2403 auctorem
728 2364 808 2401 suum
822 2345 1005 2417 superbiendo
1054 2350 1169 2406 candum
1185 2349 1311 2420 gentibus
1325 2349 1439 2405 verbum
1462 2348 1513 2404 Dei
1535 2348 1667 2419 primitus
1681 2364 1697 2402 a
1713 2346 1845 2402 decessore

203 2434 362 2504 contemnit,
369 2435 431 2505 jure
447 2444 473 2491 et
483 2452 497 2489 a
508 2436 630 2505 subjecta
645 2451 727 2491 carne
744 2435 866 2505 praelium
882 2433 1002 2504 suscipit.
1054 2453 1103 2493 suo
1118 2445 1275 2508 susceptum
1290 2445 1341 2502 est,
1358 2444 1384 2491 et
1398 2437 1573 2507 postmodum
1596 2435 1652 2491 sibi
1676 2432 1846 2491 successionis

203 2522 274 2579 ilinc
288 2530 329 2578 est
342 2523 414 2579 euim
429 2522 502 2594 quod
517 2522 599 2595 longa
613 2523 778 2578 continentia
792 2529 904 2592 repente
920 2521 1004 2576 solvi·
1051 2526 1113 2595 jure
1129 2526 1206 2597 quasi
1222 2524 1420 2580 haereditarium
1441 2524 1575 2597 provenit,
1600 2523 1724 2597 impigre
1744 2537 1846 2578 exsecu-

204 2619 258 2680 tur,
274 2610 337 2666 binc
353 2610 425 2682 quod
438 2610 599 2682 plerumque
613 2620 639 2665 et
655 2627 741 2681 usque
755 2610 790 2665 ad
804 2609 910 2665 senium
926 2608 1006 2680 virgi·
1053 2621 1097 2669 tus
1112 2621 1161 2681 est,
1178 2614 1237 2685 ipse
1253 2613 1362 2686 quidem
1372 2629 1421 2683 per
1431 2612 1575 2685 sequoties
1589 2613 1788 2684 occupationes
1799 2610 1847 2665 alie

204 2699 275 2754 nitas
285 2706 391 2755 servata
401 2698 518 2754 vitiatur.
531 2697 601 2767 Quia
612 2698 682 2754 enim
702 2698 850 2771 negligitur
869 2696 1005 2752 humilitas
1054 2703 1185 2767 sinerent,
1201 2702 1291 2757 eidem
1313 2701 1442 2775 legationi
1463 2701 1609 2767 insistens3
1633 2716 1748 2773 semper
1770 2707 1846 2755 autem

204 2787 306 2852 cordis,
321 2795 412 2843 rectus
424 2787 508 2856 judex
523 2786 634 2858 respicit
650 2786 731 2841 etiam
745 2786 928 2860 integritatem
944 2801 1005 2841 cor·
1053 2790 1213 2845 constitutos
1227 2790 1332 2845 babens
1347 2790 1534 2861 presbyteros,
1551 2806 1601 2861 per
1616 2805 1689 2861 quos
1704 2796 1733 2844 et
1746 2788 1846 2844 verbnm

205 2875 289 2946 poris.
303 2875 337 2928 Et
351 2875 512 2946 quandoque
532 2891 582 2945 per
603 2883 727 2946 apertum
749 2875 848 2929 malum
870 2873 1005 2944 reprobos
1054 2879 1104 2933 Dei
1120 2879 1236 2951 gentiles
1249 2877 1384 2945 audirent,
1401 2887 1428 2934 et
1442 2878 1569 2933 solatium
1590 2877 1696 2948 captivi
1716 2874 1847 2933 Christiani

207 2961 357 3031 annuntiat,
371 2977 440 3033 quos
449 2962 551 3016 dudum
562 2963 693 3032 reprobos
704 2962 732 3016 in
742 2962 847 3018 occulto
863 2961 1003 3016 tolerabat.
1054 2967 1197 3033 haberent,
1213 2968 1249 3022 ad
1264 2966 1394 3023 ecclesias
1406 2967 1476 3021 inter
1491 2967 1565 3038 ipsos
1580 2982 1711 3038 paganos
1725 2964 1847 3021 constiut-

206 3048 277 3105 Nam
293 3049 338 3121 qui
353 3049 399 3104 diu
415 3059 550 3105 servatum
565 3050 665 3105 bonum
680 3050 769 3105 subito
790 3051 916 3120 perdidit,
932 3011 1039 3121 apudC
1054 3064 1095 3110 tas
1105 3056 1187 3127 longe
1198 3055 1231 3109 ab
1243 3055 1361 3112 ecclesia
1370 3055 1443 3111 sedis
1454 3071 1520 3121 suae,
1530 3055 1660 3127 quodque
1668 3053 1849 3128 gravissimum

206 3138 382 3209 semetipsum
397 3138 469 3193 intus
483 3138 556 3193 aliud
572 3140 672 3193 malum
688 3138 780 3204 tenuit,
805 3155 838 3194 ex
857 3154 911 3210 quo
931 3140 1003 3195 aliud
1054 3152 1127 3210 erat,
1146 3143 1258 3198 marinis
1281 3143 1483 3199 discriminibus
1506 3143 1661 3198 adeundas.
1678 3142 1749 3212 Qum
1762 3138 1850 3196 dacri-

206 3226 296 3282 subito
313 3226 424 3297 erupit:
441 3242 471 3282 ac
496 3243 546 3297 per
569 3228 620 3283 hoc
644 3226 822 3298 omnipotenti
844 3228 902 3281 Deo
923 3226 1004 3282 etiam
1053 3231 1128 3287 mina
1156 3232 1215 3302 ipse
1242 3230 1409 3304 frequentius
1437 3239 1464 3287 et
1490 3230 1677 3287 abundantius
1707 3230 1849 3290 sustinens.

203 3322 266 3370 tunc
290 3314 394 3369 alienus
418 3314 528 3381 exstitit,
555 3315 663 3386 quando
678 3331 707 3370 se
727 3315 751 3369 ci
774 3331 823 3385 per
846 3315 1004 3370 munditiam
1054 3336 1127 3389 saepe
1150 3327 1280 3390 tanquam
1296 3318 1331 3375 de
1345 3336 1375 3375 se
1390 3319 1539 3375 testabatur
1561 3319 1725 3390 Apostolus,
1748 3315 1849 3373 nauita-

203 3402 328 3474 corporis
348 3402 480 3458 inhaerere
501 3403 670 3458 monstrauit.
689 3404 752 3458 Haec
768 3418 846 3476 ergo,
862 3402 933 3470 tiliae,
950 3419 1005 3457 non
1054 3407 1129 3480 glum
1149 3407 1268 3478 pertulit,
1286 3423 1359 3478 saepe
1374 3407 1403 3462 in
1416 3407 1539 3479 proximo
1560 3416 1619 3462 erat
1633 3416 1662 3463 ut
1677 3424 1742 3464 cum
1764 3406 1850 3462 codsa

192 3491 266 3570 ⁴ideo
290 3490 391 3554 scribo,
407 3490 482 3562 quod
502 3490 529 3544 in
544 3490 622 3545 vobis
646 3490 794 3563 quidquam
818 3497 852 3547 de
876 3490 1005 3563 qualitate
1054 3495 1146 3553 dicere
1161 3504 1254 3566 posset
1270 3514 1276 3550 :
1294 3498 1378 3552 Nocte
1393 3500 1423 3552 et
1435 3497 1479 3552 die
1494 3497 1526 3551 ia
1541 3496 1687 3568 profundo
1712 3497 1827 3566 morht
1844 3496 1849 3508 '

204 3578 339 3649 superbiae
354 3578 398 3633 vel
412 3594 488 3634 vanae
503 3578 599 3651 gloriae
614 3579 807 3650 cognoverim:
820 3580 869 3634 sed
884 3580 947 3651 quia
957 3595 1006 3633 vos
1055 3583 1093 3654 (ll
1107 3584 1167 3639 Cor.
1185 3598 1224 3653 xi,
1241 3585 1297 3652 25).
1316 3584 1370 3640 Sed
1383 3583 1507 3654 protecto
1521 3584 1619 3639 aderat
1626 3584 1653 3639 ei
1664 3584 1783 3656 Spiritus
1794 3598 1849 3638 san

203 3675 268 3737 opto
281 3666 310 3721 in
334 3666 440 3721 illarum
462 3666 600 3722 consortio
622 3683 693 3733 esse,
719 3668 754 3722 de
776 3667 874 3738 quibus
896 3667 1004 3739 legitur,
1055 3679 1124 3740 ctus,
1137 3671 1181 3743 qui
1192 3671 1219 3726 in
1230 3671 1370 3727 exterioris
1381 3671 1499 3726 honunis
1510 3672 1688 3743 corruptione
1704 3672 1849 3728 interiorem

204 3754 334 3828 quoniam
349 3762 499 3826 sequuntur
518 3757 627 3826 rignum
648 3771 810 3827 quocunque
833 3754 894 3810 ierit
910 3756 1004 3827 (Apes.
1055 3768 1199 3814 renovaret
1214 3758 1248 3814 de
1264 3759 1308 3814 die
1323 3759 1350 3814 in
1365 3760 1447 3824 diem,
1465 3768 1491 3815 et
1505 3775 1554 3830 spe
1573 3758 1673 3816 futurae
1687 3757 1851 3817 beatitudinis

206 3859 267 3910 mv,
285 3843 322 3914 l).
340 3843 391 3898 Ubi
406 3842 504 3898 multos
528 3843 659 3899 cecidisse
684 3844 774 3914 doleo,
791 3859 840 3899 vos
854 3851 931 3899 caute
945 3859 1006 3897 am-
1056 3847 1145 3901 omnia
1156 3846 1299 3916 praesentis
1310 3848 1371 3903 vitae
1385 3863 1480 3919 aspera
1494 3847 1629 3913 deliniret,
1646 3857 1674 3903 et
1690 3846 1852 3922 granarole·

203 3930 297 3986 bulare
312 3930 449 3996 desidero,
475 3939 592 4002 optoque
606 3939 635 3985 ut
649 3931 720 3987 dicat
735 3932 812 3987 vobis
834 3931 965 3986 Dominus
981 3939 1007 3986 et
1056 3943 1140 3990 varet.
1157 3934 1357 3991 Consolabatur
1371 3936 1442 3992 enim
1457 3936 1584 3992 continua
1606 3937 1783 3994 meditatione
1796 3951 1848 3991 ser·

203 4012 320 4088 sponsus
335 4025 440 4073 vester:
455 4020 522 4074 Toto
536 4018 656 4090 pulchro
666 4035 704 4084 es,
717 4019 811 4074 emico
821 4035 893 4086 mee,
911 4023 938 4074 et
950 4036 1009 4074 mn.
1056 4022 1145 4077 monis
1153 4023 1296 4094 apostolici
1308 4042 1314 4079 :
1328 4024 1398 4092 Quia
1408 4041 1465 4082 oon
1476 4025 1708 4097 santeonda'nnoe
1715 4027 1849 4099 passiones

211 4106 276 4161 celo
290 4121 348 4161 noo
364 4108 407 4160 est
423 4106 455 4160 ic
471 4103 606 4174 sileant.
623 4121 661 4175 ιιι,
684 4107 722 4176 ἵ).
748 4106 842 4177 ltaque
864 4105 1008 4177 sequimini
1058 4111 1142 4182 liujus
1158 4112 1292 4184 temporis
1307 4113 1342 4168 od
1357 4116 1488 4184 saturam
1502 4113 1625 4185 plevim
1645 4131 1710 4187 qam
1724 4114 1849 4172 recelab-

108 4195 112 4201 '
207 4191 251 4248 hic
265 4194 372 4265 Agnum
382 4191 410 4246 in
419 4192 564 4264 praeceptis
576 4192 641 4261 suis,
661 4201 689 4247 ut
702 4193 763 4265 ipso
772 4194 919 4249 auxiliante
933 4194 1008 4249 illum
1058 4204 1107 4255 tar
1120 4201 1152 4255 tn
1168 4202 1240 4256 vobis
1257 4201 1345 4273 (Rom.
1361 4217 1421 4269 vm,
1439 4203 1483 4273 le)
1499 4219 1506 4256 ι
1521 4218 1553 4258 ac
1567 4201 1609 4258 sic
1623 4219 1795 4275 quaecunque
1805 4201 1848 4256 lie·

204 4280 282 4353 sequi
306 4281 420 4338 valeatis
443 4281 471 4335 in
492 4290 593 4336 aeterna
615 4281 680 4347 vita,
704 4282 839 4338 cantando
862 4283 1007 4350 canticum,
1057 4296 1118 4344 rent
1132 4289 1200 4343 dura
1215 4288 1358 4357 laboranti,
1379 4289 1522 4347 mitescere
1542 4290 1669 4347 solebant
1684 4292 1848 4363 eadempm-

204 4370 278 4442 quod
292 4385 372 4426 nemo
387 4377 475 4441 potest
488 4368 579 4425 dicere
594 4369 648 4425 nisi
662 4371 762 4426 chorus
776 4370 926 4444 virgineus.
943 4372 1007 4428 llaec
1019 4361 1047 4424 D
1058 4386 1117 4449 pter
1131 4377 1266 4433 Christum
1278 4378 1419 4434 sustinenti
1433 4387 1455 4433 ⁸.

203 4458 317 4531 pulchre
334 4459 431 4513 beatus
447 4458 615 4529 Augustinus
630 4458 751 4531 virgines
771 4459 943 4515 admonendo
957 4476 1007 4515 ex·
1346 4485 1460 4541 CAPUT
1478 4485 1565 4540 XVII⁸

205 4545 296 4644 1000000
311 4546 405 4619 (Augu
422 4545 454 4602 00
469 4550 570 4603 000000
597 4548 667 4618 Viti·
684 4563 743 4618 000·
760 4546 816 4615 07)·
832 4547 950 4619 petisne,
966 4546 1008 4602 in·
1092 4571 1135 4626 Ad
1149 4571 1362 4643 redemptionem
1384 4573 1553 4644 captivorum
1576 4574 1685 4631 cunctis
1708 4591 1777 4646 pene
1796 4587 1846 4646 qna

207 4641 274 4705 quit,
292 4634 378 4690 sancti
398 4633 448 4688 Dei
468 4633 547 4705 puori
569 4642 596 4689 et
616 4634 722 4704 puellae,
740 4650 829 4690 meres
844 4652 874 4690 ac
888 4635 1006 4703 feminee,
1057 4659 1172 4716 habebat
1187 4660 1324 4732 expensis,
1341 4676 1403 4717 cum
1416 4661 1564 4718 munorum
1584 4663 1677 4720 adhuc
1691 4664 1762 4736 „pud
1775 4677 1846 4735 pagg.

210 4722 321 4778 caelibes
338 4730 363 4778 et
379 4722 508 4820 innupte,
524 4722 629 4795 pergite
644 4731 852 4794 perseveranter
869 4724 896 4778 in
917 4722 1008 4779 linem.
1057 4765 1108 4804 nos
1122 4750 1293 4806 detentorum
1316 4751 1454 4807 misem
1478 4767 1592 4809 ,emere
1607 4763 1763 4827 cogeretur,
1778 4753 1844 4808 egam

207 4809 325 4866 modale
341 4811 487 4865 Dominum
497 4810 614 4877 dulcius,
628 4827 710 4882 quem
725 4811 866 4882 cogitastis
876 4811 1007 4867 uberius:
1058 4837 1151 4892 altaris
1165 4854 1232 4894 „sa
1246 4839 1281 4893 ,d
1295 4840 1511 4910 redemptionem
1524 4856 1621 4896 eorum
1635 4842 1793 4915 impendem
1800 4854 1843 4895 ,011

208 4904 317 4970 sperate
338 4897 452 4966 felicius,
478 4897 522 4954 cui
545 4898 653 4954 servitis
678 4898 844 4954 instantius:
861 4908 951 4956 amate
964 4917 1008 4956 ar-
1057 4925 1188 4982 dubimi,
1201 4936 1225 4980 b·
1241 4927 1272 4982 1,
1286 4944 1341 5000 quo
1356 4929 1420 4984 dum
1430 4929 1592 5002 quibusdam
1602 4930 1694 4987 minus
1708 4928 1843 4986 sublime,

242 5047 371 5126 ’90000000
393 5050 439 5099 000
463 5049 516 5099 0000
538 5055 622 5101 000000
645 5049 736 5101 saelum
767 5051 887 5114 (10000000
915 5051 1008 5115 issssitfle
1057 5061 1385 5114 Rembertumdixissecum
1405 5063 1840 5118 beatoanbrosiozrtettascstat

174 5132 175 5136 ¹
208 5120 294 5193 sancti.
307 5115 442 5192 Rcmberti,
455 5117 479 5192 in
492 5116 706 5198 observationibus
726 5117 822 5180 praevlis
845 5117 958 5194 relatum,
977 5119 1008 5195 de
1056 5129 1233 5188 magnentino,
1247 5129 1840 5194 qwmammmoe,p„1nfflmwnn

209 5188 311 5233 victoria
323 5183 451 5233 Frrsonum
463 5194 488 5232 ιιι
502 5185 660 5233 nortmannus
679 5188 804 5246 reportata
825 5189 919 5234 mentis
929 5188 1007 5235 sancti
1058 5207 1126 5256 nasa,
1140 5208 1195 5256 qun
1206 5197 1301 5246 amman
1318 5198 1349 5246 ng
1369 5202 1445 5247 mom
1463 5197 1599 5248 renem,
1620 5199 1689 5262 Lego
1704 5199 1788 5250 qm
1800 5209 1808 5245 1
1818 5195 1839 5243 n

209 5247 344 5299 Remberti.
1057 5259 1113 5310 Vita
1133 5261 1211 5312 sancti
1230 5262 1328 5314 Caesarii
1342 5261 1448 5327 episcopi
1466 5263 1628 5330 breinensis,
1650 5278 1720 5318 nam.
1735 5267 1764 5316 l'l
1775 5268 1799 5316 st
1811 5273 1840 5312 ιι·

245 5359 259 5395 0
271 5365 328 5413 llaec
339 5363 413 5414 verba
425 5377 456 5414 ex
468 5365 515 5414 bac
526 5363 582 5414 Vita
595 5364 670 5414 retest
682 5364 788 5415 Adamas
799 5364 824 5414 in
836 5376 891 5427 cap.
904 5365 947 5429 52,
966 5378 1009 5416 ca·
1058 5327 1197 5390 ‘menum‘

211 5426 262 5493 ptte
273 5429 389 5491 vlnesimo
410 5430 525 5482 mendose
545 5429 639 5482 altato:
653 5431 745 5494 etpost
764 5429 818 5481 bec
837 5427 912 5482 rerba
930 5430 1007 5495 addit,
