3794 6104
119 222 171 275 903

827 217 975 274 JOdNNlS
998 218 1094 273 PAPAE
1125 221 1191 274 l'lfl.
1725 179 1767 280 tot

116 362 190 434 regis
206 362 421 434 magnitudinem
435 362 580 416 admonere
595 371 676 431 atque
699 361 834 415 exhortari
859 341 955 415 ma-A
971 357 1073 430 ingenti
1098 375 1162 415 cura
1182 370 1209 415 et
1237 361 1418 417 sollicitudine
1445 378 1526 432 quam
1554 362 1630 417 circa
1658 371 1770 418 sanctem

117 466 240 523 gnopere
256 450 395 515 studeatis,
413 458 544 521 quatenus
565 449 691 504 eumdem
716 450 918 504 Lausanensem

118 538 315 610 episcopatum,
332 538 368 593 illi
382 538 438 606 jam
454 538 517 592 olim
529 537 657 592 divinitus
674 553 845 601 concessum,
869 553 919 608 pro

119 641 211 681 amore
227 627 276 682 Dei
291 634 318 680 et
336 633 428 680 nostro
443 627 477 680 de
502 626 628 696 praesenti
651 626 767 681 reddere
792 637 817 680 et
837 641 919 682 secu-

119 715 187 770 riter
201 715 278 786 quasi
294 730 344 769 suo
359 712 432 768 fideli
447 714 550 769 habere
565 714 712 784 permittat.
728 715 798 769 Nam
821 731 854 770 eo
876 715 919 769 vi·

118 811 197 858 vente
212 803 240 856 iu
254 802 368 856 alterius
384 803 517 857 electione
533 802 575 857 vel
598 802 746 873 episcopali
769 817 919 858 consecra·

118 890 190 945 tione
205 906 349 946 assensum
365 891 437 945 nullo
454 891 535 946 modo
551 891 743 960 praebebimus,
756 891 819 962 quin
831 891 920 961 potius

117 978 267 1049 apostolica
281 979 334 1033 hoc
349 977 406 1034 fieri
423 972 580 1034 auctoritate
595 979 683 1034 modis
698 978 824 1033 omnibus
848 978 920 1032 inhi-

120 1066 253 1129 bebimus,
270 1083 304 1121 ne
320 1075 415 1122 contra
430 1075 527 1122 statuta
542 1069 649 1121 Petrum
674 1068 728 1122 duo
753 1067 779 1121 in
802 1083 854 1122 una
878 1067 920 1120 vi-

121 1154 237 1209 deantur
262 1156 371 1210 civitate
397 1172 458 1211 esse
487 1155 618 1226 episcopi.
645 1155 818 1225 Quapropter
841 1154 921 1210 nobis

116 1243 191 1310 justa
204 1243 395 1297 mandantibus
410 1242 483 1297 omni
513 1243 610 1297 annisu
626 1252 650 1298 et
666 1243 801 1297 voluntate
828 1242 921 1297 favere

118 1332 192 1386 nullo
216 1333 298 1387 modo
323 1331 621 1401 p1·aetermittatis,quo
648 1332 737 1386 minus
762 1341 862 1386 nostrm
877 1347 924 1387 vo·

120 1419 232 1474 luntatis
256 1420 356 1492 legatio
381 1419 454 1489 apud
481 1420 684 1475 serenissimum
709 1436 803 1492 regem
828 1419 922 1474 salutis

119 1516 145 1562 et
160 1508 237 1578 pacis
259 1507 450 1563 ecclesiastieae
474 1525 522 1578 per
546 1517 664 1563 vestrum
690 1516 826 1564 certamen
853 1508 920 1564 efle-

119 1603 193 1651 ctum
208 1596 337 1659 obtineat,
354 1604 487 1668 qnatenus
501 1596 595 1650 eadem
619 1597 744 1652 Ecclesia
769 1597 829 1661 Dei,
856 1614 920 1668 pro·

968 446 1120 502 Romanam
1136 448 1288 503 Ecclesiam
1310 459 1425 505 matrem
1447 459 1566 504 vestram
1588 449 1708 509 habetis.
1728 460 1762 504 at-

968 551 1022 605 que
1038 552 1089 605 pro
1105 544 1203 591 vestrm
1218 537 1371 592 devotionis
1387 537 1544 592 sinceritate
1561 553 1617 609 qua
1638 553 1689 593 nos
1704 555 1769 608 pura

970 623 1068 677 mentis
1084 622 1181 680 aflectu
1196 641 1273 680 more
1287 635 1428 695 parentum
1444 634 1603 680 vestrorum
1618 625 1733 697 diligitis
1751 636 1769 681 et

969 711 997 764 in
1012 712 1138 766 omnibus
1152 713 1281 781 adjurare
1306 714 1433 769 alacriter
1456 714 1567 785 cupitis.
1589 716 1625 768 Et
1644 714 1708 785 quia
1730 730 1770 783 pro

970 799 1132 855 exaltatione
1150 807 1232 871 atque
1254 801 1366 855 utilitate
1387 802 1461 857 sedis
1485 801 1656 872 apostolicae,
1684 801 1769 857 totim-

970 905 1023 960 que
1051 895 1133 943 terrae
1161 889 1246 944 sancti
1275 889 1346 944 Petri
1379 889 1550 955 defensione,
1573 905 1625 945 vos
1658 899 1773 960 prompta

969 984 1060 1030 mente
1075 976 1210 1032 desudare
1227 977 1297 1032 velle
1313 978 1517 1051 cognoscimus,
1541 978 1571 1032 in
1596 994 1653 1049 quo
1684 978 1773 1035 scilicet

970 1065 1052 1119 vestri
1081 1064 1210 1120 desiderii
1237 1064 1337 1121 aflectu
1358 1065 1482 1136 piissimo
1502 1075 1528 1120 et
1558 1066 1684 1120 divinam
1712 1067 1772 1123 circe

971 1154 1077 1224 regiam
1090 1154 1209 1225 gloriam
1226 1161 1344 1208 vestram
1359 1154 1494 1209 habebitis
1508 1152 1676 1222 adjutricem
1686 1163 1712 1208 et
1722 1155 1770 1224 pla·

972 1242 1087 1296 cabilem
1102 1242 1279 1309 maJestatem,
1296 1250 1321 1296 et
1345 1241 1456 1312 dignam
1481 1257 1535 1296 non
1562 1242 1656 1296 solum
1680 1242 1707 1295 in
1729 1243 1772 1298 boc

972 1329 1082 1396 saeculo,
1104 1328 1248 1383 sedetiam
1273 1328 1300 1382 in
1323 1329 1429 1384 coelesti
1456 1330 1637 1400 postmodum
1668 1330 1772 1402 regione

971 1417 1177 1472 retributionem
1202 1417 1298 1486 procul
1323 1417 1405 1471 dubio
1428 1417 1577 1487 recipietis.
1606 1417 1690 1485 Quod
1716 1433 1773 1473 vero

970 1505 1130 1570 mandastis,
1147 1515 1175 1558 ut
1190 1504 1363 1561 marchiones
1378 1506 1460 1560 vestri
1476 1505 1520 1576 qui
1545 1505 1624 1560 circa
1649 1521 1701 1560 nos
1722 1506 1771 1561 eri·

971 1601 1054 1660 stunt,
1070 1595 1104 1648 ad
1118 1592 1306 1648 defensionem
1321 1593 1506 1648 necessariam
1517 1594 1711 1666 peragendam
1726 1609 1772 1648 no-

119 1684 180 1755 prio
202 1693 312 1754 recepto
336 1691 455 1754 pastore,
481 1685 556 1738 salva
579 1684 606 1738 in
629 1685 755 1740 omnibns
780 1694 807 1740 et
831 1687 920 1757 quieta
935 1681 1076 1748 ssbiscum
1105 1682 1208 1752 pariter
1225 1681 1365 1736 decertare
1398 1680 1569 1746 debuissent,
1606 1683 1661 1737 boc
1691 1690 1772 1737 autem

119 1772 259 1827 consistat.
276 1773 342 1826 Data
357 1772 402 1826 die
418 1777 452 1829 ΞΟ
471 1772 573 1827 mensis
588 1773 670 1837 lunii,
688 1773 834 1829 indictione
859 1789 921 1830 xru.

469 1906 582 1962 ccxci.

143 2008 177 2046 io
192 2009 390 2049 rimononrcuu
406 2008 644 2051 incurerrscorun
669 2013 901 2053 risunrrrn'nvsnu.

437 2087 526 2152 (inno
542 2087 615 2153 aaa.)

121 2171 268 2241 Sipttificct
283 2188 311 2227 re
327 2173 359 2227 de
375 2174 464 2243 ipsius
479 2189 566 2228 causa
578 2174 740 2245 Cerelorepi
750 2177 895 2247 scripsisse
912 2196 920 2241 ,·

157 2276 189 2314 ac
205 2260 239 2314 de
253 2261 420 2332 Hieronymo
439 2263 565 2332 episcopo
576 2263 760 2318 tardanensi
778 2265 919 2328 hortator,

162 2352 193 2402 ut
208 2349 343 2420 adjacuere
359 2351 443 2404 illam
460 2350 583 2404 studeat.

156 2436 395 2491 Reverendissimo
411 2445 437 2490 et
453 2437 624 2493 satiatissime
639 2440 819 2494 Turononico
832 2441 920 2495 archi-

122 2524 251 2595 episcopo
270 2533 368 2579 sancta
384 2525 616 2596 chrysopolitanae
636 2527 777 2583 Ecclesiae.

156 2614 208 2668 Pro
224 2621 261 2668 tot
277 2621 303 2668 et
317 2613 398 2667 tantis
412 2614 662 2683 perturbationibus
681 2624 707 2669 et
722 2616 921 2671 calamitatibus

118 2717 187 2774 quas
203 2702 238 2756 ab
254 2701 353 2773 iniquis
368 2710 395 2756 et
410 2702 497 2757 Deum
510 2718 564 2758 non
581 2702 738 2757 timentibus
752 2704 818 2758 viris
828 2705 921 2760 Eccle-

120 2790 188 2844 siam
212 2790 258 2843 tibi
282 2790 454 2845 commissam
481 2792 600 2861 quotidie
624 2791 677 2860 pati
704 2792 801 2846 vestris
825 2793 920 2847 litteris

120 2877 301 2932 referentibus
316 2879 501 2950 agnoscimus,
527 2879 672 2948 plurimum
694 2881 871 2936 condolemus
894 2889 921 2936 et

120 2981 270 3037 congruum
294 2967 427 3035 cupimus,
457 2967 515 3021 Deo
539 2966 654 3034 favente,
689 2967 767 3022 vobis
798 2969 919 3039 prmbere

121 3054 255 3118 solatium,
281 3063 414 3126 quatenus
448 3055 521 3109 sedis
541 3063 637 3109 vestrm
669 3056 791 3128 vigorem
829 3046 959 3127 prisii-G

120 3158 184 3196 num
212 3142 372 3197 indiminuto
401 3143 461 3210 J'ure
504 3142 618 3197 feliciter
653 3144 808 3199 obtineatis.
852 3147 920 3199 Nam

121 3230 221 3285 dilecto
251 3246 283 3285 ac
310 3231 427 3300 spiritali
457 3230 512 3284 tilio
541 3240 635 3285 nostro
664 3232 761 3286 Carolo
798 3233 920 3305 glorioso

120 3319 178 3390 regi
211 3334 260 3389 pro
294 3327 345 3373 tuae
378 3334 460 3374 causa
508 3319 628 3372 utilitatis
674 3336 777 3392 proque
823 3330 921 3377 vestrm

120 3407 208 3478 plebis
223 3408 311 3461 salute
332 3408 545 3480 suggessimus3
567 3416 593 3462 ut
616 3423 666 3478 pro
695 3424 789 3463 amore
817 3409 865 3464 Dei
894 3419 920 3465 et

120 3504 224 3561 nostro,
240 3511 289 3550 suo
305 3511 353 3550 vos
383 3495 482 3550 auxilio
507 3511 538 3549 uc
562 3495 721 3551 defensione
744 3497 770 3551 in
793 3497 920 3552 omnibus

119 3591 234 3649 tueatur,
251 3591 277 3638 et
294 3585 327 3639 de
342 3583 383 3637 bis
399 3584 444 3653 qui
460 3601 504 3638 res
519 3585 651 3640 Ecclesim
667 3591 765 3640 vestrm
789 3585 919 3641 invadere

119 3681 363 3743 praesumpserunt,
384 3672 515 3740 justitiam
538 3672 627 3727 facere
647 3672 784 3744 dignetur,
820 3691 920 3746 resque

120 3762 194 3832 ipsas
210 3761 260 3815 sub
275 3760 430 3831 integritate
446 3761 522 3815 vobis
538 3760 643 3815 restitui
665 3761 768 3828 jebeat.
798 3762 851 3816 l'os
876 3771 918 3817 ta-

119 3865 193 3916 men,
209 3864 284 3902 more
298 3847 362 3902 boni
376 3847 501 3917 pastoris,
519 3847 586 3902 sicut
599 3848 627 3901 in
638 3849 777 3918 prosperis
792 3850 917 3913 humiles,

120 3937 157 3990 ita
173 3951 281 4006 quoque
297 3935 323 3988 in
337 3934 461 3989 adversis
486 3935 570 3989 fortes
592 3935 709 4000 existite,
735 3945 762 3989 ut
788 3938 918 4007 populum

120 4023 229 4078 Domini
245 4023 292 4076 tibi
313 4022 488 4078 commissum
510 4040 560 4093 pro
571 4010 721 4078 malorum*
735 4025 916 4089 infestatione,

120 4127 200 4183 quam
228 4111 360 4181 patimini,
385 4119 493 4165 strenue
516 4127 610 4183 regere
630 4128 683 4167 riori
706 4113 844 4168 omittatis.
867 4116 918 4170 Pro

121 4199 180 4269 ipso
196 4200 275 4255 etiam
291 4199 457 4270 Hieronymo
473 4200 602 4270 episcopo
624 4200 713 4254 eidem
737 4201 796 4274 regi
819 4203 918 4257 direxi-

117 4304 179 4343 mus
212 4297 240 4342 ut
273 4289 476 4344 Lausanensem
505 4289 691 4360 episcopatum
720 4290 758 4345 illi
790 4291 917 4345 divinitus

119 4392 291 4443 concessum,
309 4387 334 4431 et
356 4384 452 4432 nostra
476 4379 627 4447 apostolica
650 4379 809 4433 auctoritate
831 4379 959 4454 largi-D

118 4473 185 4527 tum,
202 4465 335 4520 securiter
358 4466 456 4520 amodo
479 4467 598 4520 retinere
621 4467 768 4536 permittat.
793 4469 827 4520 Et
860 4468 922 4523 ideo

118 4562 208 4608 vestra
223 4553 377 4609 fraternitas
392 4570 453 4607 eum
469 4554 496 4607 in
521 4556 573 4609 boc
597 4554 725 4621 adjuvare
747 4571 795 4626 pro
820 4555 922 4610 viribus

120 4657 175 4697 non
188 4642 385 4713 praetermittat.
403 4643 470 4696 Data
492 4642 536 4696 die
560 4645 594 4696 ab
615 4643 718 4697 mensis
738 4643 820 4704 lunii,
849 4644 921 4697 indi·

123 4731 212 4787 ctione
228 4745 289 4786 rur.

467 4840 594 4894 CCXCll.

368 4941 403 4987 en
424 4943 551 4983 canonum
571 4944 674 4983 naseu.

437 5021 526 5085 (Anno
542 5021 615 5087 880).

123 5104 305 5160 continendae
319 5108 379 5172 cias
398 5122 461 5176 erpo
480 5109 632 5161 Remanent
646 5107 802 5161 'Ecclesiam
826 5108 919 5161 etser-

155 5177 283 5230 uantirtm
299 5180 398 5246 ,repet
416 5181 447 5230 rit
464 5177 588 5246 lopertum
603 5177 655 5231 cibi
681 5178 793 5232 cecilio
810 5179 919 5231 mittut.

155 5281 259 5335 Dilecto
276 5297 306 5335 ac
320 5280 432 5351 spiritali
448 5279 502 5336 lilio
518 5282 629 5335 Cineae
646 5282 766 5354 glorioso
783 5282 850 5354 regi.

155 5369 313 5438 llultipliccs
330 5369 413 5440 regim
429 5369 608 5441 magnitudini
634 5379 730 5425 vestrm
755 5371 796 5424 bis
818 5371 919 5424 nostris

122 5456 277 5522 apostolicis
295 5457 389 5510 litteris
405 5458 506 5527 gratias
523 5458 630 5527 agimus
660 5475 708 5526 pro
738 5468 825 5512 restra
867 5468 919 5511 tam

972 1770 1030 1824 sine
1057 1778 1154 1825 vestrm
1177 1769 1328 1836 majestatis
1350 1769 1503 1840 praesentia,
1530 1769 1575 1823 vel
1597 1769 1661 1824 sine
1690 1770 1772 1825 idonei

971 1858 1109 1928 optimatis
1123 1857 1216 1916 vestri.
1232 1857 1307 1912 nullo
1321 1857 1404 1912 niodo
1432 1857 1501 1913 sicut
1524 1865 1638 1927 oportet
1662 1858 1774 1928 proderit

971 1946 1060 2013 nobis,
1077 1962 1110 2001 eo
1126 1946 1199 2017 quod
1215 1945 1267 2016 ipsi
1281 1946 1452 2000 marchiones
1466 1945 1596 2000 homines
1612 1945 1648 2000 de
1663 1946 1773 2000 civitati·

971 2034 1022 2088 bus
1038 2042 1063 2089 ot
1079 2033 1196 2105 propriis
1211 2031 1310 2086 finibus
1339 2033 1448 2101 nostris,
1479 2048 1542 2087 cum
1572 2032 1676 2104 quibus
1704 2033 1774 2088 terri·

971 2122 1070 2177 torium
1094 2122 1179 2176 sancti
1202 2121 1274 2175 Petri
1296 2131 1451 2190 poteramus
1475 2120 1544 2175 satis
1567 2120 1730 2188 defendere,
1750 2122 1774 2176 in

971 2224 1021 2263 suo
1044 2209 1154 2263 assiduo
1180 2208 1289 2263 servitio
1312 2208 1422 2275 habent,
1448 2216 1475 2262 et
1499 2208 1654 2263 nonnullos
1684 2224 1770 2264 eorum

970 2297 1091 2368 potentia
1105 2314 1153 2351 sua
1167 2295 1326 2361 defendunt,
1343 2305 1370 2350 et
1384 2296 1421 2350 ita
1436 2295 1602 2365 impediunt,
1614 2304 1644 2350 ut
1658 2305 1774 2351 nostrum

970 2386 1109 2440 servitium
1129 2385 1277 2440 secundum
1311 2383 1477 2438 voluntatem
1511 2394 1637 2439 nostram
1670 2385 1773 2439 minime

972 2472 1106 2544 perficere
1121 2473 1238 2528 valeant.
1256 2473 1333 2528 Unde
1347 2488 1490 2543 precamur
1514 2473 1709 2528 excellentiam
1733 2488 1774 2527 re·

972 2571 1055 2617 stram
1072 2571 1099 2617 ut
1114 2577 1164 2631 pro
1188 2576 1282 2616 amore
1306 2560 1356 2615 Dei
1383 2567 1409 2614 et
1432 2560 1568 2630 principis
1592 2561 1773 2632 apostolomm

971 2652 1084 2717 honore,
1103 2649 1185 2704 talem
1200 2649 1279 2703 nobis
1297 2648 1331 2704 de
1346 2648 1474 2718 praesenti
1498 2648 1616 2703 missum
1644 2648 1770 2720 dirigatis,

971 2755 1032 2794 cum
1048 2753 1101 2810 quo
1117 2754 1164 2807 per
1179 2744 1276 2791 restra,
1291 2736 1458 2792 auctoritatis
1472 2736 1636 2805 potentiam,
1661 2751 1696 2790 ea
1715 2751 1769 2807 qua

971 2834 1070 2881 sanctm
1087 2827 1135 2880 Dei
1151 2825 1281 2880 Ecclesiae
1297 2830 1323 2878 et
1338 2825 1417 2878 nobis
1426 2825 1577 2894 pertinent,
1588 2825 1769 2880 incunctanter

970 2914 1109 2969 valeamus
1123 2913 1267 2984 perlicere,
1283 2920 1417 2983 quatenus
1438 2912 1551 2966 eosdem
1563 2938 1566 2940 -
1577 2912 1704 2966 homines
1723 2926 1768 2966 no·

969 3011 1051 3068 siros,
1067 3001 1112 3074 qui
1128 3001 1206 3056 nobis
1221 3001 1317 3054 sublati
1331 3008 1402 3068 sunt,
1419 2999 1587 3054 ommmodis
1602 3000 1767 3069 recipiamus,

971 3099 998 3145 ut
1022 3090 1111 3144 omnis
1127 3090 1214 3144 bonor
1229 3097 1256 3142 et
1270 3088 1348 3159 rigor
1371 3094 1473 3142 sancta
1487 3087 1621 3142 Romame
1649 3087 1769 3142 Ecclesia

969 3178 1068 3232 vestris
1083 3178 1178 3232 diebus
1194 3177 1220 3231 in
1235 3176 1361 3231 omnibus
1375 3176 1482 3246 integer
1505 3184 1658 3236 accrescat,
1686 3183 1711 3229 et
1733 3175 1765 3228 in·

969 3266 1118 3341 diminutus
1140 3273 1315 3335 permaneat,
1346 3264 1471 3334 quoniam
1501 3263 1590 3332 ipsius
1629 3264 1715 3320 bonor
1746 3271 1766 3316 et

970 3355 1107 3420 exaltatio,
1138 3362 1229 3408 vestra
1258 3355 1303 3408 hic
1322 3361 1348 3406 et
1367 3352 1394 3405 in
1413 3360 1546 3406 aeternum
1576 3361 1618 3407 est
1649 3352 1720 3406 salus
1744 3357 1764 3404 et

970 3443 1067 3515 gloria.
1084 3443 1153 3497 Nam
1169 3451 1195 3496 et
1210 3457 1260 3497 nos
1275 3456 1308 3495 ea
1323 3456 1383 3511 qum
1404 3448 1501 3494 vestrm
1527 3439 1630 3512 gloriae
1655 3438 1763 3510 pmbcur

970 3539 1041 3598 sunt,
1069 3529 1248 3585 libentissime
1274 3527 1408 3599 perticere
1436 3527 1572 3596 cupimus,
1612 3536 1640 3582 et
1677 3524 1761 3582 nostris

970 3618 1088 3674 assiduis
1102 3618 1228 3689 precibus
1241 3633 1290 3671 vos
1305 3616 1421 3671 Doniino
1437 3615 1646 3681 commendare,
1667 3623 1760 3686 aposto

969 3709 1057 3763 lorum
1081 3706 1295 3779 suffragantibus
1322 3703 1437 3767 meritis,
1468 3719 1580 3774 semper
1609 3704 1755 3777 satagimus.

969 3798 1033 3851 Hmc
1050 3796 1141 3866 itaque
1151 3810 1200 3864 pro
1215 3794 1327 3848 utilitate
1342 3800 1442 3847 sanctae
1456 3791 1592 3847 Ecclesiae
1616 3792 1697 3848 modo
1714 3788 1758 3844 fieri

967 3885 1095 3954 petimus,
1113 3890 1141 3937 ut
1156 3898 1219 3938 cum
1234 3890 1354 3936 vestrum
1369 3879 1518 3952 gloriosum
1547 3880 1705 3944 adventum,
1727 3877 1758 3931 fa·

968 3980 1047 4027 vente
1064 3970 1189 4035 Domino,
1205 3968 1438 4040 conspexerimus,
1456 3974 1554 4037 optata
1571 3975 1597 4022 et
1613 3967 1713 4040 ingenii
1723 3979 1758 4036 pt·

968 4059 1034 4114 riter
1048 4059 1141 4114 laetitia
1156 4057 1278 4113 exultare
1308 4056 1454 4111 valeamus.
1480 4055 1552 4109 Data
1577 4055 1624 4110 die
1647 4059 1680 4110 23
1700 4069 1757 4108 men·

967 4147 1005 4201 sis
1019 4147 1099 4210 lunii,
1117 4146 1263 4203 indictione
1295 4161 1354 4200 mir.

1312 4232 1451 4288 cellcul.

1148 4320 1183 4359 an
1199 4317 1435 4359 srssrornncnurr
1459 4318 1597 4359 contrata.

1291 4392 1465 4460 (Annotttlo.)

975 4484 1143 4539 Gratulatur
1153 4482 1187 4536 de
1197 4483 1258 4553 ejas
1267 4480 1479 4535 atsubditorum
1499 4480 1582 4535 illias
1600 4478 1758 4535 observantie

1008 4570 1072 4624 erpo
1091 4552 1185 4607 sedem
1202 4552 1395 4623 apostoticam,
1420 4550 1523 4620 recipit
1553 4566 1601 4605 eos
1635 4552 1666 4605 in
1693 4547 1758 4617 fidem

1007 4641 1104 4679 sueri:
1116 4622 1239 4678 ostendit
1251 4621 1420 4676 Methodiam
1429 4619 1678 4703 archiepiscopum
1686 4618 1758 4699 octbr

1007 4696 1111 4750 docum
1121 4693 1204 4761 fidem
1212 4694 1302 4761 faisse
1312 4694 1490 4762 proferrem,-
1503 4694 1590 4761 cujus
1598 4708 1667 4762 jare
1679 4693 1759 4761 etpri-

1008 4767 1108 4835 vileqio
1118 4764 1281 4832 consternat,
1293 4777 1412 4833 caraque
1421 4760 1457 4815 ad
1468 4776 1513 4815 cos
1523 4763 1665 4832 rependes
1674 4758 1756 4836 mittit·

1007 4836 1147 4902 rfitrcnsis
1159 4834 1290 4889 Ecclesiae
1300 4834 1462 4903 episcopam
1475 4832 1759 4901 consecratamtiem·

1006 4906 1223 4975 pontecellum
1234 4903 1378 4958 adsevelt
1389 4902 1478 4965 mitti,
1508 4918 1594 4973 quem
1614 4903 1667 4958 elii
1687 4898 1757 4956 eccle

1005 4980 1056 5033 rie
1065 4971 1427 5048 pr·caficiet:iabctomneci
1448 4973 1473 5026 si
1490 4970 1758 5045 archiepiscoporu-

1006 5050 1067 5103 dire
1078 5068 1087 5113 ,⁴
1099 5046 1226 5101 reaccedit
1237 5049 1269 5100 at
1279 5044 1376 5100 divitie
1390 4990 1482 5112 offic
1497 5043 1667 5099 sclavonice
1681 5042 1760 5119 linget

1007 5119 1122 5173 recitari
1148 5116 1267 5198 possint,
1297 5113 1444 5169 durrimodo
1472 5113 1759 5184 beanqetiemlmm

1006 5191 1245 5261 priecrecttetur.

1006 5277 1112 5331 Dilecto
1129 5274 1184 5328 fillo
1200 5274 1418 5329 Srnrroeuncno
1431 5271 1558 5343 glorioso
1570 5272 1673 5328 comiti.

1007 5364 1150 5418 ludustrim
1166 5371 1217 5417 tuae
1233 5370 1326 5417 uotrrm
1341 5377 1402 5415 esse
1418 5360 1549 5416 volumus
1566 5361 1702 5433 quoniam,
1713 5370 1762 5412 coa

972 5454 1053 5508 fratre
1063 5461 1157 5506 nostro
1175 5450 1308 5504 lletbodio
1326 5448 1562 5503 reverendissimo
1575 5447 1762 5516 archiepiscopo
