3794 6104
136 221 189 275 ees
771 195 920 272 romnis
951 216 1045 274 reru
1072 216 1146 305 vm.

141 342 309 411 tirnentibus,
325 339 338 374 *¹
352 342 487 425 dnsegiso
501 342 626 399 uidelicet
640 341 791 398 reverendo
805 341 936 412 arehiepi·
951 342 980 405 Α
1335 341 1429 396 XLIII.

141 447 235 504 acopo,
252 439 278 488 et
292 432 438 503 ndalgario
451 430 599 486 venerabili
621 430 760 502 episcopo,
785 428 938 484 communi·
1184 452 1220 492 en
1239 452 1366 495 concaua
1381 454 1594 497 rursaeronau.

140 520 191 575 bus
205 536 315 593 quoque
330 519 456 575 fidelibus
471 520 580 585 nostris,
593 519 668 588 juxta
679 518 752 590 quod
761 519 937 591 petieramus,
1297 535 1388 608 (pum,
1403 539 1477 608 gqg)

142 624 192 680 pro
207 609 309 665 bonore
324 616 404 680 atque
418 607 531 663 utihtate
547 614 648 662 sanctas
663 607 757 662 matris
772 613 869 662 vestrae
883 607 938 704 Ec·
989 634 1095 690 Nam,
1109 634 1289 690 calamitate,
1300 635 1432 700 &clm-43
1441 636 1542 692 mata,
1557 653 1575 692 a
1590 637 1751 706 smmis,
1761 645 1781 695 a

143 696 234 753 ⁰¹0&ae
248 697 378 753 R⁰ffll¹¹ae
390 711 408 751 Β
420 696 497 751 V⁰bi⁸
511 695 632 763 disectis.
648 696 763 750 ROfflflm
782 708 939 767 Peflssmess·
1025 705 1225 776 Imperatorem
1238 708 1374 776 precatur
1387 708 1421 760 ot
1436 707 1583 762 cecilium
1597 707 1733 764 adversos
1746 725 1780 767 tot

143 785 224 851 tibus,
241 792 267 840 et
281 792 410 856 quantum
425 784 503 839 vobis
515 783 618 852 iustitia
632 783 747 855 placeat,
764 781 825 838 luce
839 780 939 837 clarius
1024 774 1132 829 millai·

142 871 314 943 agnovaus,
339 880 366 928 et
386 872 421 927 de
435 869 534 928 aflectu
547 870 675 938 filiorum,
697 886 779 943 quem
801 886 868 943 erga
888 885 939 926 nos
1023 871 1150 925 locanes
1165 870 1309 942 episcopus
1326 871 1437 927 Canouo
1453 871 1627 944 imperatori.

141 961 320 1026 conservatis,
346 960 374 1014 ln
400 960 515 1015 Domino
538 959 667 1033 gratulati
689 974 782 1014 sumus
802 976 809 1012 ε
830 957 880 1013 sed
903 957 939 1013 de
1024 958 1131 1028 Quanta
1150 965 1177 1013 et
1200 957 1291 1030 qualia
1312 974 1364 1028 per
1386 958 1497 1029 Impiam
1521 967 1636 1032 gentem
1659 960 1781 1032 patiamu

140 1046 297 1103 infidelibus
322 1056 477 1120 sanctaque
499 1049 630 1104 Romanos
652 1046 782 1103 Ecclesia
802 1046 936 1114 hostibus,
989 1047 1208 1112 Saracenorum,
1238 1046 1304 1117 quid
1332 1046 1422 1102 dicam
1442 1048 1505 1119 quia
1524 1047 1649 1105 scribere
1678 1049 1781 1121 quilibet

139 1152 208 1208 quos
223 1151 274 1207 pro
288 1136 380 1190 multis
394 1135 546 1192 sceleribus
560 1151 592 1192 ac
605 1134 781 1206 pravitatibus
795 1133 851 1188 suis
867 1133 938 1189 ovile
988 1134 1074 1206 stylus
1092 1150 1146 1189 non
1170 1132 1275 1200 sufficit,
1301 1148 1363 1190 cum
1385 1135 1476 1190 omnia
1499 1136 1577 1209 ligna
1600 1136 1744 1204 silvarum,
1764 1138 1782 1194 ai

140 1223 240 1279 Christi
254 1239 310 1280 non
325 1223 430 1295 recipit,
446 1223 499 1279 buc
513 1222 631 1295 illucque
644 1222 821 1291 latitantibus,
846 1228 873 1276 et
887 1237 938 1276 ne·
988 1228 1128 1277 vertantur
1141 1222 1168 1276 iu
1183 1221 1302 1293 liuguae,
1318 1236 1448 1278 enarrare
1458 1224 1655 1280 convaleant?
1671 1224 1780 1293 Quorum

139 1310 315 1368 fandissimos
329 1319 406 1368 actus
421 1327 487 1366 suos
508 1318 602 1382 tegere
624 1309 806 1374 molientibus,
831 1324 885 1365 non
909 1317 939 1364 ut
989 1309 1052 1380 quia
1067 1324 1100 1364 ex
1115 1309 1158 1363 his
1173 1310 1300 1381 quaedam
1314 1318 1405 1365 vestra
1416 1310 1472 1379 iam
1494 1311 1594 1367 didicit
1617 1312 1780 1380 excellentia,

137 1400 265 1472 oportuit,
282 1415 372 1471 neque
387 1399 457 1455 sicut
472 1398 555 1454 vestri
570 1397 714 1453 voluerunt
727 1397 818 1470 legati,
836 1396 870 1452 de
884 1395 938 1452 illis
987 1396 1179 1468 pradisposuit
1208 1397 1355 1453 exercitum
1380 1414 1458 1453 suum
1482 1399 1518 1454 ad
1540 1400 1601 1455 baec
1624 1401 1781 1456 removenda

137 1487 224 1558 potuit
238 1486 393 1557 adimpleri.
409 1487 480 1541 Nam
495 1495 523 1541 ut
537 1486 574 1541 ita
589 1485 731 1552 fateamur,
756 1501 771 1538 a
792 1484 844 1540 sibi
859 1484 937 1539 simi·
987 1501 1049 1541 cum
1070 1484 1159 1547 valida
1180 1501 1261 1541 manu
1285 1484 1415 1558 dirigere.
1440 1486 1500 1555 Quo
1523 1502 1576 1543 nos
1600 1488 1707 1557 audito,
1729 1504 1780 1545 mor

136 1573 209 1629 libus
223 1571 377 1628 infidelibus
392 1573 490 1629 vestris
505 1573 662 1630 etinimicis
684 1572 795 1638 nostris,
822 1572 937 1642 quibus·
988 1572 1100 1628 elevatis
1115 1573 1242 1628 manibus
1257 1573 1401 1628 Dominum
1426 1574 1654 1645 collaudavimus,
1680 1576 1781 1649 ejusque

138 1661 201 1716 darn
215 1661 318 1718 scilicet
332 1661 541 1728 marchionibus,
557 1677 625 1733 quos
640 1661 723 1716 iidem
746 1660 831 1716 vestri
854 1659 937 1730 legati
951 1660 1160 1749 Belementiatn
1187 1675 1238 1731 pro
1266 1660 1380 1731 imperio
1403 1670 1495 1717 vestro
1516 1662 1644 1719 lactantes
1667 1664 1780 1734 protinus

139 1750 295 1816 narrabunt,
312 1749 438 1807 occultati
462 1758 488 1806 et
508 1748 627 1822 eflugah,
653 1764 703 1804 nec
726 1748 811 1804 adse
834 1763 936 1819 percu·
988 1748 1170 1804 exoravimus.
1187 1748 1240 1804 Sed
1255 1757 1366 1820 quanto,
1389 1747 1427 1804 fili
1441 1749 1612 1818 charissime,
1638 1751 1722 1808 laetati
1740 1769 1779 1807 su-

140 1838 237 1894 tientes
250 1837 351 1894 reuersi
367 1845 437 1906 sunt,
455 1853 506 1894 nec
521 1837 590 1893 alios
605 1854 662 1893 suae
675 1837 786 1893 melitite
807 1836 935 1907 inquina·
987 1851 1047 1891 mus
1061 1836 1089 1890 in
1104 1836 1146 1891 his
1161 1852 1221 1909 quae
1236 1835 1310 1892 dicta
1324 1844 1386 1892 sunt
1400 1838 1489 1904 nobis,
1502 1846 1589 1906 tanto,
1604 1839 1678 1895 heu!
1696 1840 1779 1897 tristati

140 1934 232 1982 mento
247 1926 434 1982 contaminare
459 1925 602 1983 desistunt.
626 1925 743 1981 Proinde
765 1923 937 1980 clementiam
987 1931 1014 1979 et
1028 1924 1180 1990 amaricati,
1198 1925 1260 1995 quia
1275 1941 1335 1996 quae
1348 1925 1421 1981 dicta
1444 1934 1507 1981 sunt
1528 1942 1625 1983 rerum
1648 1943 1706 1984 non
1726 1936 1779 1984 sunt

140 2022 238 2069 vestrae
253 2013 421 2070 celsitudinis
435 2013 621 2087 imploramus,
639 2020 665 2068 et
680 2028 729 2085 per
744 2012 863 2067 futurum
887 2012 937 2067 Dei
987 2010 1128 2067 effectibus
1143 2020 1337 2068 consummata.
1355 2013 1469 2069 Rescrsi
1484 2014 1586 2085 quippe
1602 2024 1677 2081 sunt,
1698 2024 1726 2071 ut
1736 2032 1777 2070 au·

134 2100 268 2172 judicium
282 2101 449 2171 adieramus,
464 2110 493 2157 ut
507 2103 619 2158 eosdem
632 2108 734 2157 sancta
747 2101 796 2157 Dei
807 2099 938 2156 Ecclesia
987 2099 1114 2166 divimus,
1131 2107 1157 2154 et
1172 2099 1238 2155 solis
1253 2101 1371 2173 paganis
1385 2101 1526 2174 gaudium,
1537 2102 1619 2157 nobis
1631 2111 1779 2159 autemnon

136 2190 229 2245 hostes
245 2197 325 2261 atque
340 2191 495 2261 praedones,
513 2190 661 2263 sacrilegos
686 2203 795 2261 quoque
818 2189 876 2244 sive
896 2196 938 2260 ty·
987 2187 1040 2242 nisi
1066 2187 1266 2243 tribulationem
1294 2189 1506 2245 inenarrabilem
1534 2190 1717 2262 reliquerunt.
1749 2193 1777 2247 Et

137 2292 248 2344 rennos,
266 2292 300 2333 ac
312 2293 363 2348 per
378 2279 429 2333 hoc
443 2294 458 2331 a
473 2277 572 2332 Christi
594 2276 709 2349 collegio
734 2275 865 2347 synodice
889 2292 937 2332 se·
987 2291 1062 2341 ecce,
1078 2269 1147 2346 prob
1160 2274 1257 2331 dolorl
1273 2276 1389 2333 inimicis
1401 2278 1491 2334 crucis
1506 2278 1608 2334 Christi
1626 2280 1776 2352 gratulanti-

139 2373 304 2436 questratos,
320 2365 468 2420 studiosius
483 2365 584 2436 requiri
594 2363 724 2433 jubeatis,
736 2372 762 2420 et
773 2365 937 2436 adiugenda
987 2364 1047 2428 bus,
1063 2363 1138 2419 solus
1152 2362 1273 2419 fidelium
1288 2372 1374 2419 coetus
1390 2379 1489 2437 magna
1511 2367 1701 2423 moestitudine
1721 2383 1776 2424 oon·

139 2453 212 2509 mala
241 2470 300 2526 quae
327 2453 550 2524 lmpraetermisse
578 2453 710 2509 hactenus
734 2453 838 2525 operati
864 2458 936 2518 sunt,
987 2451 1113 2507 sumitur.
1130 2451 1343 2508 Christianorum
1357 2454 1470 2525 sanguis
1489 2451 1652 2522 effunditur,
1674 2454 1775 2513 devotus

138 2543 208 2597 sleut
220 2541 277 2611 jam
292 2541 462 2607 decrevistis,
479 2541 575 2597 exsilio
591 2540 736 2613 deputetis.
760 2539 829 2609 Quia
847 2541 870 2594 si
884 2539 937 2610 ipsi
986 2539 1044 2594 Deo
1071 2539 1187 2609 populus
1217 2540 1345 2597 continua
1374 2548 1468 2613 strage
1492 2548 1621 2598 uastatur.
1649 2544 1717 2600 Nam
1737 2542 1776 2615 qni

138 2630 185 2702 qui
199 2638 303 2685 tanttun
317 2629 368 2685 Dei
382 2630 535 2685 Ecclesiam
550 2629 729 2695 macularunt,
752 2629 861 2699 impune
879 2628 937 2697 jam
987 2626 1078 2683 evadit
1093 2627 1186 2699 Ignem
1200 2627 1244 2683 uel
1259 2627 1389 2700 gladium,
1404 2628 1499 2699 praeda
1517 2628 1646 2698 efficitur,
1667 2632 1775 2704 captives

136 2727 255 2775 uestram
271 2718 439 2774 sanctionem
453 2716 608 2791 diffugerint
620 2736 627 2784 ;
651 2717 694 2772 vel
718 2717 750 2784 si,
777 2717 850 2789 quod
870 2732 933 2772 eve·
986 2715 1110 2782 trabitur,
1127 2723 1152 2770 el
1166 2715 1243 2771 exsul
1257 2724 1404 2787 perpetuus
1419 2717 1604 2774 constituitur.
1632 2720 1674 2776 En
1688 2720 1773 2776 dnu-

138 2806 198 2861 aIre
222 2822 277 2860 non
300 2805 391 2872 debet,
415 2805 444 2859 in
466 2813 559 2861 uestro
581 2805 696 2875 Imperio
718 2805 935 2876 quibuscunque,
987 2812 1038 2869 tes,
1064 2812 1172 2873 castra,
1197 2813 1223 2860 et
1245 2803 1316 2860 villae
1338 2805 1472 2861 destitutae
1495 2806 1694 2862 habitatoribus
1712 2808 1773 2879 peri·

140 2893 214 2964 qnod
227 2900 307 2963 turpe
322 2900 363 2948 est
387 2892 486 2959 dicere,
513 2899 605 2948 contra
629 2901 748 2949 uestram
771 2892 937 2948 voluntatem
987 2899 1075 2958 erunt,
1092 2900 1118 2948 et
1132 2892 1254 2963 episcopi
1275 2894 1326 2949 hac
1349 2892 1467 2964 illacque
1490 2893 1621 2966 dispersi.
1646 2896 1709 2953 Sola
1729 2895 1772 2951 illis

139 2980 179 3036 eis
203 2979 324 3036 favorem
348 2979 548 3051 prestantibus,
574 2988 629 3035 tam
651 2980 774 3036 absolute
797 2980 936 3036 discurre·
987 2980 1171 3052 apostolorum
1184 2981 1337 3052 prinprum
1350 2981 1443 3037 limIna
1464 2983 1597 3039 derelicta
1622 2993 1686 3039 sunt
1699 2985 1771 3039 inre

139 3068 209 3135 rint;
225 3076 311 3122 totum
326 3068 397 3123 idem
414 3076 535 3123 vestrum
558 3068 703 3139 imperium
724 3069 936 3139 coinquinabunt
950 3032 1100 3141 Cfugium,
1116 3086 1179 3125 cum
1193 3069 1331 3141 epIscopia
1341 3070 1471 3126 eorumin
1481 3070 1602 3127 ferarum
1612 3072 1770 3130 siutredactt

140 3163 168 3213 et
181 3155 256 3212 omni
270 3155 466 3212 christianitati
480 3155 654 3228 dispendium
676 3157 852 3228 generabunt,
873 3156 936 3228 quia
987 3157 1097 3222 cubilia,
1112 3164 1140 3213 et
1153 3157 1206 3228 ipsi
1220 3158 1284 3230 uagi
1299 3165 1325 3213 et
1339 3158 1399 3213 siue
1414 3159 1493 3214 tectis
1518 3159 1633 3228 inventi,
1656 3176 1708 3217 non
1725 3161 1769 3229 ian

141 3260 202 3302 cum
217 3244 272 3299 sint
286 3243 338 3315 Ipsi
352 3260 419 3300 oves
433 3245 576 3311 morbidae,
602 3253 685 3300 totum
707 3261 819 3317 gregem
839 3252 936 3300 conta·
987 3245 1026 3300 eis
1041 3245 1120 3301 liceat
1135 3245 1293 3316 praedIcare,
1310 3246 1359 3302 sed
1376 3247 1544 3304 mendicare.
1570 3248 1655 3314 Ecce,
1678 3249 1769 3305 cbaris-

139 3333 253 3400 minant,
269 3340 296 3389 et
310 3341 387 3388 erunt
400 3332 549 3388 novissima
563 3332 671 3388 illorum
685 3333 778 3404 pejora
787 3332 935 3404 prioribus.
987 3334 1065 3400 sime,
1079 3333 1203 3404 pervenit
1216 3334 1324 3406 gladius
1339 3351 1426 3406 usque
1440 3335 1475 3391 ad
1489 3335 1629 3404 salmam
1649 3353 1711 3394 eoce
1723 3337 1769 3393 die

140 3422 260 3493 Ideoque
284 3422 371 3489 major
393 3422 505 3477 morbus
527 3422 623 3490 maiori
645 3421 781 3477 medleina
802 3421 937 3477 curandus
986 3422 1014 3477 in
1028 3422 1768 3498 quaclamarnus:Bectoeatert'leaqaoetsotsgemttrtmt

140 3518 199 3577 est;
224 3525 259 3567 ne
283 3509 306 3564 si
329 3524 384 3565 non
406 3510 496 3565 debita
517 3509 560 3565 vel
588 3509 659 3581 quali
681 3509 759 3565 decet
783 3509 937 3565 austeritate
986 3511 1065 3580 (Iac.
1081 3512 1176 3582 xxtrr);
1191 3526 1256 3567 ecce
1270 3511 1318 3567 illa
1331 3511 1487 3581 periculosa
1499 3520 1625 3583 tempora
1636 3514 1708 3570 Pauli
1716 3528 1768 3570 mcc

141 3597 256 3654 vulnera
267 3612 398 3669 magnum
412 3596 526 3653 fetorem
546 3597 638 3653 dantia
661 3597 791 3653 radicitus
814 3604 937 3652 resecata
986 3597 1116 3668 praedicta
1130 3599 1168 3668 (II
1184 3601 1253 3655 Ilm.
1268 3600 1320 3670 m).
1337 3599 1413 3655 Libet
1427 3615 1494 3672 ergo
1508 3616 1571 3656 cum
1589 3601 1706 3657 Ieremia
1727 3601 1769 3658 cle

140 3684 250 3753 fuerint,
280 3692 364 3743 totum
390 3701 489 3757 corpus
511 3685 643 3741 Ecclesia
665 3683 783 3755 tabefiat,
809 3692 835 3740 et
859 3684 937 3740 nobis
987 3700 1060 3740 mare
1075 3687 1146 3758 (cop.
1164 3687 1206 3752 rx)
1223 3705 1230 3741 :
1248 3686 1313 3753 Quis
1326 3687 1403 3743 dahis
1417 3689 1506 3760 copiti
1531 3705 1592 3746 meo
1608 3691 1768 3763 aquomout

141 3774 201 3831 baec
228 3773 424 3829 sustinentibus
451 3773 631 3828 ministerium
658 3782 780 3829 nostrum
810 3788 937 3828 exercere
987 3776 1076 3831 oculis
1091 3774 1161 3830 meir
1170 3777 1280 3846 fontem
1292 3775 1493 3847 lacrymarum,
1505 3783 1536 3831 ut
1545 3776 1676 3851 plangam
1685 3785 1766 3833 tantan

139 3876 196 3917 non
210 3861 302 3917 liceat.
321 3861 383 3917 Non
397 3860 470 3915 enim
486 3861 652 3931 Stephanum
667 3868 693 3916 et
709 3860 834 3933 Sergium
843 3860 878 3915 ad
887 3876 938 3916 nos
987 3876 1020 3918 ac
1034 3861 1113 3917 talem
1128 3862 1276 3932 miseriam,
1293 3862 1347 3918 tale
1360 3879 1392 3918 ac
1405 3870 1508 3919 tantum
1522 3865 1661 3921 excidium
1671 3862 1767 3937 patriai

140 3948 328 4004 fraudulenter
342 3948 482 4003 venientes
504 3947 625 4019 recipere
649 3949 794 4019 noluimus,
820 3947 869 4003 sed
889 3963 937 4005 eos
988 3950 1042 4005 Sed
1057 3958 1083 4005 et
1098 3949 1124 4004 in
1137 3949 1255 4016 tristitia,
1270 3950 1336 4022 quin
1349 3951 1439 4021 potius
1451 3951 1479 4006 in
1492 3951 1572 4007 ruina
1595 3952 1705 4025 domina
1716 3966 1765 4026 geu·

141 4035 177 4092 ad
191 4042 310 4090 vestram
325 4034 418 4091 venire
437 4034 568 4104 jussimus
590 4036 769 4104 majestatem.
792 4036 936 4105 Caeterum,
987 4037 1062 4104 tium,
1080 4038 1175 4111 regina
1188 4037 1304 4104 urbium,
1320 4045 1409 4093 mater
1423 4038 1619 4107 Ecclesiarum,
1637 4038 1764 4098 eonsoht't

141 4122 178 4178 ftli
192 4123 362 4193 charissime,
378 4123 522 4179 thesauros
537 4123 670 4179 Ecclesia
690 4133 800 4192 nostrae,
823 4125 857 4178 ab
880 4125 937 4180 eis·
986 4125 1111 4192 tristium,
1127 4133 1221 4197 portus
1245 4125 1465 4196 periclitandum.
1487 4128 1570 4196 Eece,
1596 4129 1712 4201 inquam,
1731 4143 1763 4181 re·

140 4211 204 4268 dem
218 4210 420 4266 nefandissimis
432 4219 526 4283 raptos
541 4226 573 4267 ac
586 4210 735 4277 fraudatos,
747 4212 783 4266 ita
797 4212 888 4268 sciatis
902 4212 937 4268 ab
986 4225 1050 4264 vera
1064 4209 1123 4264 dIes
1138 4209 1320 4265 tribulationis
1345 4217 1372 4265 et
1392 4211 1534 4281 angusuae,
1551 4212 1613 4268 dies
1630 4208 1762 4269 calamitatis

140 4299 207 4370 ipsis
222 4299 302 4355 etiam
318 4299 428 4367 celatos,
445 4306 474 4354 ut
488 4315 538 4372 per
553 4315 600 4356 cos
616 4300 661 4372 qui
677 4301 722 4355 hic
736 4300 769 4355 de
786 4299 843 4354 suis
857 4299 937 4355 satel·
986 4305 1012 4351 et
1026 4296 1152 4352 miserIae.
1169 4297 1307 4352 Praeterito
1322 4297 1423 4369 quippe
1436 4314 1507 4355 anno
1521 4294 1761 4368 semInnvausqu'r

140 4387 232 4443 litibus
247 4395 445 4455 remanserunt,
456 4387 572 4443 invenIri
587 4404 643 4443 non
656 4388 778 4459 possint;
794 4387 856 4442 illos
871 4381 972 4443 veroD
987 4384 1060 4450 dem,
1077 4385 1126 4440 sed
1141 4384 1408 4458 nonreeolligimus;
1426 4387 1553 4443 bocuero
1564 4403 1646 4457 anno,
1659 4387 1759 4460 munta

138 4475 184 4548 qui
199 4483 330 4532 noverunt
345 4475 391 4530 ubi
407 4490 454 4531 eos
469 4476 679 4541 recondiderint,
705 4490 740 4531 ne
763 4475 854 4547 detegi
868 4491 936 4546 pos·
987 4473 1191 4540 seminavimus,
1209 4488 1260 4528 nec
1273 4480 1314 4528 est
1327 4473 1505 4546 recolligendi
1527 4472 1637 4533 fiducie.
1659 4473 1720 4544 Quid
1735 4469 1758 4525 le

139 4571 209 4631 sent,
225 4561 296 4634 apud
311 4578 340 4617 se
355 4562 451 4618 callide
465 4563 591 4628 retinent,
607 4571 633 4617 et
648 4560 700 4618 nisi
716 4563 766 4634 ipsi
789 4562 861 4634 capti
875 4561 935 4618 fue·
986 4561 1099 4631 paganis
1115 4560 1240 4629 dicImus,
1257 4575 1319 4617 cum
1342 4561 1489 4616 Christiani
1509 4562 1576 4617 nibil
1600 4564 1693 4620 melius
1711 4573 1756 4629 ope

139 4649 201 4717 rint,
216 4649 263 4705 ubi
277 4658 339 4705 sunt
355 4650 482 4706 occultati
496 4665 546 4705 nos
561 4659 722 4722 nostrosque
740 4651 848 4722 penitus
862 4650 934 4718 latet,
986 4649 1100 4703 rentur?
1124 4648 1235 4720 quidam
1260 4647 1385 4704 uidelicet
1407 4665 1440 4704 ex
1464 4649 1618 4706 confinibus
1640 4659 1666 4707 et
1685 4643 1755 4706 utitis

139 4737 331 4793 Verumtamen
353 4737 417 4809 quid
444 4738 486 4794 sel
512 4747 643 4810 quantum
663 4740 697 4794 ab
719 4755 774 4794 uno
798 4747 824 4793 et
847 4755 935 4810 quan·
985 4736 1095 4803 nostris,
1112 4751 1180 4814 quos
1194 4736 1368 4792 marchiones
1383 4736 1462 4792 solito
1477 4739 1649 4810 nuncupatis.
1670 4736 1754 4793 Nona

138 4833 195 4879 tum
219 4825 253 4879 ab
275 4827 349 4893 alio,
378 4835 562 4899 quamumque
585 4827 667 4882 etiam
691 4827 719 4881 in
741 4826 867 4882 domibus
889 4841 935 4882 eo·
985 4823 1143 4894 prophetice
1155 4823 1459 4880 dicamus:llesidttatm
1470 4813 1587 4881 locustae
1596 4823 1754 4884 coootttta·

137 4928 197 4967 rum
212 4921 350 4982 repertum
365 4914 408 4981 sit,
426 4915 577 4982 vestrijam
592 4914 656 4969 dicti
680 4914 763 4985 legati
786 4922 812 4969 et
833 4914 935 4985 scripto
985 4912 1054 4966 chus
1077 4911 1147 4978 ttoel
1169 4911 1210 4982 u).
1236 4912 1270 4966 Et
1291 4910 1356 4983 qnid
1379 4911 1523 4968 Saracenis
1548 4912 1705 4979 incredulis,
1722 4903 1753 4977 qli

139 5008 166 5056 et
181 5000 272 5056 verbis
286 5000 373 5068 robis,
392 5002 427 5056 sit
442 5002 541 5072 placet,
567 5003 682 5059 edicant.
709 5003 776 5056 Data
791 5016 862 5057 xvtu
878 5003 934 5056 Ka·
985 5005 1048 5052 sunt
1062 4997 1108 5052 filii
1124 4998 1238 5064 ancillae,
1259 4997 1327 5053 forte
1348 4998 1507 5070 relinquitur
1528 5000 1564 5054 ab
1588 5001 1641 5056 illis
1663 4999 1703 5071 qui
1720 5006 1754 5065 ptr

115 5087 230 5144 .lendas
245 5089 415 5156 Decembris,
431 5089 577 5146 indictione
591 5090 706 5146 decima.
985 5083 1066 5141 fidem
1081 5085 1175 5142 liberae
1189 5085 1319 5141 deberent
1333 5087 1449 5141 existere
1468 5085 1542 5142 thir
1560 5089 1653 5160 Usque
1672 5086 1701 5142 ad
1717 5089 1755 5134 ter·

165 5249 500 5313 bAttsepiroetildatporto.
519 5252 583 5302 blissi
601 5252 672 5303 ambo
692 5253 824 5303 Romame
848 5251 934 5311 Carolo
983 5248 1095 5310 Petram,
1108 5247 1204 5299 remitit
1214 5247 1322 5303 Romam.
1336 5250 1425 5297 etcum
1446 5248 1482 5298 eia
1500 5248 1648 5312 Aesopiam
1667 5247 1759 5321 Scapt*

134 5317 232 5368 fuerant
246 5329 299 5368 cuns
312 5318 399 5380 legatis
411 5317 550 5380 apostoheIs
562 5324 616 5381 post
630 5318 748 5380 synodum
770 5319 935 5381 pontigonen·
983 5327 1033 5365 sem
1045 5315 1196 5377 eptccopttm,
1216 5319 1242 5364 et
1252 5312 1412 5376 deotpertum
1430 5314 1672 5376 toomrodumaea
1689 5319 1759 5376 Μ

58 5406 61 5413 ·
131 5394 194 5432 aem.
208 5383 333 5434 himoinus
345 5384 391 5433 lib.
405 5397 430 5443 v,
443 5396 496 5446 cap.
510 5385 542 5434 53
556 5397 563 5432 :
577 5384 660 5435 Soluto
687 5384 853 5446 eetcpcodoa.
871 5385 935 5435 Poe·
980 5392 1048 5442 putu.
1064 5381 1136 5431 Stat·

132 5453 171 5498 teo
183 5448 315 5511 imperator
336 5451 426 5511 lerator
447 5455 586 5501 munerator
610 5450 762 5515 apostolicos,
785 5451 888 5502 Leonem
909 5456 935 5501 et
