3794 6104
156 221 190 275 23
619 217 790 274 lllNCllde
819 214 1020 271 llllEMENSlS
1047 213 1322 271 anettteetscoet.
1770 219 1804 273 at

154 342 279 415 quamvis
293 359 337 397 mu
353 350 393 397 tas
407 343 613 414 persecutiones
628 351 654 397 et
668 342 747 397 morti
766 340 904 413 proximas
919 341 953 394 ab
966 338 1152 406 Alienorubo,
1170 345 1198 395 ct
1212 340 1242 396 lu'
1256 341 1304 413 qui
1328 343 1461 395 teurnnnt
1487 355 1541 405 rire,
1561 343 1646 394 crnrrt
1669 340 1805 411 tpnotttes

154 446 189 487 eo
203 431 354 503 saepissime
370 432 539 487 sustinuerit.
559 432 707 502 Insuperet
721 430 790 484 bene
804 428 952 500 scitisquid
1002 427 1026 497 (l
1035 430 1099 500 ltcp.
1112 430 1152 489 nl.
1166 429 1199 483 Et
1213 444 1219 483 :
1235 429 1288 496 Qut
1298 446 1345 484 vos
1356 430 1459 500 tuapte,
1473 429 1566 498 tcrrpit
1573 428 1717 500 pupillam
1731 430 1808 484 oculi

155 518 190 574 de
199 518 247 574 illo
259 520 383 588 jusserit,
399 521 454 592 qui,
472 520 535 575 licet
550 518 728 582 mendaciter,
745 533 794 588 pro
821 517 892 571 illius
908 525 951 571 ta·
1001 517 1058 571 mci
1068 518 1164 587 tluclr.
1176 522 1217 587 u).
1233 518 1266 571 lx't
1275 517 1302 570 in
1309 516 1415 587 psalmo
1433 533 1439 570 :
1456 517 1547 573 Nolite
1555 520 1671 587 langere
1681 515 1803 585 cbristus

155 622 219 662 men
234 608 322 681 gratia
339 608 505 680 acquirenda
518 624 549 662 se
564 623 674 661 manum
700 605 809 660 misisse
825 605 852 659 in
872 605 952 659 Chri·
1006 621 1090 670 meos,
1112 606 1178 660 etin
1195 605 1339 677 prophetia
1350 605 1419 660 meis
1430 605 1518 660 nolite
1537 605 1695 675 ruolipnnri
1709 605 1800 665 (Prot.

156 702 238 761 atum,
255 695 338 751 idest
354 703 465 752 unctum
481 695 597 762 Domini,
622 694 854 748 nuntiaritznam
865 694 887 747 si
911 701 952 747 est
1003 691 1228 763 cxt'i;quoniam:
1247 694 1299 760 Qut
1320 693 1529 765 decimarentur,
1555 692 1583 746 id
1611 700 1653 747 est
1680 693 1804 762 maligna

154 783 254 856 aliquis
264 783 310 855 qui
325 784 383 840 haec
395 784 513 856 ignoret,
534 799 583 838 nos
598 783 623 838 ei
637 783 752 838 dicimus
778 783 840 853 quia
858 781 949 853 gladio
1003 782 1579 854 agunt,caternriuobuntnr:attenuantes
1599 785 1697 836 uatem
1709 784 1805 837 Demi·

155 887 217 927 eum
232 871 384 927 interlicere
396 872 485 940 jussit.
496 872 540 927 Sic
554 879 581 926 et
595 871 642 942 qui
665 869 807 926 infideliter
828 877 854 925 et
883 885 951 925 con·
1001 885 1072 925 nuru
1088 869 1143 941 ipsi
1175 869 1730 939 hereditabunttcrrum(Panlxxxvxl,
1748 869 1802 925 lxoo

154 961 298 1015 tumaciter
312 961 339 1014 in
354 968 464 1016 anctum
479 959 695 1031 qualemcunque
718 958 825 1014 Domini
841 974 951 1013 manum
1001 957 1358 1029 est1·egnnml)ei.litcum
1374 957 1477 1011 venerit
1493 965 1600 1027 tempus
1611 965 1637 1011 et
1659 957 1749 1021 locus,
1759 959 1799 1012 si-

152 1047 242 1113 mittit‚
260 1049 404 1102 Dominum
420 1048 588 1103 christorum
605 1047 740 1102 Christum
752 1047 908 1116 contemnit,
925 1056 952 1101 et
1001 1054 1046 1102 cut
1061 1045 1186 1116 superius
1206 1045 1331 1111 diximus,
1344 1045 1486 1117 loquemur
1501 1060 1563 1100 eum
1577 1045 1801 1101 nostrisconsra·

152 1135 179 1189 in
193 1136 281 1189 anima
296 1136 390 1206 procul
415 1135 499 1190 dubio
520 1135 649 1206 spiritalis
673 1135 758 1208 gladii
782 1135 952 1190 animadver-
1001 1133 1805 1204 tribus;etsicutDominijustisdispositionibusviderimus

153 1222 229 1279 sione
242 1224 322 1295 perit.
335 1224 399 1280 llaec
409 1224 535 1287 dicimus,
547 1240 602 1279 non
611 1232 639 1277 ut
649 1224 876 1295 exaggerationes
887 1239 952 1279 con·
1002 1223 1158 1287 convenire,
1175 1222 1233 1276 sine
1250 1222 1332 1277 dubio
1342 1220 1481 1277 faciemus.
1493 1223 1527 1276 Et
1535 1238 1590 1275 non
1602 1229 1642 1277 est
1654 1222 1803 1278 rationabi-

150 1319 191 1366 tra
204 1311 417 1367 dominationem
433 1321 553 1367 restrum
576 1313 742 1382 incongruas
764 1312 949 1383 exquiramus,
1002 1310 1036 1366 lis
1046 1326 1129 1366 causa
1140 1319 1299 1382 quaecoutra
1310 1311 1361 1365 lxoc
1371 1311 1445 1382 quod
1455 1309 1571 1380 petimus
1582 1326 1631 1365 ros
1640 1310 1737 1365 debeat
1749 1312 1802 1365 sti-

151 1400 200 1455 sad
211 1407 239 1454 ut
250 1400 403 1455 evidentius
413 1416 462 1471 pro
474 1400 601 1471 qualitate
611 1401 699 1455 nostri
709 1400 862 1465 ministerii,
874 1400 949 1472 quid,
1001 1399 1103 1455 molare
1116 1417 1122 1454 ι
1134 1402 1195 1470 quia
1204 1414 1258 1454 uon
1267 1415 1360 1453 sumus
1374 1398 1532 1467 hujusmodi
1551 1398 1675 1453 homines
1688 1407 1717 1453 ut
1737 1415 1802 1454 cum

152 1495 267 1558 excepta
283 1487 373 1542 debita
389 1486 442 1542 tide
457 1496 483 1543 et
498 1487 686 1556 beneticienta,
716 1489 796 1544 nobis
821 1489 847 1542 iu
867 1488 951 1543 fratre
1001 1487 1212 1558 cognoverimus
1221 1487 1389 1541 voluntatem
1399 1485 1639 1552 Domirxi‚xelimus
1649 1495 1695 1541 aut
1705 1487 1804 1543 debea-

151 1583 242 1630 vestro
258 1576 438 1631 reverendum
447 1577 490 1644 sit,
507 1577 734 1632 demonstremus.
750 1577 842 1631 Talem
853 1593 951 1648 nempe
1000 1592 1062 1630 mus
1072 1575 1207 1647 quomodo
1218 1575 1360 1645 resultare,
1371 1574 1414 1629 rel
1423 1575 1496 1628 rixas
1512 1582 1538 1629 et
1551 1574 1739 1630 dissensiones
1752 1593 1802 1631 scu

151 1679 201 1719 ros
215 1663 348 1719 debemus
363 1673 388 1719 et
404 1665 527 1720 volumus
542 1665 665 1731 credere,
682 1675 710 1720 ut
725 1681 775 1721 nec
798 1682 847 1720 ros
870 1665 948 1736 regni
963 1664 1158 1750 Baeditiones‚
1179 1679 1248 1735 quas
1269 1662 1366 1736 vulgus
1390 1679 1492 1719 suerrus
1514 1663 1633 1718 nominat
1650 1664 1802 1719 debeamus

150 1760 328 1825 augmentum
344 1768 405 1809 cum
429 1753 639 1809 animaevestrae
667 1754 830 1809 detrimento
860 1754 948 1808 velitis
1002 1768 1185 1817 commorere,
1204 1766 1362 1817 conserere,
1389 1751 1432 1806 rel
1448 1760 1549 1820 tencre,
1576 1768 1645 1823 epiros
1667 1752 1802 1809 Dominus

153 1840 265 1906 habere,
282 1857 371 1913 neque
385 1857 435 1896 nos
450 1857 511 1897 oum
527 1841 572 1896 tali
587 1842 722 1897 dedecore
738 1842 771 1896 ad
786 1842 950 1911 adjutorium
999 1837 1077 1908 pacis
1092 1837 1281 1906 praedicatores
1296 1843 1322 1890 et
1343 1844 1494 1890 sectatores
1512 1836 1593 1890 voluit
1610 1837 1750 1906 ordinare,
1776 1847 1803 1892 et

152 1928 331 1985 ecclesiastici
348 1929 487 2002 regiminis
503 1938 530 1984 et
545 1931 750 2003 gubernationis
768 1930 901 2000 recipere,
922 1937 950 1982 ut
1000 1933 1113 1997 peccata
1128 1934 1220 1979 nostra
1235 1933 1315 1996 atquc
1340 1924 1419 1978 nobis
1435 1925 1653 1989 commissorum,
1674 1933 1701 1980 et
1716 1926 1799 1980 etiam

151 2016 211 2072 aine
226 2017 380 2073 sacerdotio
395 2017 498 2083 simus;
514 2033 568 2090 quo
583 2019 678 2089 privati
693 2019 804 2085 erimus,
817 2018 839 2071 si
856 2027 949 2073 contra
1000 2014 1082 2069 totius
1100 2013 1203 2084 populi,
1219 2012 1355 2068 constituit
1365 2012 1496 2083 plangere
1505 2020 1530 2066 et
1539 2028 1643 2081 curare,
1656 2021 1683 2068 et
1698 2013 1799 2068 bellum

152 2104 240 2160 Deum
261 2113 287 2159 et
309 2104 422 2160 rationis
451 2106 647 2172 auctoritatem,
678 2122 738 2171 nos,
766 2106 949 2177 ecclesiasque
999 2102 1157 2168 cumcitiis,
1175 2110 1201 2157 ct
1225 2118 1319 2173 pacem
1348 2117 1409 2155 eum
1432 2099 1561 2155 fratribus
1578 2101 1660 2170 jussit
1684 2101 1797 2157 habere.

149 2199 257 2248 nostras
271 2192 349 2248 vobis
365 2193 548 2259 studuerimus
562 2195 741 2249 committere.
763 2193 895 2249 Ecclesia
909 2194 949 2247 si·
999 2189 1056 2246 Nos
1071 2188 1198 2261 equidem
1209 2206 1304 2260 pacem
1321 2197 1347 2244 et
1362 2189 1490 2260 quietem,
1512 2205 1567 2243 nou
1582 2190 1656 2244 rixas
1670 2198 1698 2244 et
1714 2190 1795 2259 bella,

148 2280 259 2352 quidem
275 2281 379 2336 nobisa
393 2282 450 2336 Deo
466 2281 620 2337 commissae
635 2297 690 2336 non
706 2282 771 2336 talia
786 2290 848 2337 sunt
863 2283 948 2337 bene-
999 2286 1124 2349 optamus
1136 2285 1161 2333 et
1176 2278 1320 2349 quartanis
1338 2295 1344 2331 :
1362 2277 1429 2346 Quia
1451 2278 1520 2332 sicut
1539 2278 1604 2334 dicit
1623 2278 1772 2348 Apostolus
1789 2298 1795 2333 :

148 2366 219 2434 licia,
236 2376 263 2422 et
277 2367 431 2437 hujusmodi
443 2369 517 2441 regis
531 2369 691 2439 proprietas,
709 2377 738 2424 ut
752 2386 803 2439 pro
813 2370 889 2423 libitu
900 2385 949 2424 suo
1000 2367 1059 2423 d'on
1074 2371 1141 2421 suaet
1156 2367 1473 2431 nobiscnrnnlinurma,
1486 2367 1533 2421 sed
1547 2367 1702 2438 spiritalia,
1715 2371 1798 2441 etpo-

150 2455 303 2512 inconsulte
318 2455 379 2510 illas
406 2457 493 2527 possit
516 2456 591 2526 darc,
614 2457 657 2511 vel
680 2457 798 2512 tollere:
821 2458 948 2529 quoniam
1000 2457 1091 2510 tentia
1107 2455 1144 2524 tll
1159 2455 1219 2511 Cor.
1235 2457 1277 2521 xl,
1301 2454 1400 2525 quibus
1415 2471 1509 2509 sumus
1526 2454 1638 2510 calceati
1663 2454 1750 2524 pedes
1771 2456 1798 2509 in

151 2544 242 2600 omnia
259 2561 320 2617 qum
342 2545 474 2600 Ecclesia
500 2554 572 2610 sunt,
602 2547 659 2602 Deo
688 2555 851 2602 consecrata
875 2555 947 2602 sunt,
999 2543 1198 2614 praeparatione
1213 2542 1346 2615 evangelii
1360 2543 1449 2613 pacis,
1478 2542 1564 2597 induti
1587 2543 1669 2598 lorica
1687 2543 1798 2612 justitiae

152 2633 229 2689 Unde
241 2633 287 2704 qui
302 2633 433 2688 Ecclesiae
447 2634 554 2704 aliquid
567 2633 706 2690 fraudatur
719 2643 765 2690 aru
776 2636 853 2705 tollit,
869 2637 949 2691 sacri·
999 2638 1026 2687 et
1040 2631 1120 2703 galea
1132 2631 1236 2698 salutis,
1253 2631 1368 2687 accincti
1383 2631 1489 2686 lumbos
1503 2631 1529 2685 in
1552 2631 1675 2701 veritate,
1693 2633 1798 2687 naben-

150 2719 254 2793 legium
264 2722 414 2777 secundum
429 2731 552 2778 sanctam
568 2723 734 2794 Scripturam
751 2723 841 2779 lacere
855 2724 948 2780 nosci·
1000 2726 1041 2775 tes
1051 2727 1155 2774 scutum
1171 2718 1234 2774 lidci
1245 2727 1271 2774 et
1286 2719 1407 2791 gladium
1417 2719 1534 2790 Spiritus
1549 2720 1653 2774 saneti:
1670 2721 1797 2791 quianon

151 2816 206 2865 tur.
222 2811 256 2864 Et
271 2825 322 2865 nos
336 2810 457 2881 episcopi
473 2811 589 2866 Domino
603 2812 763 2873 consecrati,
779 2828 832 2867 non
855 2829 948 2866 sumus
999 2816 1041 2863 est
1055 2808 1135 2863 nobis
1162 2808 1318 2863 colluctatio
1344 2808 1476 2863 adversus
1505 2824 1613 2863 carnem
1636 2816 1663 2862 et
1687 2810 1797 2882 sangui-

151 2897 306 2967 hujusmodi
320 2898 446 2952 homines
461 2907 488 2952 ut
518 2899 587 2954 sicut
606 2900 731 2955 homines
753 2901 898 2956 saeculares
921 2900 948 2954 in
999 2912 1072 2961 nem,
1086 2896 1134 2951 sed
1149 2897 1282 2951 adversus
1296 2896 1435 2966 principes
1452 2903 1478 2951 et
1491 2904 1648 2967 potestates,
1664 2897 1798 2952 adversus

150 2985 315 3043 vassallitico
337 2986 485 3041 debeamus
505 3003 555 3042 nos
588 2988 700 3043 cuilibet
737 2989 946 3054 commendare,
1000 2992 1122 3039 rectores
1137 2985 1312 3039 tenebrarum
1327 2986 1432 3048 harum,
1449 2993 1543 3039 contra
1557 2985 1686 3055 spiritalia
1701 2986 1799 3056 nequi-

152 3073 202 3129 sed
215 3074 250 3128 ad
264 3072 451 3129 defensionem
467 3082 493 3128 et
509 3075 543 3129 od
558 3076 716 3144 adjutorium
741 3077 947 3149 gubernationis
965 3037 1044 3127 Ctiae
1058 3073 1086 3126 in
1105 3073 1269 3128 caelestibus.
1292 3073 1326 3126 Et
1354 3089 1408 3127 non
1424 3072 1577 3152 'militamus
1599 3081 1709 3128 terreno
1728 3076 1796 3144 regi,

152 3162 181 3216 in
195 3161 381 3217 ecclesiastico
397 3163 529 3234 regimine
559 3180 618 3231 nos,
640 3164 825 3237 ecclesiasque
839 3174 948 3220 nostras
1000 3161 1048 3216 sed
1063 3161 1176 3228 caelesti,
1192 3177 1242 3231 pro
1253 3161 1338 3216 salute
1354 3169 1379 3215 et
1394 3169 1486 3216 nostra
1510 3169 1536 3216 et
1552 3161 1654 3216 terreni
1670 3163 1755 3233 regis,
1772 3171 1799 3217 et

149 3250 329 3317 committere,
345 3259 390 3305 unt
402 3250 545 3319 jurationis
569 3259 778 3319 sacramentum,
807 3253 879 3325 quod
897 3270 949 3309 nos
999 3250 1081 3305 totius
1105 3249 1197 3320 populi
1211 3249 1291 3303 nobis
1305 3250 1464 3305 commissi:
1479 3266 1594 3321 quorum
1611 3249 1729 3316 efficium
1755 3259 1798 3305 est

147 3338 308 3412 evangelica
318 3346 344 3393 et
358 3339 510 3410 apostolica
521 3341 666 3396 auctoritas
679 3349 760 3408 vetat,
796 3340 947 3396 debeamus
999 3337 1187 3404 nullinocere‚
1204 3337 1709 3409 contranerninemjnddeliteragere,
1738 3357 1797 3395 om·

151 3427 344 3500 quoquomodo
359 3426 459 3484 facere,
479 3429 573 3484 liunus
587 3429 659 3485 enim
681 3430 829 3485 chrismate
853 3438 948 3486 sancto
999 3426 1079 3481 nibus
1094 3434 1184 3480 antem
1195 3425 1264 3482 velle
1280 3426 1422 3496 prodesse.
1439 3426 1575 3495 Tandem,
1593 3427 1702 3483 domine
1717 3429 1797 3483 nobis

147 3525 288 3587 peruncta,
305 3533 365 3588 qum
380 3517 414 3571 de
428 3533 498 3588 pane
512 3524 538 3573 et
552 3518 615 3574 vino
631 3535 702 3591 aqua
719 3518 800 3574 misto
823 3535 872 3590 per
886 3535 948 3574 ora·
1000 3532 1058 3580 rex,
1073 3523 1168 3570 contra
1184 3517 1270 3586 Deum
1281 3523 1306 3569 et
1317 3522 1409 3570 contra
1424 3514 1542 3568 animam
1554 3525 1737 3571 nostrumnon
1749 3532 1798 3570 au-

149 3602 251 3661 tionem
266 3612 292 3660 et
307 3604 395 3661 crucis
410 3605 521 3678 signum
543 3606 653 3663 conficit
674 3623 773 3678 corpus
798 3616 825 3663 et
849 3608 949 3662 Christi
999 3603 1080 3659 dietis
1095 3604 1155 3658 illos
1172 3605 1218 3675 qui
1233 3602 1356 3669 dixerint,
1375 3604 1398 3658 si
1413 3602 1482 3658 sorte
1497 3604 1574 3658 robis
1584 3604 1701 3660 dixerint
1718 3623 1724 3657 :
1741 3621 1796 3659 non

148 3693 290 3766 sanguinis
305 3702 514 3761 sacramentum,
531 3695 713 3749 abominabile
738 3703 790 3759 est,
815 3695 949 3766 quidquid
999 3692 1046 3746 tibi
1062 3693 1095 3746 sit
1109 3708 1191 3760 eixrm,
1209 3708 1266 3756 rex,
1280 3708 1340 3761 qun
1354 3691 1401 3745 tibi
1416 3691 1535 3746 referunt
1545 3692 1707 3747 illitellones
1717 3702 1797 3764 atque

148 3787 212 3834 ante
227 3780 426 3835 ordinationem
441 3779 543 3844 fecerit,
559 3790 588 3835 nt
602 3791 664 3852 post
673 3782 870 3836 ordinationem
887 3783 947 3852 epi·
998 3779 1153 3852 ignobiles,
1168 3780 1219 3835 hoc
1234 3778 1276 3833 sac
1291 3781 1362 3849 quod
1378 3779 1426 3832 tibi
1446 3780 1571 3845 dicimus,
1588 3781 1717 3852 quoniam
1733 3797 1795 3836 eum

147 3857 419 3936 scopatus'sacutare
439 3876 531 3943 tangat
558 3869 708 3925 ullomodo
731 3879 943 3925 sacramentum.
999 3867 1109 3932 nostris,
1136 3876 1229 3922 ctnon
1247 3884 1308 3921 cnm
1330 3868 1441 3922 istorum
1458 3868 1625 3938 parentibus,
1649 3877 1795 3924 tenuerunt

149 3954 185 4008 Et
198 3954 290 4026 lingua
306 3956 436 4027 episcopi,
453 3974 513 4028 quae
528 3957 597 4013 luctu
625 3966 666 4012 est
694 3975 742 4028 per
765 3959 814 4014 Dei
831 3958 947 4031 gratiam
998 3963 1124 4026 parentes
1140 3956 1177 4010 tui
1194 3972 1320 4026 regnum.
1337 3957 1394 4011 Nos
1408 3964 1498 4011 autem
1514 3957 1690 4012 obsecramus
1704 3958 1795 4012 domi·

147 4042 233 4098 clavis
247 4044 319 4111 cccli,
336 4044 468 4100 nefarium
483 4053 524 4100 cst
539 4055 567 4100 ut
586 4047 654 4102 sicut
670 4048 809 4103 smcularis
834 4047 947 4118 quilibet
997 4039 1134 4095 nationem
1155 4048 1282 4103 vestram.
1306 4041 1437 4095 attendite
1460 4041 1559 4111 potine,
1586 4041 1608 4095 si
1632 4042 1795 4097 christianus

147 4147 230 4203 super
244 4133 398 4201 sacrujuret
413 4133 440 4188 in
455 4134 564 4188 xroxnine
577 4134 685 4189 Domini
699 4144 725 4190 et
736 4136 946 4191 sanctorumin-
997 4144 1045 4183 rex
1060 4128 1135 4193 estis,
1152 4128 1221 4184 sicul
1235 4135 1261 4183 cl
1276 4130 1333 4183 D00
1357 4129 1460 4200 gratias
1476 4129 1581 4201 egistis,
1612 4138 1637 4184 ct
1666 4130 1792 4185 inillam

146 4220 305 4287 vacaneum
323 4222 374 4275 nisi
386 4221 464 4288 lox-tc,
484 4224 557 4293 quod
572 4224 651 4289 absit,
669 4238 762 4279 comm
779 4241 840 4279 eum
861 4240 947 4280 scan-
994 4217 1113 4285 creditis,
1123 4226 1150 4271 et
1164 4233 1212 4288 per
1223 4217 1297 4271 illurn
1313 4234 1428 4288 regnare
1444 4218 1533 4284 xxxltis,
1552 4221 1605 4274 Per
1615 4235 1706 4291 querit,
1724 4220 1794 4275 sicut

148 4307 240 4362 dalum
253 4309 383 4364 acciderit
393 4311 523 4366 Ecclesiae
534 4328 605 4378 suan
619 4320 646 4367 et
660 4312 723 4367 inde
738 4313 777 4367 sic
788 4321 945 4383 temperan-
996 4305 1192 4376 scriptumest,
1209 4323 1286 4378 repca
1304 4311 1425 4378 reprcunt
1449 4309 1543 4378 ‹jer-ou.
1564 4306 1634 4375 ruri,
1665 4316 1691 4361 et
1715 4308 1793 4376 cujus

146 4404 188 4452 ter
202 4405 274 4469 agar,
291 4397 369 4463 sicut,
384 4399 500 4454 nomino
516 4399 640 4467 docente,
652 4401 847 4456 consutum-unx
857 4411 945 4457 racio·
958 4389 984 4448 D
995 4401 1036 4448 est
1050 4411 1176 4464 reanum,
1193 4394 1248 4449 imo
1262 4396 1336 4449 orbis
1352 4406 1433 4449 terrac
1448 4403 1474 4449 et
1488 4395 1629 4466 plenitudo
1643 4396 1712 4465 ejus,
1729 4397 1793 4466 auia

145 4486 329 4543 resEcclesiae
345 4487 469 4558 synodali
480 4487 605 4543 concilio.
617 4489 682 4543 Etsi
695 4489 840 4561 aliquando
852 4506 943 4546 saera·
994 4483 1066 4537 idem
1082 4484 1156 4537 Deus
1170 4483 1197 4537 iu
1213 4499 1294 4538 carne
1310 4484 1431 4550 veniens,
1449 4484 1494 4555 qui
1510 4484 1583 4539 solus
1595 4500 1640 4538 rex
1658 4484 1717 4538 lieri
1740 4500 1792 4554 po-

143 4585 235 4629 menta
250 4577 284 4630 ab
299 4576 435 4648 episcopis
451 4584 546 4631 exacta
561 4585 606 4630 aut
621 4576 689 4633 facta
706 4578 821 4648 suerunt,
847 4587 943 4635 contra
994 4570 1042 4625 tuit
1056 4579 1082 4625 ct
1095 4572 1233 4640 sarcerdos,
1250 4580 1277 4627 et
1299 4572 1325 4625 in
1351 4572 1451 4627 mulum
1470 4573 1622 4627 ascendens
1645 4589 1724 4626 suum
1747 4590 1793 4626 rc-

143 4662 229 4716 Dcum
246 4673 272 4717 ct
287 4666 489 4721 ecclesiasticas
504 4665 621 4736 regulas,
640 4683 701 4737 qum
717 4667 818 4736 Spiritu
847 4677 942 4723 sarecto
993 4660 1137 4731 gn11111.itl
1162 4668 1203 4714 cst
1231 4677 1307 4714 snam
1333 4661 1494 4728 Ecclesiam,
1520 4661 1591 4715 iuter
1609 4660 1793 4730 pontificalem

140 4748 247 4804 dictatur
263 4759 289 4806 et
312 4753 413 4821 Cluisti
436 4764 497 4809 srmt
510 4755 643 4825 sanguine
670 4753 847 4824 continuatur,
866 4756 941 4811 inita
992 4748 1178 4803 auctoritatem
1194 4757 1219 4804 ct
1228 4749 1333 4821 regiam
1343 4756 1503 4819 potestatem
1514 4749 1721 4820 gubernandum
1733 4749 1792 4803 dis-

140 4841 242 4888 saucttc
258 4834 403 4904 Scriptura>
418 4839 527 4911 paginis
542 4839 737 4904 declarantur;
758 4847 783 4893 et
799 4839 941 4911 exigentes
992 4836 1091 4906 posuit,
1109 4845 1135 4892 et
1147 4853 1200 4892 nou
1217 4837 1297 4907 elegit
1313 4838 1349 4891 ad
1364 4838 1415 4893 hoc
1427 4837 1525 4891 divites
1552 4846 1578 4892 et
1601 4838 1716 4906 nobiles,
1743 4839 1792 4892 scd

142 4930 224 4993 atque
239 4921 370 4977 facientes
385 4927 583 4983 medicamento
598 4928 695 4982 exinde
711 4927 839 4981 salutaris
853 4929 940 4998 pieni·
991 4941 1124 4995 pauperes
1139 4935 1165 4979 et
1179 4926 1339 4996 piscatores,
1357 4933 1382 4979 et
1398 4925 1467 4980 sicut
1481 4926 1614 4996 seriptum
1629 4934 1670 4980 est
1687 4945 1693 4980 :
1711 4927 1792 4998 Ipne-

142 5009 234 5065 tentioe
262 5009 384 5083 indigent
413 5021 435 5066 ².
453 5014 602 5084 Propterea
616 5022 791 5087 exspectate,
819 5016 938 5079 domiue,
991 5014 1057 5068 bilin
1073 5019 1101 5068 et
1116 5014 1343 5085 corrtcruptibiliu
1358 5014 1459 5069 eunardi
1474 5015 1567 5085 clepit,
1583 5019 1617 5069 ut
1631 5015 1791 5085 conscindat

139 5093 274 5164 patienter
299 5094 368 5149 sicut
382 5094 509 5165 princeps
525 5099 687 5155 christianus
711 5099 842 5155 Ecclesiae
856 5100 937 5167 tilius,
990 5103 1113 5170 tertiat!
1127 5104 1187 5157 Cor.
1202 5103 1231 5170 ι).
1249 5103 1282 5155 lit
1297 5102 1355 5156 lieri
1371 5110 1459 5172 potest
1474 5111 1501 5156 ut
1513 5103 1581 5157 tales
1594 5103 1673 5158 robis
1688 5103 1738 5157 ista
1753 5103 1791 5157 di·

138 5188 166 5236 et
179 5182 313 5238 honorate
328 5191 429 5237 sanctae
443 5183 575 5239 Ecclesiae
589 5197 731 5253 rectores;
748 5197 775 5242 ut
790 5205 839 5244 ros
854 5190 938 5244 lrouo-
989 5197 1049 5244 caut
1066 5190 1100 5249 tsi
1114 5189 1181 5244 sorte
1196 5190 1285 5243 minus
1295 5191 1452 5245 necessario
1468 5193 1555 5246 Deum
1570 5191 1696 5246 timentes
1713 5192 1790 5246 robis

140 5277 182 5326 ret
197 5271 242 5342 qui
256 5271 335 5325 nobis
350 5270 416 5326 dixit
433 5288 439 5323 :
462 5271 514 5338 otti
528 5288 574 5327 uos
587 5276 676 5342 aaran,
687 5293 732 5332 me
743 5278 839 5335 credit:
855 5282 937 5350 etqui
988 5277 1114 5348 dixerint)
1126 5292 1187 5332 cum
1202 5295 1316 5350 quorum
1327 5280 1482 5349 parentibus
1491 5279 1626 5346 diabolus,
1637 5280 1681 5351 qui
1693 5296 1790 5335 secun·

139 5384 185 5424 ²¹0⁸
200 5370 319 5440 apernit,
334 5370 497 5442 mttpernt'l
508 5378 514 5429 t
520 5370 585 5424 Luc.
598 5372 638 5438 x).
650 5373 683 5425 llt
694 5391 699 5425 :
711 5375 884 5431 Honoruutcs
894 5393 937 5430 rrae
988 5375 1052 5429 dum
1063 5374 1226 5445 scripturam
1239 5393 1245 5428 :
1256 5377 1304 5431 Est
1320 5393 1372 5432 rex
1387 5393 1471 5449 strper
1485 5392 1582 5432 omncs
1594 5377 1668 5444 filios
1687 5394 1788 5449 armer-

172 5493 270 5548 ’voyez
281 5492 303 5537 lc
315 5491 411 5537 concite
420 5491 452 5537 de
461 5493 583 5549 rontyon,
595 5492 626 5537 de
651 5492 697 5537 l'an
712 5499 759 5547 876,
783 5496 815 5542 ou
826 5497 944 5543 tttncmar
955 5494 1023 5552 pren
1036 5496 1059 5541 lc
1072 5498 1183 5542 serment
1193 5497 1224 5543 de
1240 5495 1336 5543 nuetttt·
1346 5509 1377 5543 au
1387 5499 1432 5544 roi.
