3826 6098
130 230 180 285 axx
574 226 746 286 nmcxxax
763 223 965 284 ansanusxs
978 223 1257 282 urcumrxscorx.
1356 190 1360 195 ’
1729 231 1782 286 sxa

129 368 192 410 rum
216 350 359 408 adversum
372 367 417 409 me
431 353 517 426 gratis
531 353 674 426 suscepisti
697 351 824 418 officium,
841 351 906 407 dicit
921 350 1062 412 :Ahlaias
1071 357 1165 421 pastor
1178 357 1272 406 noster
1286 349 1314 405 in
1328 358 1420 407 monte
1431 351 1560 408 lauduno
1570 351 1598 408 in
1607 368 1658 409 sua
1672 354 1781 426 synodo

131 440 280 496 «humant
302 457 384 498 canes
398 442 461 508 mei,
478 449 506 497 tu
521 442 615 514 quide
634 440 731 497 sxlioin
747 440 869 509 fratrem,
884 440 929 495 in·
979 437 1013 493 de
1039 438 1213 509 perplurimis
1245 438 1403 494 utilitatibus
1430 456 1486 496 suae
1515 449 1616 498 sancta
1643 442 1781 510 ecclesiae,

130 529 219 602 deque
242 530 353 585 crevisti
366 529 395 584 in
415 530 617 602 coepiscopum,
634 537 734 600 etpost
749 530 818 585 adeo
833 527 929 600 prole·
978 526 1128 582 ordinando
1138 535 1164 582 et
1179 526 1363 583 emeliorando
1379 528 1502 600 quedam
1518 529 1782 602 ineisdisputare13

130 618 191 673 cisti
219 627 248 673 ut
262 617 290 672 in
303 633 400 674 canem
429 635 520 674 meum
549 619 715 684 excreveris,
742 618 836 688 accipe
859 619 930 674 hanc
978 615 1096 671 occurrit
1110 631 1161 686 pro
1175 632 1303 672 successu
1317 624 1468 687 temporum
1483 619 1606 690 quaedam
1620 634 1687 689 pars
1703 619 1781 689 ejus-

130 705 255 779 perversi
274 707 455 763 contumacias
478 715 531 763 tuae
554 707 684 779 pittacioli
703 707 830 780 exigente
844 720 929 762 causa
977 703 1040 759 dem
1061 703 1260 774 disputationis,
1282 721 1332 777 pro
1354 721 1405 777 qua
1434 706 1498 777 quia
1524 706 1670 761 ordinandi
1684 722 1781 762 rerum

129 795 265 868 prolixam
278 795 496 867 responsionem.
513 796 581 851 Cum
594 804 683 851 autem
698 795 764 850 milri
781 794 927 864 vacaverit,
978 791 1224 848 ecclesiasticarum
1248 800 1368 863 potestas
1383 793 1416 847 ah
1431 809 1474 862 eo,
1495 809 1556 849 cum
1566 795 1612 863 jus
1627 802 1655 850 et
1669 794 1714 851 lex
1730 811 1780 851 ca·

129 883 293 940 succinctius
307 884 343 939 de
356 884 416 939 aliis
431 885 569 956 perversis
579 893 606 940 et
619 884 808 955 incompositis
817 883 928 954 scriptis
978 895 1080 934 nonum
1096 880 1218 949 jubendo
1240 881 1370 952 praecipit,
1386 889 1415 937 ut
1429 882 1574 953 episcopus
1590 898 1635 937 res
1651 883 1780 941 ecclesias

130 971 191 1040 tuis,
208 972 348 1043 inquibus
365 974 490 1044 quaedam
504 972 682 1039 mendaciter,
694 973 820 1043 quasdam
836 987 929 1043 repre·
978 984 1035 1023 suae
1050 967 1148 1040 quibus
1162 968 1286 1035 voluerit,
1296 978 1322 1024 et
1335 970 1471 1042 quomodo
1481 970 1595 1026 voluerit
1604 971 1780 1044 disponendo

46 1073 55 1080 ’
129 1059 300 1115 hensibiliter
314 1076 358 1117 me
371 1061 607 1132 reprehendendo,
626 1061 751 1132 quaedam
765 1058 825 1115 frate
840 1059 928 1114 humi·
977 1055 1134 1126 dispenset,
1176 1056 1348 1125 auferretur;
1391 1057 1566 1129 perplurima
1604 1060 1782 1116 auctoritates

129 1147 232 1204 litaret
246 1165 310 1206 vere
324 1150 445 1221 superbe
459 1148 603 1219 scripsisti,
624 1149 782 1218 rescribam,
800 1156 826 1203 et
840 1148 867 1202 in
882 1147 929 1204 illo
978 1145 1064 1200 sancti
1093 1145 1163 1200 Petri
1190 1161 1435 1218 successorumque
1464 1146 1532 1215 ejus,
1548 1147 1647 1219 quibus
1662 1147 1780 1220 qualiter

129 1237 242 1308 scripto,
260 1237 324 1309 quia
333 1239 395 1308 lego
405 1237 507 1292 dixisse
516 1237 661 1293 Dominum
673 1255 680 1290 ε
691 1237 749 1291 lam
760 1252 815 1292 non
825 1236 929 1293 irascar
978 1240 1005 1288 et
1019 1233 1156 1305 quomodo
1170 1233 1233 1288 data
1248 1234 1282 1288 sit
1293 1242 1414 1305 potestas
1431 1233 1536 1307 ligandi
1550 1242 1577 1290 et
1591 1235 1728 1305 solvendi,
1744 1236 1780 1290 ab

129 1325 178 1380 tibi
192 1326 320 1397 amplius,
347 1333 477 1397 quantum
492 1325 557 1380 mihi
571 1325 660 1381 adhuc
679 1334 765 1397 paret,
782 1326 816 1380 de
830 1325 928 1395 hujus·
978 1321 1076 1376 eodem
1091 1328 1200 1392 pastore
1214 1330 1307 1378 nostro
1321 1324 1349 1377 in
1362 1323 1507 1394 prasentia
1521 1323 1603 1378 totius
1616 1324 1718 1396 synodi
1733 1339 1782 1379 eas

128 1413 204 1469 modi
224 1412 444 1469 altercationibus
459 1413 507 1467 tihi
523 1413 660 1469 scribendi
674 1411 757 1469 finem
781 1413 927 1484 imponam.
979 1408 1126 1480 relegendo
1148 1409 1269 1465 recitatae
1293 1417 1366 1464 suut.
1390 1409 1495 1478 Quibus
1516 1411 1646 1478 recitatis,
1672 1427 1781 1469 memor

129 1502 170 1557 De
184 1501 237 1557 hoc
251 1501 324 1572 quod
351 1501 429 1567 dicis,
446 1501 510 1573 quia
538 1502 631 1558 dicunt
658 1503 692 1558 de
720 1518 764 1558 me
779 1502 926 1559 homines:
977 1496 1136 1566 injuriarum
1171 1513 1289 1567 suarum,
1319 1514 1380 1570 quae
1408 1499 1434 1554 ei
1461 1499 1593 1555 moderno
1621 1499 1783 1556 acciderant

130 1587 226 1656 Qualis
241 1596 282 1643 est
296 1588 341 1643 ille
356 1590 517 1655 avunculus,
530 1590 575 1662 qui
584 1590 647 1645 talia
655 1606 704 1646 suo
719 1591 811 1661 nepoti
825 1591 927 1658 scribit,
978 1593 1100 1657 tempore
1123 1585 1235 1654 addidit,
1252 1585 1325 1658 quod
1352 1586 1506 1643 immineret
1527 1596 1635 1660 tempus
1650 1604 1781 1660 compro·

129 1676 221 1732 dicant
235 1686 260 1732 et
276 1677 310 1732 de
325 1684 351 1733 te
363 1677 416 1749 ipsi
440 1678 565 1734 homines
580 1694 586 1733 ε
604 1677 699 1746 Qualis
714 1687 754 1734 est
769 1678 814 1734 ille
830 1694 927 1750 nepos,
942 1673 1101 1766 Bxiucialis
1130 1673 1237 1745 synodi,
1266 1690 1327 1745 quse
1343 1674 1370 1729 in
1400 1676 1538 1731 vermeria
1556 1676 1654 1748 palatio
1668 1677 1782 1750 regios

126 1765 165 1820 ab
180 1766 314 1821 auunculo
341 1781 391 1821 suo
420 1766 481 1822 talis
495 1775 524 1821 ut
539 1774 601 1822 tunc
629 1775 689 1822 erat
718 1776 885 1838 assumptus,
901 1775 928 1822 et
978 1762 1056 1818 tobis
1070 1761 1222 1834 uestrisque
1244 1760 1423 1835 suffraganeis
1437 1779 1486 1818 xxxx
1502 1762 1562 1819 Kal.
1583 1764 1670 1820 ldaias
1685 1764 1782 1821 habita

128 1852 191 1909 tatis
205 1853 275 1910 sicut
299 1870 371 1910 nune
391 1861 433 1909 est
446 1854 474 1909 in
490 1854 601 1926 spiritali
615 1871 647 1911 ac
665 1855 809 1926 temporali
822 1856 927 1912 honore
978 1857 1029 1904 est·
1046 1849 1184 1922 adquam
1209 1851 1306 1906 vestris
1321 1851 1417 1907 litteris
1432 1860 1562 1908 evocatus
1577 1851 1782 1909 libentissimo

128 1935 251 2005 allectus,
268 1938 313 2010 qui
326 1937 391 1993 talia
415 1938 466 1992 sibi
487 1939 571 2010 exigit
583 1939 618 1994 ab
633 1939 717 1995 invito
731 1938 876 2004 avunculo,
892 1955 927 1994 ne
978 1953 1069 1993 coram
1093 1938 1218 1994 omnibus
1240 1937 1381 2010 professus
1395 1947 1446 2010 est,
1463 1955 1494 1996 se
1508 1941 1567 1995 sine
1587 1941 1643 1996 ulla
1657 1940 1781 1998 interca·

127 2025 189 2081 talis
204 2026 240 2081 ab
254 2025 324 2092 aliis,
341 2026 411 2082 sicut
425 2042 441 2081 a
455 2036 554 2099 nepote
570 2042 620 2082 suo
634 2027 800 2101 depingitur,
812 2027 928 2083 aestima·
977 2026 1077 2098 pedine
1090 2043 1311 2100 progressumm.
1330 2027 1383 2083 Sed
1398 2028 1461 2100 qxxia
1476 2028 1606 2085 credebat
1620 2029 1649 2084 in
1664 2029 1726 2102 ipsa
1740 2047 1782 2103 sy-

127 2120 179 2181 tus,
198 2130 248 2185 per
259 2131 321 2170 eum
336 2115 541 2186 blasphemetur
561 2132 660 2171 nomen
676 2106 794 2182 Domini,
812 2124 839 2171 et
854 2117 927 2172 vitu·
977 2116 1061 2181 nodo,
1084 2116 1157 2188 quod
1176 2131 1237 2171 mos
1261 2116 1333 2170 haud
1348 2117 1470 2187 exposcit
1484 2117 1641 2184 canonicus,
1658 2117 1781 2190 aliquam

126 2211 238 2273 peretur
260 2203 442 2258 ministerium
464 2205 539 2274 ejus3
557 2213 665 2260 secutus
679 2204 840 2275 Apostolum
854 2204 926 2261 sari-
977 2202 1135 2260 uiolentiam
1163 2203 1214 2258 sibi
1238 2203 1384 2277 illegaliter
1398 2212 1425 2260 et
1438 2212 1534 2260 contra
1550 2205 1627 2279 leges
1643 2221 1782 2262 canonum

125 2291 236 2346 bentem
260 2292 295 2347 ad
318 2291 472 2347 Corinthios
496 2299 591 2347 contra
605 2309 635 2348 se
656 2293 884 2364 blasphemantes,
901 2300 928 2349 et
978 2307 1171 2364 aquocunque
1195 2290 1265 2362 heri,
1284 2309 1411 2348 sermone
1433 2295 1624 2350 contestatorio
1639 2303 1666 2350 et
1681 2304 1781 2352 aucto-

127 2379 256 2450 vilipendi
283 2379 316 2434 ab
331 2379 391 2434 aliis
420 2379 587 2436 laborantes.
616 2381 680 2454 Egit
706 2381 805 2453 quippe
830 2381 927 2438 doctor
976 2379 1056 2435 ritate
1086 2379 1173 2435 sancti
1200 2380 1280 2450 Petri,
1310 2381 1384 2452 quod
1412 2380 1436 2437 si
1450 2381 1598 2437 cilicentia
1620 2383 1705 2439 eundi
1722 2384 1780 2440 llo·

127 2467 266 2541 egregius,
284 2477 314 2523 ut
321 2468 385 2523 dum
395 2468 455 2540 ipse
465 2469 554 2541 qualis
563 2477 638 2525 esset
648 2469 818 2543 agnoscitur,
836 2476 862 2525 et
872 2470 927 2525 uita
977 2484 1050 2524 mam
1064 2469 1264 2539 prohiberetur,
1280 2477 1327 2524 aut
1340 2470 1401 2541 ipse
1415 2478 1510 2542 captus
1524 2471 1701 2538 obtineretur,
1717 2488 1781 2528 om-

126 2563 153 2612 et
166 2555 259 2629 lingua
274 2556 345 2612 male
359 2557 564 2628 predicantium
578 2558 636 2627 ejus
651 2558 844 2629 predicatione
860 2558 927 2613 vile·
976 2572 1026 2612 nes
1045 2556 1202 2612 sacerdotes
1230 2557 1311 2614 totius
1336 2559 1471 2628 parochiae
1499 2575 1554 2614 sua
1583 2559 1735 2634 colligavit,
1753 2567 1783 2617 ut

126 2653 223 2700 sceret.
240 2644 303 2701 lllos
323 2645 449 2701 videlicet
472 2647 686 2713 commendaret,
712 2647 735 2701 si
759 2662 789 2702 se
808 2646 926 2702 abscon·
977 2661 1169 2702 hemacorum
1183 2647 1210 2700 iu
1226 2661 1259 2701 ea
1275 2646 1439 2702 sacerdotali
1455 2647 1604 2703 ministerio
1618 2649 1783 2706 tandiuute·

126 2732 212 2788 deret.
231 2734 353 2805 Cumque
368 2750 466 2790 senon
486 2735 653 2805 ostenderet,
670 2735 755 2790 errori
770 2735 861 2791 locum
875 2735 927 2790 de·
977 2743 1062 2800 retur,
1079 2751 1166 2806 usque
1180 2734 1298 2789 dumille
1309 2734 1367 2805 ipse
1378 2735 1521 2791 nobiscum
1532 2736 1699 2793 itemmvisa
1711 2754 1780 2795 vore

127 2820 221 2875 disset.
238 2822 336 2877 Dicunt
360 2822 441 2877 etiam
455 2823 507 2894 ipsi
520 2823 644 2878 homines
658 2823 693 2878 de
708 2831 734 2878 ta
751 2841 757 2877 :
776 2821 872 2890 Qualis
886 2832 928 2878 est
976 2822 1149 2894 loqueretur;
1165 2831 1211 2878 aut
1238 2823 1337 2878 litterae
1363 2840 1396 2878 ex
1410 2824 1471 2895 ipsa
1498 2832 1593 2880 sancta
1621 2826 1689 2880 sede
1704 2827 1781 2884 beati

125 2907 171 2963 ille
186 2923 281 2979 nepos,
300 2910 346 2981 qui
370 2909 434 2964 talia
449 2917 545 2965 contra
561 2926 640 2965 suum
655 2912 816 2966 avunculum
832 2920 859 2966 et
874 2928 927 2966 nu·
976 2910 1050 2964 Petri
1077 2910 1192 2980 apostoli
1220 2911 1300 2967 nobis
1327 2912 1506 2968 mitterentur.
1537 2912 1597 2981 Quo
1619 2913 1692 2969 lacto
1706 2916 1781 2986 quod

126 2995 250 3050 tritorem
265 3004 346 3068 atque
359 2997 543 3054 ordinatorem
557 2997 736 3065 machinatur,
753 3007 780 3054 et
794 3007 925 3071 quantum
975 3006 1038 3053 tunc
1052 3014 1107 3053 non
1122 2997 1228 3065 accidit,
1244 3015 1317 3056 nunc
1333 2999 1360 3055 iu
1375 3000 1481 3057 Silvaco
1501 3001 1601 3072 palatio
1616 3017 1635 3055 v
1650 3002 1713 3059 llal.
1729 3005 1782 3058 lu-

125 3090 214 3154 potest
224 3083 366 3157 malijagit,
381 3093 407 3140 et
421 3085 565 3158 plusquam
580 3095 668 3157 potest
683 3103 766 3158 agere
781 3088 872 3159 cupit?
883 3089 925 3144 Si·
940 3055 1035 3142 Cuias
1049 3095 1192 3158 peractum
1209 3096 1261 3143 est.
1278 3087 1339 3156 Qxxa
1352 3096 1444 3143 tamen
1459 3088 1502 3144 die
1517 3089 1676 3162 priusquam
1692 3092 1729 3146 ad
1739 3091 1780 3163 ip·

125 3180 171 3227 cut
182 3180 210 3227 tu
219 3172 248 3227 in
258 3173 302 3229 die
313 3174 506 3247 magnijudicii
517 3174 660 3230 manileste
671 3175 787 3246 videbis,
800 3176 824 3231 si
835 3184 860 3232 te
872 3192 925 3232 an·
975 3190 1036 3229 sum
1051 3174 1189 3230 silvacum
1202 3176 1369 3246 perveniret,
1385 3177 1520 3247 prescius
1536 3185 1657 3233 venturas
1670 3178 1781 3235 violen-

126 3260 240 3316 tesindc
249 3277 304 3317 non
318 3262 560 3335 recognoveris,et
569 3263 660 3336 dignis
670 3264 836 3334 poenitentiae
847 3264 924 3321 lruc·
976 3263 1019 3318 tiae
1039 3279 1106 3330 suae,
1135 3264 1260 3335 praedixit
1289 3264 1425 3320 sacerdoti
1454 3273 1547 3321 nostro
1575 3265 1722 3336 Clarentio,
1740 3268 1781 3323 si·

125 3348 197 3404 tibus
205 3366 260 3405 non
269 3351 468 3407 emendaveris.
480 3351 593 3407 llultum
601 3367 645 3407 me
661 3352 769 3425 fatigas,
782 3360 809 3407 et
817 3353 923 3420 merito,
975 3351 1084 3422 mulque
1109 3352 1225 3407 diacono
1248 3352 1408 3418 Teutlando,
1433 3360 1461 3408 ιιι
1483 3353 1562 3408 nobis
1585 3353 1781 3411 denuntiarent

123 3452 178 3494 non
188 3438 335 3510 imputetur
353 3438 411 3494 tibi.
424 3439 478 3496 Sed
493 3438 681 3512 fatigationem
696 3456 784 3496 meam
795 3442 925 3497 consola·
975 3455 1025 3510 per
1040 3439 1131 3495 omnia
1145 3456 1196 3495 nos
1213 3449 1379 3509 servaturos,
1398 3458 1459 3513 quae
1473 3456 1556 3497 causa
1578 3458 1688 3497 suarum
1705 3444 1780 3514 inju-

125 3532 178 3596 tur,
186 3527 491 3599 quodsicuttibisaripsi
501 3527 566 3583 dicit
575 3528 925 3602 Gregorius:«EtsiAEthi-
975 3527 1088 3598 riarum,
1104 3537 1130 3583 et
1146 3536 1174 3583 ut
1189 3530 1274 3584 satius
1301 3530 1434 3596 dicamus,
1450 3546 1499 3601 pro
1527 3537 1597 3585 statu
1619 3537 1780 3588 sanctarum

127 3631 202 3686 ‹ops
211 3615 291 3688 niger
311 3616 440 3672 balneum
456 3616 550 3682 intrat,
568 3623 595 3671 et
611 3616 735 3688 nigerde
750 3618 848 3674 balneo
859 3618 923 3688 exit,
976 3616 1165 3683 ecclesiarum,
1182 3617 1209 3672 in
1237 3618 1396 3689 praescripta
1424 3618 1529 3689 synodo
1548 3634 1600 3674 xxxx
1615 3620 1678 3675 Kal.
1695 3621 1779 3676 Maias

127 3711 243 3759 «tamen
263 3704 406 3760 balneator
420 3703 563 3759 denarium
578 3704 668 3759 balnei
678 3705 783 3760 suinon
793 3706 891 3775 perdit.
911 3727 922 3756 r
975 3705 1103 3760 omnihus
1127 3706 1317 3761 sacerdotibus
1340 3723 1397 3762 sure
1410 3707 1546 3778 parochiae
1560 3708 1715 3764 observare
1729 3726 1780 3766 au·

124 3791 217 3847 Timeo
231 3792 266 3848 de
279 3800 304 3847 te
327 3808 391 3847 meo
411 3791 577 3856 Alexandro,
603 3793 676 3863 quod
701 3793 735 3847 de
751 3808 802 3848 suo
817 3794 925 3849 meabat
976 3793 1099 3848 ctoritate
1115 3795 1203 3851 sancti
1219 3795 1291 3850 Petri
1305 3795 1363 3866 ipse
1378 3803 1552 3866 praecepemt.

124 3879 223 3934 Paulus
238 3895 245 3934 ε
261 3878 416 3934 Alexander
430 3879 545 3933 serarius
560 3879 646 3935 multa
661 3880 734 3936 mala
749 3881 815 3936 mihi
831 3889 924 3938 osten·
1010 3882 1046 3936 Et
1060 3891 1122 3952 post
1140 3882 1278 3954 aliquanta
1295 3900 1301 3937 :
1318 3883 1486 3955 Quapropter
1503 3884 1567 3958 quia
1581 3885 1713 3940 eumdem
1728 3887 1781 3943 do·

125 3965 174 4032 dit,
191 3965 288 4021 reddet
300 3966 339 4022 illi
354 3966 496 4022 Dominus.
516 3987 528 4015 ι
974 3969 1077 4025 minum
1091 3979 1214 4026 nostrum
1237 3972 1315 4044 regia
1339 3979 1471 4042 potestate
1495 3978 1629 4027 retentum
1643 3980 1671 4029 et
1686 3975 1782 4032 reclu-

975 4074 1035 4113 sum
1050 4057 1112 4113 xiva
1126 4073 1193 4114 voce
1222 4058 1296 4114 adire
1323 4074 1379 4115 non
1392 4068 1559 4131 poteramus,
1575 4063 1785 4119 etsacerdotali

974 4146 1126 4201 ministerio
1152 4147 1282 4217 prohibiti
1310 4149 1343 4202 ab
1372 4164 1405 4204 eo
1432 4148 1485 4204 lrui
1510 4164 1566 4204 non
1593 4150 1784 4221 audebamus,

331 4211 502 4269 fflNCMffl
520 4211 723 4270 RHEMENSIS
976 4249 1005 4288 ιιι
1022 4234 1080 4290 Kal.
1096 4235 1188 4290 lunias
1203 4235 1238 4290 ad
1254 4236 1408 4307 capitolium
1435 4245 1558 4293 nostrum
1586 4239 1784 4306 convenimus,

435 4352 471 4392 A„
490 4353 615 4394 mm
975 4329 1002 4377 et
1025 4322 1126 4378 ibidem
1149 4325 1287 4380 communi
1316 4325 1453 4396 colloquio
1482 4333 1662 4381 retractantes
1691 4335 1787 4385 ratum

934 4407 1030 4468 Dlorc
1051 4411 1186 4480 dummus,
1203 4420 1232 4466 ut
1247 4413 1345 4468 exinde
1366 4414 1510 4469 consilium
1533 4421 1636 4469 nostrae
1650 4414 1788 4475 salutisa

973 4514 1052 4556 sacra
1073 4501 1232 4571 paternitate
1256 4501 1384 4556 almitatis
1411 4511 1509 4559 sestrae
1532 4501 1671 4558 humiliter
1694 4504 1789 4577 depo-

160 4569 324 4626 qufflaam
334 4568 502 4625 Rhefflm'um
513 4569 668 4641 el³i⁸⁰0lm⁵2
680 4586 712 4627 ³⁰
727 4571 814 4642 Plebis
824 4570 924 4627 Deis&
974 4604 1124 4656 sceremus,
1148 4597 1237 4644 utrum
1253 4590 1433 4646 sacerdotalis
1448 4590 1589 4646 ministerii
1602 4589 1697 4647 officio
1713 4593 1785 4649 mis·

125 4657 225 4726 mulus·
250 4656 430 4729 presbyteris,
455 4657 626 4727 dissfflssibuh
652 4673 684 4713 ³0
707 4659 812 4731 reliquo
831 4662 923 4716 eccle·
974 4693 1019 4733 sas
1034 4677 1210 4744 celebrando,
1227 4686 1253 4734 et
1267 4679 1377 4734 domiuo
1403 4694 1454 4749 pro
1469 4679 1627 4749 receptione
1656 4682 1786 4751 pastoris

124 4745 231 4843 siastico
245 4745 345 4813 ordini.
370 4753 397 4801 a
418 4745 522 4803 curem
544 4746 573 4801 tn
595 4747 768 4802 Latiniensi
791 4749 924 4819 parochis
973 4765 1060 4821 nosos
1082 4781 1114 4822 ac
1134 4767 1271 4822 ommuni
1294 4767 1407 4822 attritae
1430 4767 1512 4822 tortus
1527 4773 1630 4822 sanerae
1644 4769 1786 4827 aceram

126 4833 339 4890 ⁰0⁰⁵¹S²0¹¹²ib¹¹⁸
355 4833 480 4890 illinisti·
973 4851 1105 4909 sacrificia
1128 4853 1278 4925 offerendo,
1308 4855 1472 4926 baptizando
1504 4869 1613 4926 pueros,
1640 4855 1784 4914 visitando

159 4937 318 4995 confratres
333 4954 365 4995 ac
373 4940 586 4999 consacerdotes
595 4940 683 4996 nostri
696 4942 786 5010 Hetto,
799 4942 922 5014 Ermino‚
972 4939 1096 4996 infirmos
1124 4942 1327 4998 reconciliando
1355 4958 1417 4999 oum
1443 4943 1540 4999 viatico
1554 4958 1670 5000 munere
1683 4945 1783 5015 poeni·

124 5025 265 5092 lladullus,
281 5034 308 5083 et
329 5027 480 5084 Clarentius
504 5029 659 5101 presbyteri
681 5030 805 5087 ecclesie
828 5039 923 5088 vestre
973 5029 1083 5084 tentiam
1097 5038 1231 5101 petentes,
1247 5031 1405 5102 sepeliendo
1429 5039 1561 5095 mortuos,
1587 5047 1653 5087 cum
1667 5033 1784 5103 penitus

122 5115 194 5188 prid.
212 5115 271 5171 llal.
288 5115 383 5170 lunias
396 5117 540 5186 praesentis
554 5118 681 5175 secundae
691 5119 846 5176 indictionis
860 5121 924 5177 data
973 5119 1008 5173 ab
1022 5119 1064 5173 his
1079 5119 1206 5174 omnibus
1230 5119 1356 5190 prohibiti
1380 5119 1476 5175 simus.
1492 5121 1525 5175 llt
1546 5119 1628 5191 paulo
1643 5129 1709 5191 post
1726 5139 1734 5176 z
1751 5122 1782 5177 in

123 5204 189 5260 mihi
217 5203 251 5261 ad
278 5204 369 5261 vicem
395 5205 517 5260 omnium
545 5214 663 5263 vestrum
690 5207 830 5279 petitione,
847 5210 923 5279 cujus
972 5203 1101 5274 parochia
1128 5211 1223 5258 nostra
1251 5203 1290 5258 uti
1317 5203 1426 5270 debeat.
1454 5220 1489 5258 an
1517 5218 1581 5272 non,
1606 5213 1635 5258 et
1659 5205 1779 5277 reliqua.

123 5292 187 5348 hine
206 5293 304 5362 partim
323 5298 420 5358 textus,
444 5301 574 5364 quantum
597 5295 722 5352 sufficere
750 5297 814 5367 vidi,
832 5299 923 5369 sequi·
974 5290 1063 5361 Quam
1077 5291 1205 5365 relegens
1218 5292 1284 5347 satis
1298 5308 1433 5364 superque
1448 5292 1523 5348 dolui
1538 5291 1633 5359 tataor,
1654 5293 1721 5364 quia
1735 5293 1779 5348 di·

123 5386 177 5446 tur,
192 5379 226 5434 de
251 5381 415 5452 quibusdam
437 5381 563 5453 capitulis
585 5378 684 5440 vestrae
706 5386 856 5442 communis
871 5402 923 5441 ne.
973 5379 1059 5436 lectus
1074 5378 1156 5435 irater
1170 5389 1197 5435 et
1211 5380 1392 5451 coepiscopus
1400 5388 1494 5436 noster
1504 5381 1669 5437 hincmarus
1679 5389 1778 5437 contra

123 5465 259 5524 cessitatis
281 5469 486 5538 consuluerunt,
508 5470 562 5527 hoc
585 5472 668 5528 modo
684 5488 690 5528 :
707 5474 779 5530 lium
792 5490 844 5531 xxxx
860 5474 922 5531 Kal.
974 5476 1155 5549 episcopalem
1176 5477 1350 5552 gravitatem,
1366 5484 1394 5533 et
1408 5485 1501 5533 contra
1524 5477 1718 5552 evangelicam
1733 5493 1779 5535 re·

193 4460 237 4516 (Ex
251 4458 367 4507 conciliis
384 4459 482 4516 labbei,
496 4462 525 4507 ut
539 4462 712 4518 attenuantes
726 4462 857 4519 epistota.)
