3794 6104
148 236 201 291 203
627 224 798 284 HINGMARI
812 221 1013 281 RHEBOENSIS
1027 222 1302 281 ARCHIEPISCOPI.
1749 226 1804 286 204

152 354 302 428 provinciis
327 361 389 424 post
416 352 571 426 episcopale
593 351 725 421 judicium
753 349 889 423 referant,
920 355 948 403 ut
963 347 1045 408 Ante
1060 364 1173 403 servam
1188 350 1245 420 feei
1259 348 1284 420 (l
1299 349 1360 405 Cor.
1375 348 1426 420 ιιι).
1442 351 1503 406 Noa
1517 351 1595 406 caim
1614 353 1801 426 nosmetipsas

153 442 285 515 quidquid
301 441 402 514 singuli
415 441 616 513 metropolitani
631 437 950 511 cumsuissuffrsgaueis
998 437 1197 508 predicamus,
1217 438 1265 493 sed
1281 438 1377 494 terum
1396 438 1540 494 Christum
1561 440 1718 496 Dominam
1733 458 1801 499 nos-

152 531 280 589 duxerint
295 529 507 599 decernendum,
524 545 586 585 curn
600 528 716 583 relatum
731 526 872 583 adsedem
888 541 951 596 apo-
1000 528 1086 590 tram,
1095 528 1249 581 aasaotem
1257 541 1349 582 seruos
1357 530 1462 583 vestros
1467 528 1620 598 pertesum
1632 529 1671 598 (ll
1679 529 1797 602 Contu),

152 619 275 676 stolicam
294 617 384 685 inerit,
408 618 477 687 ejus,
501 626 530 672 ut
551 617 684 674 condecet
707 623 734 671 et
756 630 872 672 necesse
896 621 947 684 est,
998 611 1798 689 salvamemorataconditioneprivilegiigratiaetnomine

150 707 309 765 auctoritate
325 705 454 771 firmetur,
471 713 515 761 aut
530 704 700 760 emendetur.
998 701 1147 757 Benedicti.
1178 701 1207 758 Si
1231 711 1324 758 autem
1348 719 1404 758 non
1429 704 1541 759 desierit
1562 704 1682 777 digitum
1703 714 1797 762 exten·

184 795 272 852 XXV.
298 795 353 853 Sed
375 802 400 849 et
417 794 463 867 qui
487 793 631 865 vigilanter
655 793 779 849 eamdem
804 791 948 864 epistolam
997 788 1080 856 dere,
1110 797 1137 846 et
1164 789 1239 862 loqui
1270 791 1343 862 quod
1372 806 1427 846 non
1457 792 1586 862 prodest,
1617 793 1710 850 audiet
1737 810 1795 851 oum

53 949 56 953 ,
149 884 334 949 recensuerit,
361 882 478 955 reperiet
502 882 613 939 beatum
638 881 824 938 ιιιιιοιιιιιιιιιιι
849 880 947 937 decre·
996 877 1127 949 apostolo
1145 896 1151 932 ι
1171 880 1210 934 To
1223 880 1285 951 pois
1300 880 1795 952 es,patjodicasaltenamaeroamt

148 973 230 1042 visse,
248 987 281 1029 ea
296 988 356 1045 quae
369 971 396 1026 in
411 971 457 1027 illa
472 971 571 1042 scripta
585 979 657 1040 sunt,
680 978 705 1026 et
721 985 737 1025 a
752 969 855 1026 cunctis
878 984 946 1040 pro·
995 968 1112 1023 Barcina
1126 982 1176 1022 suo
1191 971 1309 1023 stataet
1319 969 1405 1024 eadit.
1416 969 1633 1027 Statitautem:
1642 975 1744 1044 potens
1754 975 1794 1028 ιιι

146 1061 296 1119 vincianam
311 1060 473 1133 primatibus
488 1067 515 1115 et
528 1059 562 1114 ab
582 1059 709 1116 omnibus
734 1057 870 1130 episcopis
894 1056 945 1114 de·
995 1055 1072 1110 enim
1082 1055 1153 1112 Boas
1164 1059 1291 1112 statuere
1301 1057 1385 1112 illam
1396 1056 1485 1126 (Rom.
1497 1072 1557 1127 mv,
1569 1058 1607 1129 t),
1619 1059 1738 1117 etzlta‘tri
1745 1077 1793 1133 pro

147 1150 213 1207 bere
235 1149 351 1206 servari.
375 1151 410 1205 Bt
433 1149 499 1205 item
522 1147 551 1203 in
573 1145 687 1219 praeiato
710 1147 782 1202 beati
805 1145 945 1202 Benedicti
995 1143 1114 1199 minimo
1128 1147 1179 1209 ast,
1190 1145 1330 1200 otoaotz's
1340 1145 1453 1217 judicer
1463 1146 1488 1214 (l
1502 1146 1563 1202 Cor.
1576 1161 1616 1214 rv,
1632 1146 1673 1218 3);
1689 1163 1724 1204 ne
1738 1147 1790 1216 illa,

146 1253 223 1309 papae
237 1236 383 1310 privilegio
398 1247 439 1292 est
454 1237 594 1293 decretum
611 1253 618 1290 :
637 1258 648 1283 a
665 1233 699 1291 Bt
713 1236 766 1290 hoc
784 1233 944 1307 promulga-
995 1247 1054 1303 quas
1069 1232 1231 1287 auctoritate
1246 1232 1377 1288 canonica
1391 1241 1471 1305 atque
1486 1234 1637 1306 apostolica
1661 1234 1793 1293 aedificata

145 1343 206 1382 mus
221 1334 302 1399 atque
317 1325 468 1394 statuimus,
484 1333 513 1379 ut
528 1332 562 1393 te,
589 1324 635 1396 qui
657 1324 760 1394 primas
775 1323 861 1394 ipsius
876 1339 944 1393 pro·
994 1320 1097 1375 suntin
1114 1319 1226 1393 praelato
1240 1321 1395 1393 privilegio,
1412 1338 1473 1378 mea
1487 1323 1665 1379 destruantur
1678 1340 1791 1382 consen·

147 1415 243 1471 vinciae
268 1428 330 1468 esse
358 1412 545 1483 dignosceris,
567 1412 667 1467 nullius
688 1427 808 1484 unquam
831 1410 944 1468 infesta·
993 1407 1079 1477 sione,
1097 1409 1204 1465 dicente
1218 1425 1319 1482 magno
1333 1427 1403 1482 papa
1418 1411 1508 1467 Leone
1529 1411 1565 1468 ad
1588 1413 1711 1469 Leonem
1734 1417 1790 1470 ιιι-

144 1503 217 1559 tione
239 1509 332 1559 eontra
352 1500 484 1558 canonica
508 1501 711 1573 apostolicaque
734 1500 858 1566 decreta,
884 1500 942 1555 sive
992 1507 1110 1568 gustum,
1129 1514 1190 1554 cum
1205 1507 1344 1568 peteretur
1358 1515 1478 1556 annuere
1492 1516 1553 1572 quae
1568 1500 1725 1558 illitasnon
1737 1512 1790 1558 erat

141 1590 244 1661 judicia
260 1589 445 1647 ecclesiastiea
459 1589 507 1644 tibi
527 1589 680 1659 commissa,
706 1597 751 1644 aut
774 1589 871 1644 virtute
895 1595 941 1644 aut
992 1586 1145 1643 consentire
1160 1587 1256 1660 (epist.
1278 1589 1323 1658 sl)
1339 1605 1346 1642 :
1364 1612 1375 1636 «ι
1395 1588 1426 1644 si
1440 1605 1510 1660 quae,
1535 1589 1632 1662 inquit,
1655 1591 1787 1661 destruxi,

144 1678 271 1736 facultate
284 1677 390 1742 nudari,
410 1678 454 1734 vel
469 1685 532 1733 ante
552 1677 717 1733 audientiam
737 1676 853 1733 Romani
873 1691 941 1748 pon·
953 1704 980 1764 Β
992 1675 1049 1731 haec
1063 1673 1178 1743 aedifico,
1195 1676 1435 1746 prevaricatorem
1460 1693 1504 1733 me
1528 1679 1676 1746 constituo,
1701 1687 1729 1737 et
1751 1681 1788 1737 eis

144 1766 233 1835 tilicis,
249 1782 266 1824 a
280 1782 439 1840 quoeunque
453 1766 576 1822 damnari
592 1766 745 1833 statuimus,
767 1782 877 1821 ornnem
893 1765 940 1835 ju·
991 1779 1034 1819 me
1050 1763 1182 1820 ultionum
1197 1764 1397 1820 conditionibus
1412 1766 1510 1836 subdo,
1527 1782 1597 1839 quas
1620 1783 1678 1823 non
1701 1769 1786 1825 solum

144 1856 254 1914 dicandi
268 1856 393 1912 ordinem
406 1855 621 1926 comprehendit,
647 1863 676 1909 ut
691 1855 747 1909 suis
762 1854 889 1911 videlicet
903 1853 939 1909 li·
990 1852 1135 1908 auctoritas
1154 1852 1240 1908 beatae
1262 1852 1401 1909 memorias
1423 1853 1555 1926 principis
1576 1857 1714 1923 llartiani,
1739 1859 1785 1916 sed

142 1945 208 2001 here
232 1952 311 2000 utens
334 1942 458 2017 legaliter
481 1958 514 1999 ac
533 1942 708 2016 regulariter,
731 1943 755 1997 si
774 1943 939 2012 judicandus
989 1940 1070 1995 etiam
1087 1956 1139 2014 ego
1154 1956 1215 1996 mea
1229 1943 1410 1997 consensione
1429 1941 1544 2010 firmavi,
1564 1945 1638 2016 quia,
1664 1953 1694 2000 ut
1717 1946 1786 2002 idern

143 2041 194 2103 est,
210 2032 245 2088 ad
260 2032 408 2089 electorum
420 2031 553 2101 judicum,
569 2031 612 2087 vel
629 2031 663 2086 ad
677 2032 735 2101 ejus
750 2031 855 2100 vicarii,
876 2047 938 2087 cum
989 2028 1053 2083 alibi
1067 2029 1141 2097 dicit,
1159 2030 1227 2085 sicut
1242 2031 1268 2085 in
1283 2029 1354 2085 mala
1369 2031 1495 2087 suasione
1510 2032 1685 2105 delinquitur,
1711 2035 1747 2090 ita
1761 2045 1785 2092 et

140 2121 222 2179 luerit
236 2121 390 2193 specialiter
407 2120 441 2175 ad
456 2121 509 2177 hoc
533 2120 688 2191 deputatus,
710 2118 841 2190 judicium
865 2119 938 2176 intra
987 2117 1016 2170 in
1030 2117 1100 2172 mala
1113 2119 1293 2175 consensione
1307 2128 1444 2191 peccatur.
1464 2120 1618 2194 »Sequitur
1640 2123 1670 2178 in
1689 2124 1784 2181 eodem

139 2227 196 2267 suae
211 2210 340 2266 terminos
354 2209 503 2280 provinciae
517 2217 682 2280 provocetur
705 2224 754 2279 pro
775 2208 856 2264 certis
880 2208 936 2263 exi·
985 2204 1138 2277 privilegio.

139 2297 274 2356 stantibus
287 2297 388 2365 causis,
408 2297 506 2369 quibus
525 2297 646 2365 maiores
668 2305 733 2351 natu
758 2297 881 2368 legaliter
903 2311 936 2353 ac
1021 2295 1133 2350 xxvtt.
1153 2295 1212 2351 «Et
1226 2295 1278 2351 hoc
1288 2295 1423 2362 volumus,
1435 2313 1469 2353 ne
1477 2296 1590 2369 quilibet
1600 2314 1634 2354 ex
1643 2301 1783 2372 provincia

138 2385 301 2458 regulariter
314 2385 385 2457 apud
401 2385 547 2442 canonicos
559 2385 667 2454 jndices
691 2384 815 2440 accusari
834 2384 934 2454 valent,
986 2390 1013 2437 et
1027 2383 1137 2438 dioecesi
1153 2384 1297 2454 metrapoli
1312 2393 1365 2440 ιιι
1382 2385 1485 2456 tibique
1510 2386 1641 2457 subjecta,
1664 2389 1712 2459 jus
1736 2406 1776 2447 se

138 2474 244 2530 dierum
259 2482 286 2530 et
301 2473 470 2539 dilationum,
492 2481 574 2545 atque
594 2474 622 2527 in
643 2473 814 2529 discussione
835 2487 933 2543 perso·
984 2470 1104 2526 eundum
1124 2471 1325 2528 ecclesiasticas
1346 2473 1552 2530 constitutiones
1575 2476 1706 2546 primatui
1728 2478 1782 2537 Ec·

136 2578 234 2620 aarum
247 2562 435 2619 accusantium
450 2569 477 2618 et
492 2560 701 2628 testificantium,
713 2568 802 2617 utrum
817 2561 934 2616 debeant
984 2556 1075 2615 clesiae
1090 2567 1143 2615 tuae
1158 2568 1184 2615 et
1200 2560 1248 2614 tibi
1263 2560 1382 2616 debitum
1402 2577 1511 2634 quoquo
1533 2565 1615 2620 modo
1639 2581 1692 2637 per
1714 2582 1780 2624 eon-

136 2652 179 2708 ιιιι
194 2667 248 2708 non
267 2651 385 2707 debeant
405 2651 440 2705 ad
460 2649 660 2706 accusationem
681 2649 725 2704 vel
748 2650 933 2705 testimonium
983 2653 1115 2717 temptum
1130 2647 1295 2716 convellere,
1307 2658 1353 2704 aut
1367 2650 1414 2704 tibi
1429 2650 1675 2711 vechelesiaetuae
1686 2672 1781 2727 quam-

136 2740 250 2807 admitti,
267 2740 396 2796 canonica
411 2747 436 2794 et
452 2738 533 2811 legali
548 2738 635 2794 forma
651 2746 767 2803 servata,
786 2747 812 2793 ot
827 2738 866 2794 sia
880 2739 931 2793 ιιι-
982 2749 1091 2807 cunque
1105 2735 1272 2807 violentiam,
1285 2745 1380 2794 contra
1390 2739 1486 2794 eadem
1496 2740 1627 2798 canoniea
1637 2745 1780 2801 constituta

134 2828 405 2901 mumlegalitervel
419 2827 582 2898 regulariter
596 2827 737 2884 convictus
761 2826 805 2882 vel
824 2827 932 2882 confes-
982 2831 1008 2880 et
1036 2823 1146 2880 decreta
1163 2825 1363 2907 ¹Romanorum
1394 2827 1569 2899 pontificum,
1603 2831 1780 2902 pertinaciter

135 2932 182 2972 sus
197 2915 340 2986 apostolici
354 2930 432 2986 papan
443 2915 547 2984 judicio
561 2915 663 2985 primas
682 2916 848 2970 Itlremorum
864 2930 930 2986 pro·
981 2910 1083 2968 inferre
1098 2923 1253 2984 praesumat,
1277 2929 1338 2971 cum
1362 2917 1539 2973 anathematis
1560 2918 1777 2991 interpositione,

136 3003 230 3060 vineiae
245 3010 409 3067 reservetur,
426 3003 494 3058 sicut
519 3003 547 3058 S.
570 3003 623 3059 Leo
646 3002 681 3058 ad
696 3004 871 3059 Anastasium
886 3003 930 3059 cui
981 3008 1074 3056 nostra
1089 3001 1237 3072 apostolica
1256 3010 1283 3058 ιι
1302 3002 1374 3058 beati
1398 3005 1472 3059 Petri
1490 3006 1678 3076 apostolorum
1701 3009 1778 3081 prin·

135 3093 209 3149 vices
223 3107 287 3147 suas
302 3091 438 3147 commisit
451 3092 486 3146 de
507 3091 715 3161 metropolitano
739 3091 847 3162 scripsit
868 3053 965 3164 epi·C
982 3086 1050 3158 cipis
1071 3089 1229 3145 auctoritate
1253 3091 1439 3161 prohihemus.
1465 3092 1597 3165 Optamus
1618 3094 1778 3154 fraternita-

136 3195 220 3251 scopo
234 3180 328 3254 (epist.
344 3184 388 3250 88)
406 3196 412 3235 :
430 3180 590 3248 sedetiam,
615 3180 638 3234 si
662 3179 727 3250 quid
750 3196 834 3251 grava
856 3180 929 3237 into·
980 3184 1034 3232 tem
1049 3185 1122 3232 tuam
1136 3177 1164 3231 in
1178 3178 1285 3235 Christo
1300 3196 1372 3236 nune
1387 3188 1413 3236 et
1427 3197 1536 3253 semper
1556 3182 1627 3240 bene
1647 3185 1774 3243 valeres

134 3270 332 3341 lerandumque
361 3269 510 3341 gessisset,
534 3276 633 3328 nostra
659 3276 717 3324 erat
745 3270 930 3340 exspectanda
980 3263 1047 3332 (ιιι
1061 3265 1217 3322 constitutio
1232 3276 1362 3339 quantum
1376 3269 1460 3325 sacris
1475 3272 1626 3327 canonibus
1645 3273 1775 3343 Nioaenae,

132 3375 256 3424 censura,
274 3366 302 3413 ut
317 3357 384 3412 nihil
398 3357 474 3428 prius
488 3357 547 3429 ipse
563 3358 736 3423 decerneres,
762 3373 843 3429 quam
864 3359 928 3430 quid
978 3351 1164 3421 Antiochense,
1181 3355 1421 3427 Chalcedonensis,
1439 3359 1619 3427 sardicensis,
1636 3369 1664 3418 et
1678 3362 1776 3420 Africae

131 3447 211 3503 nobis
233 3447 353 3517 placeret
374 3462 550 3520 agnosceres,
577 3470 587 3493 a
615 3446 692 3502 Unde
717 3453 744 3501 et
767 3445 795 3500 in
815 3445 927 3518 praefato
977 3441 1123 3512 provinciae
1138 3443 1260 3514 synodis,
1277 3444 1367 3500 sedet
1381 3446 1499 3502 decretis
1520 3450 1678 3519 apostolicae
1702 3452 1775 3507 sedis

131 3535 274 3608 privilegio
287 3534 408 3607 sequitur
424 3553 430 3589 ι
449 3557 460 3586 ι
479 3535 532 3591 sed
548 3534 571 3590 si
590 3534 768 3605 compellatus
789 3536 926 3606 appellare
976 3529 1133 3600 pontificum
1157 3548 1188 3588 aa
1217 3533 1300 3587 sacris
1323 3533 1430 3606 legibus
1454 3545 1601 3604 consonet,
1626 3555 1710 3596 nemo
1733 3550 1774 3597 est

131 3626 165 3681 ad
186 3626 257 3681 hane
279 3632 402 3680 sanatam
424 3624 517 3679 sedem
541 3623 657 3679 volueris
683 3623 825 3694 apostolici
847 3640 926 3695 papae
976 3618 1022 3690 qui
1037 3619 1148 3689 dubitat,
1164 3619 1187 3674 si
1202 3635 1295 3677 saeros
1309 3637 1428 3679 canones
1442 3632 1469 3679 ιι
1491 3625 1604 3682 ιιιιιιιι
1626 3629 1702 3684 sedis
1717 3630 1773 3687 llo-

126 3711 229 3782 judicio
243 3712 388 3778 reservari,
411 3719 513 3779 nostra,
537 3711 593 3766 imo
616 3711 687 3766 beati
708 3711 778 3766 Petri
798 3713 923 3783 apostoli,
975 3722 1063 3762 muuae
1090 3707 1248 3777 pontificum
1278 3725 1311 3765 tte
1341 3713 1511 3768 venerandas
1540 3713 1618 3787 legas
1647 3718 1772 3790 cognitas

128 3802 286 3857 auctoritate
299 3799 479 3871 praecipimus,
496 3815 546 3854 nec
560 3799 640 3854 alicui
662 3799 847 3871 cujuscunque
868 3801 923 3870 juri
973 3793 1068 3850 hubei-
1089 3794 1156 3863 Quia
1171 3796 1244 3852 euim
1259 3798 1387 3870 scriptum
1407 3809 1448 3856 est
1463 3818 1469 3856 :
1486 3804 1552 3859 Post
1566 3808 1771 3878 concupiscan-

127 3888 171 3943 vel
183 3887 285 3956 judicio
299 3895 325 3942 te
337 3887 443 3956 subjici,
459 3895 573 3958 excepta
586 3894 720 3958 potestate
735 3887 809 3942 sedis
825 3891 923 3946 liema-
974 3882 1029 3937 iius
1045 3886 1109 3938 teas
1125 3887 1357 3956 ⁷²0728t1⁸OE⁶0l23
1375 3889 1468 3961 ¹V¹¹¹)3
1485 3899 1513 3946 θῑ
1529 3906 1535 3946 :
1551 3892 1661 3949 Αιιίῡνα
1687 3899 1713 3951 tt
1737 3911 1772 3952 nt

126 3991 168 4032 nae
182 3973 350 4045 pontificum,
371 3999 381 4023 l
972 3972 1115 4042 quesieris
1131 3975 1229 4042 (Beati.
1247 3977 1305 4046 111);
1326 3984 1352 4031 ot
1367 3977 1463 4033 beatus
1485 3978 1577 4035 scribit
1599 3981 1770 4040 llonnisda:

159 4062 260 4119 XXVI.
285 4064 320 4118 Et
342 4063 369 4117 in
392 4063 444 4118 hac
473 4062 603 4118 sententia
633 4064 757 4120 canonici
785 4064 920 4138 privilegii
970 4057 1095 4115 Elevatio
1109 4077 1218 4132 semper
1233 4063 1310 4118 ιιιιιι
1326 4065 1407 4119 saluti
1428 4067 1590 4137 pericnlum,
1616 4085 1669 4143 per
1691 4088 1770 4145 quam

124 4151 216 4207 domni
232 4150 370 4208 Benedicti
383 4151 513 4218 attendat,
530 4151 553 4207 si
568 4152 628 4224 quis
643 4152 713 4208 forte
736 4169 819 4224 supra
839 4169 919 4210 men·
966 4146 1042 4217 psius
1056 4148 1181 4205 inventor
1197 4150 1321 4206 diaholus
1335 4153 1461 4226 angelica
1481 4163 1617 4226 potestate
1638 4159 1766 4230 privatus

123 4256 214 4296 suram
230 4255 307 4296 suam
321 4240 360 4296 ire
375 4240 500 4307 voluerit,
518 4248 543 4295 et
557 4256 611 4296 non
626 4241 660 4297 de
675 4241 717 4296 his
741 4242 839 4314 quibus
854 4243 919 4300 dicit
968 4243 1019 4302 28²2
1036 4236 1101 4291 ⁵8¹5ss
1116 4254 1250 4310 superque
1275 4239 1391 4308 suffecit,
1415 4258 1447 4299 ³⁰
1471 4243 1578 4314 sufficit,
1603 4262 1769 4321 semperque

123 4324 254 4380 Dominus
270 4342 277 4379 ε
294 4326 363 4381 Bcce
378 4340 425 4396 epo
439 4325 524 4380 mitto
536 4341 582 4380 voa
593 4325 702 4395 (ltatth.
714 4325 756 4396 x),
767 4326 815 4382 sod
830 4326 864 4382 de
874 4326 916 4382 hia
964 4321 1078 4380 sufficiet
1091 4327 1257 4400 praesignato
1280 4330 1446 4386 Rhemorum
1468 4333 1599 4390 Ecclesiae
1624 4337 1765 4406 servienti,

124 4428 185 4468 esse
199 4412 343 4484 delegerit,
358 4413 505 4483 dequibus
520 4413 652 4468 Dominus
666 4413 731 4469 dicit
744 4431 749 4469 :
762 4415 819 4486 Ipsi
828 4417 917 4486 itant,
934 4409 960 4470 D
972 4429 1033 4483 quas
1047 4429 1096 4483 per
1111 4430 1204 4471 sacros
1218 4433 1336 4473 canones
1360 4427 1387 4474 et
1408 4419 1518 4478 decreta
1541 4423 1615 4479 sedis
1637 4425 1769 4482 Romanae

121 4505 150 4558 ιι
163 4518 210 4574 epa
225 4518 282 4559 uon
297 4502 444 4557 mittebam
458 4518 503 4558 eos
519 4502 611 4571 (toan.
624 4505 718 4574 xxiii),
735 4504 799 4575 quia
813 4505 915 4575 primas
965 4499 1121 4571 pontificum
1135 4503 1281 4576 unicuique
1296 4514 1358 4562 sunt
1373 4510 1583 4580 metropolitano
1597 4512 1707 4569 collata.

119 4589 286 4645 Rhemorum
299 4588 446 4660 provinciae
461 4588 602 4659 apostolici
614 4606 691 4660 papte
704 4591 805 4659 judicio
825 4608 916 4648 reser·
1001 4589 1126 4647 xxvlu.
1139 4592 1203 4649 Hsec
1219 4600 1323 4650 tantum
1336 4606 1450 4668 propter
1467 4599 1607 4655 vitandam
1625 4602 1767 4672 prolixita-

120 4678 179 4732 vari
193 4678 222 4732 B.
239 4678 312 4733 Petri
331 4676 446 4749 apostoli
469 4677 628 4733 auctoritate
651 4693 713 4733 cum
737 4681 915 4736 anathematis
966 4685 1030 4747 tem,
1047 4679 1111 4750 quia
1125 4681 1188 4737 hinc
1204 4681 1368 4739 sufficienter
1382 4685 1409 4740 in
1424 4688 1573 4744 canonibus
1599 4691 1686 4746 sacris
1700 4701 1728 4748 ιι
1738 4691 1766 4748 in

119 4764 304 4822 interdictione
319 4766 484 4837 precipitur,
505 4773 532 4822 et
552 4781 604 4822 nec
627 4765 707 4821 alicui
731 4768 915 4842 cujuscunque
965 4766 1082 4823 decretis
1097 4770 1329 4840 praedecessorum
1345 4789 1454 4830 suorum
1469 4776 1594 4846 liabetur,
1620 4778 1655 4835 de
1677 4780 1767 4852 privi-

116 4852 171 4920 juri
199 4853 242 4908 vel
267 4854 370 4923 judicio
392 4855 513 4911 submitti
536 4853 709 4926 permittitur,
733 4866 842 4927 excepta
866 4873 915 4930 po·
964 4853 1037 4927 legio
1065 4857 1158 4912 domni
1187 4859 1343 4929 Benedicti,
1375 4864 1449 4934 quod
1475 4864 1504 4919 in
1533 4867 1635 4923 scrinio
1665 4877 1766 4927 sanctae

118 4946 216 4994 testate
240 4941 313 4996 sedis
339 4943 469 5000 Romanae
493 4942 660 5015 pontificum.
687 4944 868 5017 Contraque
892 4947 915 5001 si
965 4944 1092 5000 nomana
1108 4946 1239 5003 Ecclesiae
1255 4950 1378 5005 noscitur
1397 4953 1542 5025 contineri,
1566 4964 1593 5011 et
1616 4957 1645 5011 in
1659 4959 1766 5029 synodo

117 5027 216 5100 aliquis
242 5029 401 5085 nostratium
424 5048 593 5103 praesumere
624 5047 679 5088 non
709 5033 840 5103 voluerit,
865 5036 915 5091 sed
964 5033 1036 5103 apud
1051 5032 1214 5091 Suessiones
1228 5046 1367 5094 ostensum
1384 5049 1435 5110 est,
1459 5050 1485 5097 ιι
1502 5043 1657 5102 sinecesse
1672 5046 1763 5114 luerit,

116 5116 270 5172 obaudiens
285 5118 445 5188 Apostolum
459 5120 595 5177 dicentem
612 5139 619 5175 :
635 5122 713 5177 uicit
734 5137 784 5194 per
798 5128 915 5179 conteu-
965 5121 1052 5178 adhuc
1067 5121 1137 5178 valet
1152 5125 1269 5193 ostendi,
1286 5127 1413 5184 dommus
1427 5135 1670 5191 commemoranda
1688 5153 1695 5191 :
1710 5152 1765 5193 uon

120 5207 234 5274 Bonam,
250 5220 339 5278 nepae
352 5221 404 5279 per
418 5206 915 5284 iaaoemptoriamfflvittp.u),cha-
964 5216 994 5264 ut
1008 5209 1100 5266 domui
1117 5220 1143 5267 et
1162 5213 1250 5269 Patris
1276 5217 1362 5271 nostri
1383 5219 1524 5290 apostolici
1546 5236 1626 5294 papae
1650 5225 1765 5281 loannis

117 5291 210 5359 ritose,
227 5293 296 5350 sieut
310 5293 393 5350 irater
407 5309 423 5351 a
438 5293 530 5361 fratre,
554 5314 615 5369 quae
628 5298 705 5370 pacis
720 5306 747 5354 et
761 5299 913 5356 dilectionis
964 5299 1101 5355 canonicis
1117 5308 1143 5357 et
1158 5303 1314 5374 apostolicis
1332 5309 1569 5378 praeceptioniBus,
1594 5313 1669 5384 quod
1683 5314 1762 5385 absit,

119 5386 182 5435 sunt
204 5382 355 5452 expetierit,
380 5384 473 5440 audiet
496 5400 558 5440 cum
581 5387 711 5457 apostolo
727 5405 734 5443 ι
753 5389 821 5446 dem
845 5391 914 5447 liter
963 5388 1138 5457 resultemus,
1155 5391 1201 5463 qui
1216 5392 1296 5448 etiarn
1317 5403 1378 5451 unte
1401 5403 1427 5451 et
1449 5405 1511 5470 post
1534 5398 1683 5473 privilegia
1705 5404 1764 5460 haec

118 5482 207 5526 essem
222 5484 259 5528 ea
266 5472 405 5541 omnibns,
416 5473 545 5530 duntaxat
556 5473 642 5544 vobis,
651 5477 779 5534 omnium
787 5482 912 5538 oestrum
963 5484 1072 5560 collata,
1099 5487 1173 5546 sedis
1194 5490 1350 5562 apostolica
1369 5492 1508 5564 jussione,
1531 5504 1559 5558 et
1578 5497 1676 5558 damni
1699 5509 1764 5560 tune
