3794 6104
816 236 1003 294 EPlSTOLlE.
1651 236 1702 292 l90

866 361 1039 428 Avideatur,
1063 369 1090 417 et
1104 360 1324 418 constantissime
1345 368 1478 429 teneatur,
1504 360 1622 416 maxime
1641 360 1705 431 quia

905 450 1050 524 unicuique
1072 465 1234 507 concessum
1252 457 1303 516 est,
1321 449 1344 505 si
1356 449 1460 519 judicio
1481 448 1602 504 offensus
1625 446 1706 505 fuerit

906 541 1084 611 cognitorum,
1101 539 1135 594 ad
1151 539 1295 595 concilium
1318 554 1373 594 suae
1394 538 1549 609 provinciae,
1565 537 1609 593 vel
1624 538 1706 593 etiam

905 628 1060 683 universale
1074 643 1232 699 provocare.
1253 649 1264 678 a
1282 627 1315 682 Et
1329 626 1393 683 binc
1408 634 1516 684 sanctus
1532 626 1705 692 Coelestinus,

906 717 941 772 ad
971 717 1011 772 rei
1038 715 1195 771 firmitatem
1217 731 1436 772 conmemorans
1462 716 1574 771 decreta
1603 714 1708 786 praefati

906 804 1046 869 Bonifacii,
1061 806 1181 861 decrevit
1196 813 1223 859 ut
1238 820 1405 877 unaquaeque
1419 804 1559 875 provincia
1580 819 1631 860 suo
1645 820 1706 859 me-

87 890 107 942 1.
126 888 237 944 Domini
253 894 280 942 et
294 885 457 942 sanctissimi
476 901 509 942 nc
527 883 749 941 reverendissimi
772 881 856 954 patris
906 895 1070 965 napolitano
1085 894 1182 948 debeat
1207 910 1268 948 esse
1294 901 1429 959 contenta,
1447 893 1542 948 dicens
1558 893 1605 962 (aa
1620 895 1705 965 episc.

54 977 137 1032 ¹¹0⁵¹si
162 975 306 1047 ³P⁰Si0¹i0i
330 990 407 1045 9³1)ae
434 974 547 1028 J⁰³¹¹¹¹i⁵
574 973 684 1029 decreta
713 988 747 1026 0¹
771 971 856 1026 ⁵³⁰si⁸
908 984 1015 1049 drvllite,
1034 999 1058 1038 c.
1075 983 1114 1051 t)
1131 1001 1138 1036 :
1158 983 1307 1048 ePrinrum,
1324 990 1353 1037 ut
1362 982 1437 1050 juxta
1452 982 1562 1036 decreta
1571 996 1707 1037 canonum

54 1065 208 1124 canonibus
220 1062 404 1136 promulgata,
422 1064 492 1119 sicut
506 1070 533 1117 et
548 1063 635 1117 sancti
651 1062 809 1116 decessores
824 1075 856 1114 ac
906 1088 1074 1144 unaquaeqne
1103 1070 1241 1142 provincia
1272 1086 1321 1124 sno
1344 1070 1553 1140 metropolivnno
1579 1077 1708 1124 nonientn

54 1155 273 1226 Psaed0⁰²⁵⁵0f0⁵
289 1152 331 1207 sui
341 1169 374 1207 ⁰¹
384 1152 488 1207 eiSdem
498 1151 583 1207 Sacris
599 1150 749 1207 “mnibus
760 1148 856 1218 spirim
907 1161 950 1226 sit,
968 1168 997 1214 ut
1011 1159 1166 1215 decessoris
1190 1158 1275 1214 nostri
1297 1159 1361 1214 data
1375 1159 1410 1213 ad
1424 1158 1631 1213 Narbonensem
1646 1157 1707 1229 epi-

54 1244 102 1300 uei
116 1242 247 1309 conditis,
264 1249 291 1297 et
305 1241 386 1296 totius
401 1239 660 1296 mundircverentia
676 1237 855 1304 consecratis,
907 1265 1019 1319 scopum
1036 1249 1174 1303 continens
1192 1247 1349 1314 consanum,
1372 1263 1423 1301 nen
1446 1246 1616 1317 usurpationi
1632 1246 1708 1302 lnnns

54 1331 307 1404 psomuigffi'el'tfflb
332 1338 461 1400 ‘limium
476 1346 509 1384 e¹
525 1329 604 1386 1¹0bi⁸
616 1336 667 1394 0⁵2,
684 1342 738 1383 ¹10⁰
753 1326 856 1398 praet'u·
907 1337 988 1393 elicui
1006 1336 1142 1392 sacerdoti
1156 1336 1184 1390 in
1199 1336 1308 1390 alterius
1328 1336 1492 1391 concedatur
1516 1335 1651 1403 injuriam.
1669 1333 1709 1389 Sit

55 1422 178 1477 dicantes
193 1419 335 1474 sententiis
349 1417 463 1474 fratrum
475 1426 502 1473 et
511 1419 737 1488 coepiscoporum
751 1422 857 1470 nostro·
906 1425 1045 1481 concessis
1061 1425 1112 1479 sibi
1127 1433 1269 1481 contentus
1282 1424 1469 1495 unusquisque
1485 1423 1624 1489 limitibus,
1639 1423 1709 1477 alter

56 1526 122 1574 rum,
140 1510 187 1580 qui
210 1510 339 1564 absentes
362 1516 434 1577 sunt,
459 1508 494 1562 ad
518 1521 587 1578 <1⁰08
611 1506 671 1561 haec
686 1520 735 1559 sua
755 1503 857 1574 scripit
907 1514 933 1568 iu
949 1513 1059 1568 alterius
1074 1513 1215 1584 provincia
1229 1512 1295 1567 nihil
1310 1520 1465 1583 praesumat.
1481 1532 1493 1561 i
1509 1513 1542 1566 Et
1557 1512 1620 1566 item
1635 1511 1709 1566 idem

56 1598 206 1664 mittuntur,
223 1603 384 1654 reverenter
399 1595 572 1668 suscipimus,
589 1593 704 1668 singulis
719 1600 878 1663 metropo·'
907 1601 960 1672 (Ad
975 1604 1060 1674 episc,
1078 1603 1196 1674 Apnting
1213 1617 1238 1656 ο,
1258 1601 1284 1673 v)
1301 1618 1308 1655 :
1326 1622 1337 1651 «
1355 1600 1428 1656 Nulli
1444 1599 1581 1656 sangnini
1596 1614 1660 1653 suos
1676 1598 1710 1652 ι).

57 1687 142 1742 litanis
158 1702 210 1743 sno
221 1688 284 1756 jure
299 1695 418 1752 servato,
433 1685 509 1742 velut
522 1685 638 1757 mystica
651 1684 760 1738 Nicaena
776 1698 857 1753 syno-
872 1698 966 1781 Bonas
980 1706 1100 1746 canones
1116 1691 1252 1763 ignorare,
1278 1705 1329 1746 nen
1352 1689 1501 1761 quidquam
1521 1687 1620 1750 faeere,
1636 1687 1709 1758 quod

58 1776 104 1830 dus
118 1774 352 1847 irrefragabiliter
362 1775 465 1831 servari
475 1772 711 1840 decrevit,dicens
720 1774 795 1843 (con.
809 1773 855 1840 6);
908 1779 1017 1833 Panum
1039 1779 1125 1848 possis
1147 1779 1251 1849 regulis
1273 1778 1393 1833 obsiana,
1418 1776 1485 1845 Qnoe
1507 1778 1578 1831 enim
1600 1774 1711 1831 anobis

61 1865 199 1936 «Antiqua
208 1863 376 1920 consuetudo
386 1871 510 1918 servetur
519 1880 568 1934 per
577 1863 733 1935 AEgyptum,
745 1859 857 1930 Libyam
907 1883 952 1922 res
968 1867 1052 1938 digna
1072 1868 1236 1935 servabitur,
1253 1867 1276 1921 si
1291 1866 1467 1921 decretalium
1488 1880 1585 1920 norrun
1606 1864 1711 1920 consti-

61 1962 82 2009 et
96 1951 279 2023 Pentapolim,
295 1952 331 2007 ita
344 1958 374 2006 ut
387 1950 589 2007 Alexandrinus
603 1950 748 2022 episcopus
758 1950 856 2003 horum
908 1965 1025 2010 nnnnnn
1040 1973 1088 2027 pro
1104 1956 1257 2027 nliqnnnnn
1280 1954 1366 2018 libitu,
1390 1953 1502 2010 licentia
1527 1953 1634 2024 populis
1646 1968 1712 2023 per-

60 2042 175 2099 omnium
191 2042 291 2096 habeat
303 2048 474 2112 potestatem,
490 2041 554 2112 quia
568 2048 594 2095 et
610 2039 683 2094 urbis
699 2039 792 2094 Romae
804 2037 857 2108 cpi·
908 2045 993 2099 missa
1012 2043 1179 2117 frangatur?
1195 2066 1205 2093 a
1225 2045 1258 2098 Et
1273 2052 1383 2098 sanctus
1404 2043 1457 2097 Leo
1480 2042 1514 2095 ad
1536 2041 1711 2096 Theodorum

61 2147 138 2201 scopo
154 2130 250 2202 parilis
264 2145 324 2186 mos
339 2137 389 2185 est.
415 2129 543 2184 Similiter
565 2135 656 2183 tutem
670 2136 696 2183 et
711 2127 783 2198 apud
798 2129 857 2181 An·
907 2133 1121 2201 Foroiuliensem
1137 2133 1296 2202 episcopum
1307 2133 1399 2205 (epist.
1413 2131 1458 2200 92)
1469 2148 1476 2184 ε
1489 2151 1499 2180 r
1514 2128 1711 2185 sollicitudinis

61 2220 183 2276 tioobiam
199 2227 367 2290 caeterasque
391 2217 546 2289 provincias
561 2217 617 2272 suis
636 2215 780 2288 privilegia
795 2232 856 2270 ser·
907 2221 1016 2292 quidem
1034 2230 1086 2276 tuae
1100 2221 1124 2275 is
1138 2221 1204 2276 ordo
1219 2237 1282 2276 esse
1297 2221 1440 2288 debuerat,
1457 2227 1486 2273 ut
1501 2234 1562 2274 cum
1576 2225 1713 2287 metropo

63 2316 152 2363 ventur
167 2306 312 2363 Ecclesiis.
330 2306 455 2361 Firmitas
471 2312 562 2361 autem
573 2322 678 2370 eorum,
688 2321 748 2376 quae
759 2320 858 2377 gerun·
907 2307 990 2364 litauo
1004 2317 1051 2365 tuo
1065 2310 1188 2380 primitus
1204 2310 1239 2365 de
1253 2325 1285 2365 eo
1304 2308 1377 2380 quod
1400 2308 1576 2381 quaerendum
1597 2305 1712 2362 videba-

64 2409 101 2452 tur
121 2414 170 2469 per
200 2410 423 2467 unamquamque
449 2394 620 2466 provinciam
648 2392 857 2465 metropolitano
907 2408 1024 2454 turesse
1041 2397 1241 2463 conservasse
1258 2397 1324 2453 siid
1345 2397 1418 2469 quod
1440 2397 1582 2469 ignorabat
1605 2394 1715 2451 dileetio
1743 2466 1747 2472 ¹

63 2487 191 2542 tribuatur
205 2485 345 2556 episcopo.
364 2504 375 2533 a
909 2497 963 2552 tua,
980 2489 1061 2543 etiam
1077 2488 1136 2558 ipse
1152 2487 1280 2553 nesciret,
1306 2485 1404 2540 instrui
1428 2501 1477 2541 vos
1500 2485 1600 2555 pariter
1613 2499 1714 2554 posce·

93 2576 124 2629 ll.
140 2573 211 2643 Quae
236 2572 321 2628 sancti
336 2578 363 2627 ei
378 2572 469 2644 magni
490 2571 599 2627 concilii
619 2571 723 2627 Nicaeni
748 2570 857 2627 decreta
908 2578 984 2643 retis,
1002 2577 1065 2649 quia
1080 2577 1108 2631 in
1123 2576 1224 2645 causis,
1250 2593 1310 2646 quae
1325 2574 1358 2628 ad
1384 2574 1542 2647 generalem
1565 2573 1714 2628 observan-

64 2664 151 2719 leatus
178 2661 352 2718 iunocentius
381 2661 413 2715 ad
441 2660 626 2717 Alexandrum
658 2659 857 2715 Antiochenam
907 2666 973 2720 tiam
1004 2666 1141 2737 pertinent
1164 2664 1285 2720 omniumr
1308 2662 1418 2718 Domini
1438 2662 1623 2727 sacerdotnm,
1653 2661 1712 2716 sine

64 2753 217 2823 episcopum
231 2751 268 2805 ita
284 2749 417 2821 explanat,
433 2742 634 2822 dicensiepisl.
650 2749 696 2820 20)
714 2767 720 2803 :
739 2748 856 2804 «Revol
905 2754 1068 2826 primatibus
1081 2753 1149 2808 nibil
1162 2760 1273 2823 oportet
1292 2751 1404 2823 inquiri.
1424 2772 1435 2800 ι

64 2850 151 2897 ventes
167 2840 259 2911 itaque
272 2839 459 2895 anctoritatem
475 2837 592 2894 Nicaenae
607 2837 713 2910 synodi,
730 2854 790 2910 quae
804 2853 858 2891 una
943 2844 988 2897 lv.
1003 2844 1037 2897 Et
1051 2842 1116 2913 quia
1130 2850 1225 2896 sancta
1240 2842 1363 2897 Romana
1387 2839 1521 2905 Ecclesia,
1548 2837 1591 2895 cui
1605 2837 1712 2894 sollici-

62 2930 178 2984 omninm
193 2944 244 3000 per
264 2928 360 2984 orbern
383 2936 517 2982 terrarum
540 2935 658 2982 mentem
680 2926 795 2998 explieat
810 2941 857 2982 sa·
907 2932 973 2986 tudo
988 2932 1110 2986 omnium
1135 2929 1321 2986 Ecclesiarum
1336 2930 1365 2984 in
1380 2929 1459 2985 beato
1484 2929 1565 2984 Petro
1587 2928 1713 3000 principe

62 3019 209 3082 cerdotum,
240 3034 301 3088 quae
328 3016 433 3072 censuit
465 3016 499 3071 de
525 3016 695 3072 Antiocheno
722 3015 856 3081 Ecclesia,
910 3021 1097 3092 apostolorum
1111 3028 1153 3075 est
1167 3020 1321 3085 commissa,
1338 3018 1430 3090 plures
1448 3016 1714 3089 metropolitanosin

313 369 484 426 Ettsrotn
502 368 593 424 XXX.

346 482 383 523 au
402 482 559 523 srrscoros.

52 590 89 644 De
95 590 164 659 jare
173 586 468 658 metropolitanorum,
479 600 544 639 cam
552 583 585 639 de
593 581 856 654 Anseqiaiprimcln

382 677 529 746 oneratae

129 766 212 846 (Apud
223 787 349 848 eumdem,
363 796 393 834 cr
407 789 520 843 nonunt
534 786 594 833 edit⁴
605 788 674 832 toan.
685 784 786 832 Bassi.)

61 3108 162 3164 cunctis
176 3105 312 3172 fidelibus,
329 3122 363 3161 ne
378 3104 494 3160 dixerim
516 3104 713 3170 sacerdotibus,
735 3121 796 3159 esse
811 3120 859 3160 ne·
874 3074 1023 3180 Cspeciali
1038 3125 1087 3164 sna
1102 3109 1214 3165 diaecesi
1239 3109 1330 3173 habet,
1353 3108 1422 3164 sicut
1444 3115 1556 3163 sanctus
1575 3107 1628 3162 Leo
1643 3105 1714 3176 apud

60 3196 207 3252 cessarium
222 3195 372 3261 custodire,
387 3193 685 3265 quasnperdioecesim
701 3209 778 3248 suam
792 3210 859 3264 prae-
909 3198 1081 3253 Anastasium
1104 3197 1376 3253 Thessalonicensem
1400 3197 1559 3268 episcopum
1579 3201 1714 3250 monstrnt

60 3284 154 3340 dictam
170 3283 333 3351 Ecclesiam,
350 3299 405 3338 non
420 3299 501 3354 super
515 3282 633 3355 aliquam
647 3283 729 3338 aliam
745 3282 857 3353 provin-

60 3374 125 3429 ciam
153 3372 376 3446 recognoscimus
404 3371 617 3428 constitutam.»
642 3373 676 3426 Et
705 3371 858 3426 Bonifacius

59 3479 128 3534 papa
142 3462 266 3518 scribens
279 3461 316 3516 ad
330 3460 461 3516 llilarium
475 3461 684 3516 Narbonensem
699 3460 857 3531 episcopum

60 3554 149 3624 (epist.
167 3552 195 3622 3)
212 3568 219 3606 :
238 3571 249 3600 ι
268 3549 410 3617 Convenit,
426 3549 520 3622 inquit,
538 3566 588 3626 nos
602 3557 777 3621 paternarum
793 3565 857 3603 san-

60 3640 175 3695 ctionum
190 3639 337 3712 diligentes
352 3653 413 3694 esse
428 3638 565 3694 custodes.
582 3638 656 3694 Nulli
671 3637 770 3694 etenim
786 3637 858 3693 vide·

59 3736 101 3782 tur
121 3727 262 3799 incognita
281 3726 379 3799 synodi
402 3726 557 3783 constitutio
584 3728 713 3796 Nicaenae,
741 3743 802 3799 quae
823 3726 859 3780 ita

61 3817 190 3888 praecipit,
215 3824 244 3870 ut
265 3815 362 3871 eadem
385 3816 496 3887 proprie
524 3816 605 3870 verba
632 3831 778 3887 ponamus,
806 3815 859 3870 Per

61 3919 279 3978 unamquamque
293 3903 461 3975 provinciam
473 3904 518 3973 jus
529 3904 752 3975 metropolitanos
763 3903 859 3976 singu-

58 3994 94 4048 los
114 3995 220 4049 habere
244 3993 354 4059 debere,
380 4008 431 4048 nec
446 3992 573 4066 cuiquam
597 3994 665 4048 duas
699 4009 760 4054 esse
776 4009 859 4064 posse

64 4083 204 4152 subjectas.
222 4080 302 4151 Quod
316 4080 364 4147 illi,
381 4081 443 4153 quia
457 4081 537 4137 aliter
555 4081 720 4138 credendum
735 4096 790 4136 non
806 4091 859 4151 est,

67 4172 226 4226 servandum
240 4178 334 4225 sancto
350 4169 451 4241 Spiritu
466 4179 631 4242 suggerente
655 4170 772 4234 sibimet,
790 4185 859 4225 cen-

70 4268 181 4316 suerunt.
197 4280 212 4314 n
228 4260 262 4314 Et
284 4265 347 4329 post
369 4258 509 4330 aliquanta
526 4276 532 4313 :
551 4280 562 4309 s
581 4258 660 4329 Quod
676 4258 778 4314 idcirco
792 4259 860 4314 dici·

909 3287 1002 3360 (cpist.
1020 3291 1075 3356 88),
1094 3287 1219 3341 similiter
1234 3294 1260 3340 et
1273 3285 1456 3342 Alexandrina
1478 3284 1603 3340 Ecclesia
1618 3284 1646 3337 in
1661 3296 1712 3337 sua

909 3375 1040 3442 dioecesi;
1057 3375 1105 3431 sed
1120 3383 1147 3429 ct
1160 3375 1330 3431 Antiocheno
1345 3374 1426 3428 sedes
1441 3371 1586 3428 nonnullos
1608 3379 1712 3425 metro-

909 3462 1043 3535 politanos
1058 3463 1086 3517 in
1101 3479 1149 3517 sua
1161 3462 1274 3518 dioecesi
1289 3461 1380 3528 habet,
1402 3461 1472 3516 siout
1496 3468 1606 3515 sanctus
1627 3460 1711 3514 lnuo-

909 3552 1013 3608 ccntius
1040 3552 1076 3606 ad
1099 3551 1285 3607 Alexandrum
1307 3550 1428 3619 ejusdem
1450 3548 1524 3604 sedis
1550 3547 1710 3618 episcopum

910 3639 1005 3696 scribit
1027 3642 1121 3712 (epist.
1146 3641 1203 3708 20),
1229 3648 1255 3695 et
1278 3639 1305 3693 in
1327 3636 1523 3694 ecclesiasticis
1544 3635 1665 3691 historiis
1679 3650 1712 3692 aa

909 3729 1084 3801 synodalibus
1095 3728 1181 3802 gestis
1191 3727 1355 3793 invenimus,
1369 3726 1473 3781 eisdem
1485 3725 1566 3781 ctiam
1577 3733 1714 3795 metropo-

909 3819 1010 3885 litanis,
1028 3834 1096 3891 quos
1112 3818 1168 3873 suis
1183 3816 1292 3873 vicariis
1314 3824 1406 3871 sancta
1428 3816 1553 3871 Romana
1576 3813 1714 3870 commisit

910 3907 1043 3974 Ecclesia,
1060 3906 1208 3962 secundum
1223 3906 1349 3961 Nicaenos
1360 3912 1453 3961 sacros
1462 3918 1580 3960 canones
1591 3919 1641 3958 sua
1649 3903 1713 3972 iura

908 3996 1027 4053 decrevit
1055 3995 1168 4062 servari,
1202 3995 1284 4050 veluti
1310 3994 1345 4049 ad
1374 3993 1499 4049 eumdem
1537 3992 1712 4048 Anastasium

910 4084 983 4140 idem
999 4086 1093 4139 beatus
1108 4084 1163 4140 Lco
1187 4083 1309 4140 scribens
1324 4084 1419 4155 (epist.
1438 4083 1483 4152 88)
1501 4100 1507 4137 :
1527 4107 1538 4130 ·
1555 4081 1651 4155 igitur,
1667 4081 1712 4136 in·

910 4174 977 4246 quit,
993 4173 1144 4229 secundum
1163 4180 1322 4228 sanctorum
1337 4172 1447 4226 Petrum
1470 4186 1600 4238 canones,
1618 4170 1713 4241 spiritu

910 4262 960 4317 Dei
975 4261 1108 4327 conditos,
1125 4268 1151 4316 et
1166 4261 1249 4316 totius
1267 4259 1362 4313 mundi
1384 4258 1537 4315 reverentia
1562 4273 1713 4315 cousecra-

71 4363 128 4414 mus‚
152 4357 182 4404 ut
203 4348 328 4403 advertat
352 4347 472 4403 charitas
492 4356 536 4402 tua
564 4349 633 4404 adeo
655 4363 706 4402 nos
725 4363 859 4403 canonum
909 4360 962 4416 tos,
983 4349 1208 4420 metropolitanos
1232 4347 1403 4420 singularum
1425 4345 1627 4418 provinciarum
1651 4345 1712 4415 epi-

72 4444 196 4510 pracepta
221 4443 383 4502 servarent
398 4435 433 4491 ita
457 4436 611 4492 constitutio
634 4452 742 4509 quoquc
764 4431 892 4492 nostraD
907 4454 1016 4511 scopos,
1040 4438 1139 4509 quibus
1162 4451 1195 4491 ex
1217 4436 1390 4507 delegatione
1411 4443 1506 4491 nostra
1534 4432 1711 4489 fraternitatis

74 4523 177 4595 diffiniat,
209 4532 342 4597 quatenus
368 4524 569 4597 metropolitani
607 4525 648 4579 sui
684 4540 856 4597 unaquaeque
908 4537 960 4583 tuoe
983 4543 1048 4582 cura
1074 4525 1261 4597 praetenditur,
1284 4525 1329 4594 jus
1351 4524 1454 4579 traditae
1484 4521 1535 4578 sibi
1565 4521 1711 4593 antiquitus

75 4615 196 4678 nrorincia
220 4613 248 4668 in
274 4613 400 4669 omnibus
427 4613 508 4670 rebus
529 4613 726 4689 ordination-em
750 4629 858 4685 semper
907 4615 1046 4688 dignitatis
1070 4614 1257 4669 intemeratum
1283 4613 1387 4668 babere
1415 4609 1598 4674 decrevimus,
1623 4609 1659 4664 ita
1681 4617 1710 4664 ut

76 4711 203 4773 respectet.
225 4723 236 4751 i
907 4722 923 4759 a
938 4704 1040 4778 regulis
1058 4704 1219 4774 praestitutis
1234 4702 1310 4757 nulla
1324 4709 1369 4755 aut
1385 4698 1563 4771 negligentia,
1579 4706 1625 4753 aut
1639 4714 1710 4768 prce-

99 4791 139 4846 tlt.
155 4793 190 4847 Et
205 4799 299 4847 sancta
322 4791 443 4863 synodus
467 4792 658 4863 episcoporum
679 4790 776 4849 Africae
790 4807 857 4863 pro·
908 4793 1060 4865 sumptione
1076 4792 1265 4857 discedant.»
1296 4787 1497 4845 Attendendum
1527 4794 1568 4841 est
1585 4785 1669 4858 igitur
1687 4786 1711 4842 si

76 4877 152 4937 riuciae
174 4881 300 4937 scribens
322 4881 359 4936 ad
373 4881 402 4936 S.
429 4880 604 4937 Caelestinum
623 4896 723 4952 papam
743 4882 785 4953 (in
801 4882 858 4951 fine
908 4883 1058 4954 apostolica
1075 4882 1155 4937 sedes
1171 4877 1387 4949 metropolitanis
1403 4892 1460 4930 suae
1475 4875 1603 4946 specialis
1613 4875 1712 4931 diaece-

76 4970 157 5035 enodi
172 4971 330 5041 Africano)
347 4987 353 5023 :
373 4990 383 5019 ι
402 4970 524 5038 Decreta,
547 4969 642 5043 inquit,
664 4970 784 5036 Nicaena,
801 4970 858 5025 sive
909 4987 981 5037 scos,
999 4972 1068 5028 sicut
1083 4971 1113 5024 in
1128 4968 1251 5039 epistolis
1266 4965 1339 5021 beati
1354 4964 1484 5038 Gregorii
1500 4981 1533 5020 ex
1548 4964 1711 5036 Regestole·

76 5051 194 5114 inferioris
206 5058 311 5132 gradus
326 5057 449 5125 clericos,
468 5058 524 5114 sive
540 5058 684 5130 episcopos
699 5059 784 5130 ipsos,
802 5059 859 5113 suis
909 5060 1009 5132 gimus‚
1040 5075 1109 5130 quos
1136 5063 1248 5128 propter
1282 5053 1509 5125 longinquitatem
1544 5068 1607 5108 suas
1634 5053 1709 5108 vices

74 5148 272 5220 metropolitanis
288 5146 458 5218 apertissime
472 5147 675 5203 commiserunt.
698 5148 859 5203 Prudentis·
909 5149 1053 5220 agentibus
1076 5145 1219 5216 delegavit,
1244 5143 1363 5211 suajura
1380 5142 1528 5198 secundum
1551 5156 1644 5196 sacros
1657 5139 1708 5194 Ni-

74 5232 125 5290 rime
152 5237 227 5291 enim
255 5234 461 5306 justissimeque
489 5235 667 5307 providerunt
691 5251 859 5308 quacunque
909 5253 1000 5293 caenos
1014 5249 1133 5291 canones
1148 5231 1253 5287 servari
1274 5231 1415 5302 praecepit,
1431 5230 1500 5286 sicut
1511 5237 1538 5284 et
1552 5228 1579 5282 in
1594 5227 1710 5299 epistola

72 5325 164 5396 negotia
179 5326 207 5380 in
221 5324 281 5379 suis
299 5322 368 5379 locis
382 5323 428 5378 ubi
443 5333 503 5379 orta
518 5333 581 5379 sunt
595 5324 724 5394 finienda,
739 5324 860 5381 necuni·
910 5324 1015 5397 praefati
1044 5320 1141 5377 Leonis
1167 5321 1201 5375 ad
1228 5319 1389 5390 praedictum
1417 5316 1589 5373 Anastasium
1609 5316 1709 5372 dicitur

72 5412 151 5485 cuique
164 5413 317 5487 provinciae
333 5412 447 5485 gratiam
462 5415 549 5471 sancti
562 5414 677 5486 Spiritus
696 5413 858 5481 defuturam,
910 5414 1004 5486 (epist.
1016 5411 1112 5467 eodem
1127 5416 1189 5464 ante
1205 5408 1356 5479 superiora)
1374 5423 1381 5462 :
1402 5405 1455 5461 «Si
1471 5404 1535 5477 quid
1550 5419 1647 5477 grave,
1664 5405 1708 5460 in-

72 5515 112 5570 qua
136 5505 287 5577 aequitasa
313 5501 414 5559 Christi
443 5503 638 5572 sacerdotibus,
666 5511 691 5561 et
710 5503 861 5576 prudenter
911 5501 1017 5575 quiens,
1042 5497 1296 5570 intolerandumque
1317 5494 1449 5569 gessisset
1471 5492 1706 5567 metropolitanus,
