3794 6104
121 256 173 310 stt
481 251 604 310 OPUSC.
630 251 676 309 ET
703 251 812 310 uatsr.
841 253 877 308 IN
908 251 1021 311 CAUSA
1044 253 1218 312 ninantur
1237 256 1391 314 LAUDUN.
1723 264 1775 316 3ιὸ

119 376 450 452 regolamgrammaticae
458 377 522 432 artis
530 377 720 448 compositum,
730 385 758 432 ut
768 376 967 449 quibusdamA
980 377 1135 436 incendium
1157 379 1257 437 luroris
1281 383 1416 450 exstinxit,
1440 396 1589 439 conversus
1612 384 1701 440 minas
1727 384 1778 440 de-

117 465 237 540 placuit,
252 483 286 522 ex
299 465 407 521 duobus
415 465 551 537 corruptis
559 482 656 538 promo
664 473 691 521 ct
699 467 789 538 vulgo,
801 473 827 522 et
836 473 864 521 ut
873 466 930 537 qui·
979 467 1076 537 posuit,
1093 474 1120 527 et
1135 468 1198 540 quia
1222 468 1257 525 ed
1272 469 1422 526 deliberata
1444 471 1575 544 progredi
1598 487 1653 527 non
1674 480 1777 544 posset,

114 554 928 627 busdamplaouit,exduobusintegris,scilicetpropraepo
978 555 1077 626 ligatus
1092 557 1213 628 agnovit.
1234 559 1269 613 Et
1289 573 1344 613 nou
1364 559 1453 614 solum
1474 560 1501 614 in
1526 575 1557 616 se
1580 560 1637 615 iras
1658 560 1777 628 edomat,

115 642 225 699 sitione
234 643 360 713 etvutgo,
370 641 470 697 sicutet
478 642 600 714 produco
612 660 621 697 .·
631 657 647 697 a
659 656 714 712 quo
724 640 929 713 simpliciterho
978 643 1028 698 sed
1042 643 1225 712 subjectorum
1238 647 1320 701 etiam
1335 647 1462 703 sensibus
1484 663 1565 703 omne
1584 649 1658 719 quod
1673 657 1779 706 rectum

112 732 207 802 vulgo
222 731 396 802 componitur
405 737 432 785 et
441 730 561 802 divulgo.
573 731 650 786 Unde
661 731 767 796 Cicero,
778 730 929 801 explanans
978 739 1020 786 est
1034 732 1156 789 inserere
1175 733 1292 800 festinat,
1314 743 1399 807 utque
1421 751 1518 792 omncs
1540 744 1661 793 sanctam
1682 737 1778 794 Eccle-

115 819 275 875 uerborum
290 834 412 886 sensum,
429 819 494 878 dic’u
510 835 517 873 :
533 819 682 885 Proditum,
699 818 837 875 memoriae
851 819 929 874 tradi·
979 819 1048 875 siam
1061 836 1095 875 ex
1108 821 1203 877 intima
1217 824 1382 895 cogitatione
1397 831 1571 892 venerentur,
1583 825 1709 896 exemplo
1718 825 1778 897 ipsc

116 917 193 976 tum,
210 907 416 980 provulgatum,
434 907 615 980 provulgavit,
640 909 774 978 exposuit,
798 907 926 978 prodidit,
979 924 1035 964 suae
1060 908 1215 966 humilitatis
1239 912 1416 968 demonstrat.
1442 936 1453 961 n
1478 913 1513 968 Et
1533 919 1596 985 post
1617 913 1777 985 ahquanta:

118 995 253 1051 elocutus
267 1002 319 1064 est,
335 994 433 1051 effatus
448 1002 500 1062 est,
524 995 621 1061 retulit,
638 996 771 1061 humavit,
786 995 926 1062 nuntiavit,
981 1020 991 1043 υ
1004 995 1046 1053 td
1055 998 1151 1053 horum
1161 998 1288 1054 duritiam
1298 999 1501 1056 dissolvendam
1511 1015 1704 1073 nonuunquam
1715 1017 1778 1058 san·

117 1083 267 1151 iudicarit,
283 1082 390 1139 locutus
405 1090 456 1152 est,
480 1082 595 1138 verbum
616 1082 689 1148 lecit,
711 1083 847 1149 disseruit,
869 1082 928 1138 dis·
979 1093 1023 1140 cta
1036 1086 1170 1152 Ecclesia,
1186 1088 1250 1158 quia
1264 1088 1374 1158 propria
1387 1089 1487 1146 virtute
1510 1104 1565 1145 non
1588 1089 1695 1156 sufficit,
1721 1089 1778 1144 rhi-

118 1171 241 1244 putarit,
256 1172 394 1239 tractarit,
411 1185 565 1228 sermonem
580 1171 681 1240 hahuit,
705 1172 853 1227 orationem
876 1172 928 1226 ha·
978 1174 1115 1230 nocerotis
1130 1175 1217 1242 hujus,
1235 1175 1263 1230 id
1278 1183 1318 1231 est
1338 1177 1436 1231 terreni
1456 1177 1599 1249 principis,
1621 1176 1776 1248 opitulatio·

122 1260 195 1327 huit,
212 1276 296 1316 orsus
310 1267 360 1315 est.
375 1260 410 1315 Et
423 1260 503 1329 hujus
516 1260 594 1315 verbi
609 1260 741 1331 simplicis
763 1262 928 1332 preteritum
978 1278 1041 1317 nem
1056 1263 1161 1334 quaerit,
1178 1271 1206 1317 ut
1220 1263 1280 1333 ipsa
1294 1279 1375 1334 super
1386 1265 1508 1333 jacentes
1521 1266 1619 1337 glebas
1643 1272 1776 1332 conterat,

124 1349 234 1405 Nouius
248 1349 395 1405 blaroellus
410 1348 437 1403 iu
451 1347 523 1405 libro
536 1365 617 1421 quem
641 1349 777 1420 inscripsit
800 1349 835 1405 de
859 1350 927 1404 Pro·
979 1366 1047 1422 quas
1062 1351 1247 1407 Ecclesiarum
1261 1351 1410 1416 humilitas,
1427 1354 1505 1424 quasi
1516 1353 1642 1425 planities
1664 1353 1777 1409 vallium

128 1437 242 1511 prietate
254 1453 423 1503 sermonum,
438 1453 543 1509 ponens
558 1437 624 1492 dixit
640 1455 648 1491 :
666 1439 802 1509 vulgavit,
814 1440 928 1495 honeste
979 1446 1076 1510 portat.
1094 1440 1149 1495 llas
1163 1440 1253 1512 itaque
1269 1440 1366 1513 glebas
1381 1441 1540 1498 rhinoceros
1555 1442 1625 1512 pede
1638 1442 1736 1513 premit
1745 1456 1779 1498 ac

127 1530 262 1600 positum,
279 1527 452 1591 uitabubut't,
469 1529 497 1582 ct
520 1528 600 1599 gnati
623 1527 655 1581 in
673 1528 771 1598 vulgus
786 1527 871 1582 dedit.
888 1527 928 1582 Dc
979 1527 1145 1595 comminuit,
1170 1527 1233 1599 quia
1249 1544 1398 1599 pratorum
1417 1537 1613 1602 potentumque
1638 1530 1777 1599 duritiam,

129 1614 282 1686 composito
305 1622 396 1670 autem
419 1615 472 1670 hoc
495 1615 590 1682 verbo,
617 1614 690 1686 quod
711 1622 753 1670 est
770 1616 926 1687 promulgo,
979 1615 1023 1670 cui
1038 1616 1226 1673 ecclesiastica
1239 1618 1376 1673 humilitas
1391 1618 1519 1674 resistere
1535 1634 1591 1675 uon
1604 1617 1685 1685 salet,
1703 1618 1779 1689 prin-

130 1703 224 1759 Paulus
239 1703 267 1758 in
283 1702 390 1759 Glossis
405 1703 462 1759 suis
480 1703 545 1758 dicit
559 1704 611 1759 hoo
625 1703 707 1759 modo
724 1721 731 1761 :
748 1705 927 1776 Promutguru'
941 1704 1073 1791 Bcipalis
1089 1705 1232 1776 religiosa
1246 1712 1381 1777 potestate
1395 1706 1519 1764 dissolvit
1536 1725 1543 1761 :
1560 1707 1633 1778 guod
1644 1706 1708 1778 quia
1719 1705 1780 1763 sola

131 1794 199 1863 teger
214 1792 364 1860 dicuntur,
380 1792 591 1864 cuminvulgvt
602 1791 736 1848 eduntur.
748 1791 835 1848 Habet
845 1792 928 1865 igitur
979 1792 1070 1847 divina
1085 1793 1182 1849 virtute
1202 1794 1302 1864 agitur,
1328 1804 1356 1851 ut
1377 1795 1480 1851 terreni
1503 1795 1581 1868 regui
1603 1795 1723 1852 culmina
1743 1793 1778 1849 ad

130 1896 238 1936 sensum
253 1879 426 1951 compositio,
437 1882 627 1952 promulgare,
635 1882 666 1935 tn
681 1882 782 1952 vulgus
787 1897 926 1954 promere,
977 1888 1134 1951 protectum
1162 1881 1242 1952 regni
1265 1881 1384 1938 coelestis
1408 1883 1581 1953 inclinentur,
1608 1890 1684 1939 recte
1706 1897 1778 1938 nuno

129 1970 201 2035 darc,
219 1971 410 2040 manifestare
425 1973 456 2024 ct
468 1968 560 2025 cdere.
573 1968 672 2024 Glossa
687 1976 787 2034 autem,
799 1970 927 2040 promul·
977 1969 1086 2035 dicitur,
1103 1973 1155 2024 aut
1168 1972 1330 2042 confringet
1345 1972 1438 2041 glebas
1449 1972 1570 2027 vallium
1584 1975 1699 2043 postte.
1714 1991 1726 2021 ι
1743 1970 1778 2026 Ει

130 2059 212 2128 gavit,
231 2074 265 2113 uc
276 2058 302 2113 ri
309 2058 437 2129 primurn
447 2058 585 2128 tornigus
598 2057 682 2123 dedit,
691 2057 929 2130 protuttt,aepro-
977 2057 1059 2128 paulo
1074 2064 1136 2128 post
1149 2058 1238 2128 (itta,
1250 2074 1275 2114 c.
1287 2058 1326 2127 li:
1339 2078 1350 2109 ι
1363 2057 1431 2127 Quis
1441 2073 1509 2131 ergo
1518 2059 1546 2113 iu
1556 2058 1632 2114 initio
1641 2057 1777 2114 nascentis

129 2146 243 2217 rogavit.
268 2145 304 2201 Et
331 2145 410 2213 hujus
439 2144 516 2201 verbi
538 2144 670 2216 simplicis
693 2161 814 2211 sensum,
836 2144 864 2199 id
888 2152 928 2201 est
977 2145 1107 2201 Ecclesiae
1122 2146 1255 2212 crederet,
1271 2147 1338 2201 dum
1361 2153 1455 2203 contra
1479 2162 1539 2201 eam
1561 2145 1606 2202 ille
1628 2145 1777 2202 indomitus

129 2235 218 2305 vulgo,
234 2234 346 2305 vulgas,
368 2240 478 2288 sauctus
497 2233 679 2303 Hieronymus
700 2249 751 2303 pro
773 2235 927 2303 manifesto
977 2233 1144 2304 principatus
1159 2242 1240 2290 terrae
1255 2242 1294 2291 tot
1313 2235 1393 2291 minis
1418 2242 1444 2290 ot
1468 2234 1634 2291 cruciatibus
1658 2234 1776 2301 saeviret,

128 2321 225 2393 posuit,
241 2327 270 2377 et
284 2320 348 2377 inde
362 2319 502 2393 vulgatam
516 2320 672 2386 editionem,
697 2321 725 2375 id
744 2328 785 2376 est
803 2321 927 2376 omnibus
978 2322 1042 2392 quia
1055 2321 1214 2378 rhinoceros
1229 2322 1280 2379 iste
1295 2323 1354 2379 Deo
1369 2329 1519 2379 sementem
1534 2321 1673 2390 redderet,
1694 2321 1723 2377 id
1736 2327 1778 2378 est

128 2417 214 2466 noum
230 2417 259 2465 et
272 2407 447 2464 manifestam
461 2409 516 2465 dici
530 2408 659 2465 ostendit.
674 2408 824 2479 Compositi
838 2416 929 2465 autem
977 2416 1118 2480 acceptum
1128 2410 1331 2481 predicationis
1340 2413 1456 2467 verbum
1465 2411 1595 2482 operibus
1602 2414 1778 2482 repensaret?

127 2498 199 2554 serbi
213 2498 299 2568 hujus
313 2496 648 2570 sensumetllvangelium
657 2497 925 2563 Lucaedemonstrat,
978 2498 1039 2569 quis
1062 2505 1156 2568 posset
1187 2507 1252 2555 tunc
1279 2499 1448 2555 infirmorum
1476 2499 1590 2555 credere
1618 2499 1691 2571 quo'd
1719 2498 1778 2566 ejus

127 2587 218 2643 dicens
235 2603 242 2640 :
259 2587 297 2642 lit
311 2588 505 2658 superuncta
520 2589 659 2641 montana
679 2584 782 2642 tudun
798 2585 927 2655 divulga·
978 2600 1071 2641 aream
1086 2588 1289 2659 congregaret?
1303 2589 1376 2643 Ecce
1390 2588 1462 2643 eninr
1475 2588 1557 2644 modo
1580 2602 1632 2658 pro
1653 2585 1779 2643 Ecclesia

127 2677 230 2732 bantur
244 2676 344 2731 omnio
358 2674 441 2730 verbu
455 2675 513 2730 aar
533 2675 611 2742 (Luc.
628 2689 648 2741 r,
665 2673 720 2743 65).
748 2672 829 2741 Cujus
850 2673 928 2727 verbi
977 2673 1054 2746 leges
1068 2675 1224 2745 promulgat
1237 2676 1284 2746 qui
1305 2675 1408 2730 dudum
1432 2683 1525 2732 contra
1548 2690 1608 2731 eam
1631 2690 1682 2746 per
1702 2673 1778 2730 varia

128 2764 350 2835 divulgabantur
363 2762 804 2835 sensumBedasequensheetum
814 2760 927 2816 ambro
977 2768 1112 2817 tormenta
1141 2762 1280 2819 saeviebat.
1307 2763 1380 2818 Ecce
1402 2763 1536 2835 quaslibet
1560 2771 1657 2836 gentes
1680 2777 1777 2833 capere

127 2852 192 2908 sium
206 2852 247 2906 ita
261 2850 389 2924 exposuit
405 2866 413 2906 τ
430 2850 500 2918 Quia
515 2854 583 2906 notu
598 2853 677 2921 sacta
691 2853 771 2921 soma
787 2852 925 2905 innotuit.
976 2850 1104 2922 potuerit,
1121 2850 1156 2906 ad
1171 2850 1234 2905 tidei
1248 2849 1311 2906 illas
1334 2852 1452 2924 gratiam
1476 2852 1618 2908 suadendo
1640 2850 1776 2922 perducit,

127 2940 247 2997 {adorus
260 2955 380 3013 quoque,
395 2946 425 2994 ut
439 2939 498 3010 ipse
511 2938 576 2996 dicit
590 2946 699 2995 auctore
721 2938 818 3006 Tullio,
841 2953 927 3008 expo·
977 2939 1072 3011 eisque
1086 2945 1214 2995 aetemam
1229 2939 1312 2995 vitam
1335 2939 1447 3008 indicat,
1472 2940 1571 3012 quihus
1595 2939 1682 3012 captis
1705 2953 1777 3011 prae·

128 3028 927 3100 suitdicem:Promulgatuntcst,svrarprvtntum,vttee
977 3034 1082 3084 sentem
1097 3035 1199 3083 servat.
1219 3051 1230 3076 r

128 3119 231 3174 dicitur
250 3118 441 3190 promulgate,
467 3120 496 3173 et
514 3118 727 3187 promulgatum
745 3117 867 3188 proprie,
891 3116 928 3171 od
1013 3117 1084 3172 Ecce
1099 3115 1134 3171 dc
1149 3116 1256 3190 origiue
1280 3117 1414 3174 sermonis
1440 3125 1467 3174 et
1489 3119 1653 3191 proprietate
1680 3133 1778 3175 seusus

128 3208 252 3264 omniura
268 3206 440 3261 nvtbamet
451 3205 538 3261 totius
548 3207 626 3276 vulgi
635 3206 814 3260 intimatum.
826 3204 860 3259 Et
870 3204 929 3259 Pla·
978 3205 1035 3274 ejus
1051 3205 1116 3277 quid
1132 3220 1242 3262 sensere
1257 3208 1384 3275 majores.
1408 3207 1487 3262 Nunc
1504 3206 1645 3263 rideamus
1660 3208 1695 3263 de
1710 3221 1777 3277 pro·

129 3295 218 3350 ciades
240 3309 327 3350 uuum
350 3281 565 3363 superadjiciens
588 3293 713 3362 verbum,
740 3301 840 3348 caetera
863 3292 928 3348 dicit
976 3294 1090 3365 prietate
1106 3293 1241 3350 dictorum
1256 3293 1327 3348 beati
1343 3295 1449 3361 Leonis,
1473 3295 1519 3366 qui
1535 3296 1674 3351 mandauit
1687 3295 1777 3351 omnia

129 3381 925 3454 similiter:Promutgctum,inquieus,cstsoracprolnturn,
976 3382 1123 3437 decretalia
1137 3382 1292 3448 constituta,
1309 3390 1364 3437 tem
1380 3383 1466 3438 heatae
1480 3382 1678 3439 recordatiouis
1692 3383 1776 3438 luno-

129 3470 790 3542 vclconrte’tutum,utlenduiturprvmulgvta,
802 3470 928 3541 promut-
976 3469 1057 3525 centii
1072 3485 1153 3541 quarn
1169 3470 1289 3525 omnium
1306 3470 1485 3526 decessorum
1509 3486 1629 3538 suorum,
1655 3485 1716 3542 quae
1741 3471 1777 3526 de

129 3567 223 3632 gotum
238 3563 348 3626 autent,
364 3561 401 3616 ad
415 3561 543 3615 omnium
557 3561 693 3615 notitiam
707 3563 734 3614 vt
751 3559 836 3614 btivr
851 3559 927 3629 uulgi
976 3557 1170 3614 ecclesiasticis
1184 3557 1327 3613 ordinibus
1341 3564 1368 3612 et
1383 3573 1517 3614 canonum
1529 3559 1702 3630 promulgata
1715 3566 1778 3614 sunt

128 3652 307 3706 intinsatum.
316 3649 453 3704 Praeterea
468 3648 575 3704 Glossae
587 3648 759 3720 antiquorum
773 3647 861 3702 taliter
874 3647 927 3702 hoc
977 3645 1137 3717 disciplinis,
1154 3645 1295 3702 custodiri.
1313 3646 1390 3702 Unde
1405 3647 1523 3718 primum
1536 3647 1616 3702 nohis
1635 3647 1777 3703 sciendum

129 3739 238 3794 rerhum
253 3737 477 3809 explanaverunt,
487 3737 681 3809 promulgans,
692 3736 854 3808 porrigens,
863 3751 928 3808 pro·
977 3743 1018 3790 est
1033 3734 1106 3789 aliud
1120 3749 1182 3790 esse
1195 3734 1371 3808 promulgare
1380 3750 1473 3791 sacros
1483 3734 1594 3791 ordines
1603 3742 1632 3790 et
1641 3750 1777 3792 canonum

129 3830 265 3900 uulgare,
282 3826 364 3883 cdere
383 3827 579 3898 ,promulgat
602 3827 730 3898 protem
753 3825 925 3897 promulgat,
976 3821 1142 3893 disciplinas,
1159 3822 1232 3878 aliud
1247 3823 1425 3897 promulgare
1439 3823 1474 3879 de
1488 3824 1573 3880 sacns
1596 3822 1737 3879 ordinibus
1751 3832 1779 3880 et

130 3917 236 3977 travit.
247 3917 451 3982 incrementat,
457 3916 575 3986 promit,
581 3913 730 3985 praetant,
740 3914 926 3984 pronuntiat,·
977 3926 1111 3968 canonum
1122 3910 1284 3982 disciplinis,
1295 3912 1365 3967 siout
1374 3911 1447 3967 aliud
1458 3919 1499 3968 est
1506 3911 1679 3984 promulgare
1688 3912 1776 3986 leges,

129 4003 794 4076 promulgatuprotvto,depromptupropagata,
803 4004 928 4073 patefac·
977 4009 1003 4055 et
1017 3999 1090 4056 aliud
1105 3999 1281 4073 promulgare
1295 4000 1331 4056 de
1343 3999 1462 4073 legibus.
1487 3999 1664 4073 Promulgare
1686 4009 1778 4057 autem

131 4092 206 4148 tulit
216 4090 476 4157 hoc‚utPriscianus
486 4089 928 4160 praepositisdeverborumexpla·
976 4088 1062 4160 leges,
1080 4097 1121 4144 est
1135 4087 1212 4161 leges
1226 4088 1363 4156 condere;
1387 4088 1561 4162 promulgare
1577 4103 1643 4146 vero
1655 4089 1690 4145 de
1704 4088 1777 4163 legi·

130 4181 234 4237 natione
249 4178 405 4236 auctoribus
420 4178 494 4246 dicit,
516 4178 575 4249 ipse
591 4177 717 4232 omnihus
731 4176 848 4233 ualidior
863 4192 927 4232 usus
977 4177 1036 4243 hus,
1053 4184 1093 4232 est
1108 4177 1142 4234 de
1156 4177 1209 4232 illis
1229 4176 1330 4245 judicia
1354 4193 1471 4244 sumere,
1494 4185 1521 4232 et
1543 4177 1693 4234 secuudum
1716 4177 1777 4234 illas

132 4269 254 4326 ostendit.
272 4267 460 4335 Differentiam
475 4281 541 4322 vero
555 4281 653 4321 seusus
663 4265 733 4320 iuter
743 4266 887 4336 divulgata
901 4273 928 4320 et
973 4265 1105 4335 iudicare,
1121 4265 1497 4338 eammqueohservatiouem
1508 4265 1777 4334 etjudioiaomnihus

130 4361 291 4430 provulgata
305 4357 364 4412 sive
378 4357 567 4428 promulgata,
583 4352 767 4411 enucleatores
782 4353 927 4409 verborum
976 4353 1113 4424 iutimare,
1129 4353 1199 4409 sicut
1214 4361 1325 4408 sanctus
1339 4353 1506 4424 Augustinus
1529 4353 1558 4407 in
1581 4352 1651 4408 lihro
1665 4353 1699 4408 de
1713 4368 1777 4410 vera

67 4451 73 4463 ⁴
132 4446 196 4504 hauc
210 4446 359 4504 voluerunt
373 4445 639 4514 esse,utdtvulgnto
662 4441 931 4512 simplicitertantum
945 4437 1121 4512 Dileligione
1145 4441 1219 4512 (cap.
1244 4442 1290 4510 31)
1314 4439 1442 4506 ostendit,
1466 4440 1561 4496 dicens
1577 4457 1613 4495 :a
1637 4442 1776 4496 AEternam

133 4535 252 4592 dicautur
266 4535 303 4590 ad
317 4533 437 4589 notitiam
452 4532 573 4589 omnium
588 4531 738 4602 propalata,
763 4532 929 4602 provulgata
978 4529 1068 4601 legem
1083 4528 1191 4583 mundis
1207 4528 1305 4584 animis
1328 4528 1370 4585 tas
1394 4536 1436 4585 est
1453 4543 1631 4602 cognoscere,
1651 4528 1776 4599 judicare

134 4639 192 4681 tero
205 4623 250 4680 vel
266 4624 456 4696 promulgato,
473 4622 506 4677 ad
521 4620 742 4677 conservandum
761 4619 881 4685 decreta,
903 4626 930 4674 et
978 4632 1031 4672 uon
1046 4616 1087 4672 tas
1101 4625 1152 4672 est.
1169 4617 1223 4673 Lex
1238 4617 1297 4688 ipsa
1311 4618 1392 4674 etiam
1408 4619 1466 4690 ipse
1481 4616 1519 4684 fit,
1532 4616 1682 4674 secundum
1696 4631 1776 4688 guaru

133 4711 289 4769 homnium
303 4711 434 4776 notitiam,
459 4719 488 4765 ut
514 4709 559 4764 illa
579 4709 638 4765 siue
662 4707 844 4779 refragatione
860 4722 928 4764 con·
977 4706 1080 4775 judicat
1103 4706 1205 4772 omnia,
1228 4714 1254 4762 et
1277 4706 1312 4762 de
1335 4721 1387 4778 qua
1403 4706 1526 4775 judicare
1548 4705 1638 4760 nullus
1661 4712 1773 4776 potest:

135 4811 246 4867 terrem,
263 4800 426 4870 deprompta
440 4798 636 4871 intelligantur.
653 4798 731 4853 Unde
747 4797 841 4852 heatus
856 4796 928 4853 Gre-
978 4794 1047 4850 sicut
1060 4795 1088 4850 iu
1103 4795 1162 4850 istis
1178 4794 1371 4866 temporalibus
1386 4794 1502 4866 legibus,
1519 4809 1675 4865 quanquam
1689 4792 1776 4849 dehis

135 4891 231 4961 gorius,
250 4904 392 4960 exponens
401 4889 563 4943 seutentiam
571 4887 680 4942 Domini
689 4886 725 4942 ad
733 4886 783 4940 tob
797 4885 927 4941 dicentis:
977 4883 1102 4940 homines
1123 4884 1243 4952 judicent
1267 4899 1329 4939 cum
1352 4898 1398 4938 eas
1419 4882 1577 4950 instituunt,
1598 4889 1689 4939 tamen
1713 4897 1776 4938 cum

135 4978 260 5051 lunguid
270 4977 588 5049 altigabtsrlrt'nocerota
598 4976 634 5030 ad
644 4976 786 5031 arandum
796 4976 928 5030 torotuot
978 4971 1077 5028 luerint
1091 4973 1218 5028 institutor
1233 4979 1313 5043 atque
1329 4969 1452 5039 lirmatae,
1468 4985 1524 5026 nou
1537 4971 1630 5027 licebit
1641 4971 1726 5041 judici
1741 4971 1775 5026 de

133 5065 184 5134 (tob
197 5081 305 5131 annm,
322 5064 379 5135 ιιι.)
397 5085 408 5114 ‹
426 5065 513 5135 Saepe,
540 5064 626 5136 inquit
644 5063 762 5135 (llvrat,
779 5062 827 5119 lih.
844 5077 927 5127 xnnr,
977 5061 1044 5133 ipsis
1056 5062 1189 5130 jndicare,
1206 5061 1254 5114 sed
1270 5059 1419 5115 secuudum
1434 5059 1517 5131 ipsas.
1542 5060 1672 5116 Conditor
1685 5067 1776 5115 umen

132 5165 151 5210 t.
168 5157 204 5226 3),
221 5154 326 5210 vidisse
341 5168 386 5208 me
399 5153 509 5209 memini
522 5154 596 5223 quod
610 5167 672 5208 cum
687 5167 717 5206 se
731 5151 766 5206 ad
776 5150 927 5206 feriendum
978 5149 1071 5222 legum
1086 5149 1284 5221 temporalium,
1295 5148 1317 5203 si
1328 5148 1369 5203 vir
1379 5149 1517 5206 bonusest
1531 5156 1557 5204 et
1572 5149 1691 5220 sapiens,
1703 5147 1776 5202 illam

131 5245 246 5314 graviter
258 5242 305 5298 hic
319 5242 478 5297 rhinoceros
492 5240 664 5309 accenderet,
687 5248 713 5297 et
732 5240 810 5311 quasi
824 5238 928 5296 elevato
977 5238 1065 5310 ipsam
1080 5238 1196 5294 consulit
1207 5246 1346 5305 aternam,
1358 5237 1393 5294 de
1408 5253 1459 5312 qua
1470 5237 1536 5294 nulli
1545 5235 1775 5306 auimaejudicare

131 5345 209 5388 cornu
238 5329 363 5387 bestiolis
390 5330 508 5385 minimis
534 5329 630 5386 mortis
657 5328 752 5384 exsilia
774 5328 928 5384 damnatio·
977 5328 1070 5382 datum
1084 5336 1135 5396 est,
1151 5335 1180 5382 ut
1192 5327 1341 5382 secundum
1366 5327 1422 5396 ejus
1447 5325 1630 5382 immutabiles
1653 5324 1773 5397 regulas,

130 5436 244 5493 nemque
272 5418 405 5489 subjectis
427 5419 567 5474 immensis
591 5418 743 5473 terroribus
766 5416 925 5487 intentaret,
977 5412 1042 5483 quid
1057 5411 1090 5466 sit
1105 5427 1156 5483 pro
1172 5410 1776 5484 temporejuhendumreundumquediscer-

130 5525 238 5592 repente
261 5515 347 5575 tronti
371 5515 451 5588 signo
470 5515 559 5572 crucis
582 5515 718 5587 impresso
742 5528 823 5571 omne
846 5514 873 5569 in
897 5524 928 5570 se
976 5518 1033 5567 nat.
1053 5509 1114 5566 »Et
1128 5508 1156 5565 iu
1170 5507 1241 5566 libro
1256 5508 1462 5567 Confessiouum
1478 5524 1486 5563 τ
1503 5531 1514 5557 v
1531 5507 1673 5584 spiritales
1696 5523 1772 5586 ergo,
