3794 6104
172 241 242 298 (⁰23
636 234 807 294 ltnotttus
826 233 1018 292 nonnullus
1034 231 1262 291 saltantium.
1758 236 1826 290 loll

169 370 226 419 ²⁰¹⁰
240 368 401 435 Durbenisssr
425 360 453 416 5⁰
476 362 589 433 Plaes⁸²⁰
610 359 671 416 ¹⁰⁰⁰
695 376 775 416 ⁰³¹¹⁵⁸
791 359 972 415 venerationis
986 357 1178 445 Aeaclesiam,
1195 381 1276 447 atque
1292 382 1365 431 retro
1380 375 1465 430 altaro
1484 375 1555 431 beati
1568 375 1712 431 Benedicti
1731 376 1827 443 (donec

171 452 284 521 morari,
301 467 349 507 eos
363 451 520 521 increpabat
534 449 628 504 dicens
645 465 651 504 :
669 449 772 504 Vellem
793 449 904 504 arbores
919 449 971 501 hu·
1023 464 1083 533 ejus
1096 463 1227 535 templum
1242 464 1486 531 consummaretur)
1511 471 1674 535 posuerunt,
1691 464 1757 518 Po„
1771 464 1825 520 bec

170 539 216 609 ius
231 539 306 595 silvae
321 539 462 594 universas
478 537 651 592 adoraretis:
667 536 713 607 qni
733 537 853 591 omnium
868 535 974 606 plateas
1023 552 1121 608 mulie,-
1134 551 1169 606 ab
1184 552 1263 607 anni,
1277 552 1401 622 plurimis
1424 567 1497 608 cm
1521 560 1621 607 conat,
1637 560 1679 608 est
1695 567 1782 622 usque
1795 551 1826 606 ,g

173 626 279 682 viarum
292 626 440 683 indiscreta
464 625 690 692 consideratione,
716 625 823 680 oratorii
842 624 975 694 religione

175 716 298 771 sacratis.
314 714 419 783 Quibus
434 713 523 778 dictis,
539 713 611 770 illico
624 713 748 784 petulans
763 729 794 768 os
809 713 868 781 ejus
882 712 910 765 in
924 728 973 765 au-

175 818 233 859 rem
248 818 356 858 sursum
371 802 546 866 convertitur,
565 809 645 874 atque
668 801 738 856 ultra
754 817 835 873 quam
854 800 907 855 dici
921 815 974 870 po-

175 897 227 945 test
250 897 453 944 monstruosum
474 887 595 944 efficitur.
626 890 756 961 Tuncque
783 888 919 959 poenitens
941 887 975 940 ad

174 976 336 1048 predictum
350 977 441 1033 locum
455 977 574 1033 cucurrit
590 984 701 1047 totoque
717 984 845 1032 extensus
859 990 974 1047 corpore

175 1079 205 1119 se
233 1064 459 1120 contumeliosum
488 1073 514 1119 et
541 1064 730 1135 blasphemum
759 1064 843 1119 fuisse
867 1062 974 1118 latetur.

175 1151 281 1207 Deinde
295 1153 330 1207 ad
341 1152 495 1221 ecclesiam,
512 1152 539 1206 in
551 1168 604 1223 qua
614 1152 698 1206 sancti
713 1152 803 1207 levitae
813 1159 839 1206 et
850 1151 976 1223 martyris

176 1253 273 1311 corpus
290 1239 474 1306 excolebatur,
489 1240 619 1295 velociter
632 1240 751 1310 perrexit
766 1258 772 1293 :
789 1255 901 1310 eamque
917 1240 976 1292 sin-

176 1327 249 1400 gulis
262 1327 338 1384 horis
352 1327 406 1383 diei
421 1328 464 1385 vel
479 1328 565 1382 noctis
585 1326 775 1398 frequentavit,
791 1328 879 1382 donec
893 1340 976 1381 sana-

176 1421 262 1472 retur.

481 1503 593 1558 CAPUT
611 1504 671 1558 XV.

213 1626 270 1682 llac
284 1626 374 1698 itaque
388 1626 447 1682 luce
463 1627 544 1697 louge
558 1626 665 1698 lateque
680 1625 786 1693 diffusa,
804 1626 884 1681 etiam
899 1641 913 1680 a
929 1642 976 1680 na-

1023 640 1113 694 locum
1138 654 1191 710 qno
1216 645 1324 694 sanctus
1345 639 1454 708 jacebat
1476 639 1584 711 ingredi
1611 657 1618 692 ε
1640 638 1692 694 sed
1722 638 1825 710 quidam

1024 727 1148 793 obvians,
1172 727 1242 783 hanc
1262 727 1377 799 repulit,
1411 734 1492 799 atque
1520 736 1673 783 retrorsum
1704 734 1824 782 moestam

1024 815 1100 870 abire
1114 815 1213 886 coegit.
1240 815 1307 885 Quae
1331 816 1478 886 suspirans,
1503 830 1536 871 ac
1559 817 1595 871 ad
1617 815 1722 870 coelum
1738 815 1825 870 oculos

1025 903 1123 958 mentis
1138 903 1258 976 erigens,
1275 903 1363 959 sancti
1383 903 1510 976 martyris
1536 903 1589 958 sibi
1603 902 1753 975 provenire
1768 918 1825 974 sup

1025 991 1087 1062 plex
1102 991 1198 1046 orabat
1213 991 1348 1046 solatium.
1367 992 1464 1063 Sicque
1479 991 1550 1047 inter
1573 991 1764 1062 lacrymarum
1778 989 1824 1045 ln·

1027 1079 1099 1134 mina
1113 1080 1262 1136 cecitatem
1277 1079 1388 1150 expulit.

1310 1186 1423 1241 CAPUT
1440 1184 1540 1240 XVlll.

1062 1275 1093 1328 ln
1120 1274 1237 1344 quodam
1265 1273 1326 1329 loco
1351 1273 1439 1328 eidem
1460 1272 1586 1329 coenobio
1616 1271 1763 1342 adjacenti,
1785 1271 1826 1343 qui

1026 1362 1161 1416 Waldarii
1176 1362 1245 1417 cella
1270 1370 1451 1432 nuncupatur,
1477 1362 1528 1417 hoc
1549 1361 1760 1416 memorandum
1775 1359 1826 1414 eni·

1027 1449 1077 1506 tuit
1092 1449 1198 1506 virtutis
1213 1450 1386 1520 preconium.
1411 1450 1494 1505 Secus
1517 1448 1618 1504 etenim
1635 1448 1728 1520 ipsum
1743 1448 1825 1503 locum

1028 1537 1132 1592 diffusis
1160 1538 1272 1592 militurn
1302 1538 1409 1609 copiis,
1439 1538 1562 1592 Monachi
1591 1536 1825 1609 Hermengaudun

1028 1626 1115 1682 Albiae
1143 1627 1274 1681 comitem
1300 1626 1422 1680 adierunt
1445 1643 1452 1679 :
1477 1634 1589 1681 orantes
1608 1633 1639 1681 ut
1659 1625 1695 1680 ab
1715 1624 1826 1680 hostiurn

177 1713 281 1770 tivitate
295 1714 402 1769 adducti
417 1714 481 1769 caeci
496 1714 726 1780 illuminabantur,
739 1715 829 1769 surdis
848 1730 879 1769 ac
896 1714 978 1768 mutis
991 1705 1018 1766 B
1029 1715 1168 1771 invasione
1191 1731 1379 1786 equorumque
1401 1715 1560 1786 depastione
1585 1723 1644 1770 sata
1671 1713 1825 1769 condimina

179 1816 277 1857 sensus
292 1801 380 1856 officia
395 1802 585 1867 reddebantur,
603 1803 692 1857 claudi
708 1803 883 1870 curabantur,
900 1817 980 1856 ener-
1029 1821 1084 1860 suae
1100 1811 1264 1874 protegeret.
1290 1805 1360 1857 Nam
1383 1803 1410 1857 in
1435 1803 1486 1857 illis
1502 1803 1627 1873 partibus
1643 1817 1767 1873 pepauca
1781 1817 1824 1856 er·

178 1889 289 1962 gumeni
304 1889 405 1962 iugatis
420 1890 590 1944 demonibus
600 1891 813 1958 mundabuntur,
827 1898 853 1945 et
868 1890 980 1944 aliarum
1029 1900 1101 1946 stant
1116 1899 1202 1962 prata.
1218 1891 1271 1959 Qui
1286 1900 1402 1962 quatuor
1415 1891 1501 1961 pallas
1521 1890 1648 1947 ecclesiae
1664 1891 1751 1944 sancti
1765 1888 1825 1942 Vin-

178 1975 362 2033 infirmitatum
378 1993 540 2049 quacunque
554 1977 678 2034 molestia
701 1978 841 2050 aggravati
855 1995 978 2048 prasen·
1029 1980 1111 2035 centii
1126 1996 1140 2032 a
1158 1980 1323 2050 pauperibus
1335 1979 1504 2034 mulierculis
1518 1979 1627 2033 oblatas
1643 1977 1773 2048 praecepit
1786 1993 1825 2031 as·

178 2072 219 2123 tes
234 2066 416 2137 absentesque
432 2066 490 2120 sani
505 2065 697 2122 efficiebantur.
722 2067 798 2121 Unde
813 2066 978 2137 paupercula
1029 2068 1109 2133 sumi,
1127 2074 1153 2121 et
1166 2067 1277 2122 totidem
1301 2067 1403 2122 baculis
1426 2067 1536 2137 perticis
1560 2066 1680 2136 alligari,
1706 2072 1785 2136 atque
1805 2064 1827 2118 in

177 2154 302 2228 quaedam
316 2171 332 2210 a
346 2154 430 2210 multo
444 2162 565 2225 tempore
580 2155 727 2210 luminibus
736 2155 851 2225 privata,
869 2171 930 2209 cum
945 2156 979 2210 ad
1030 2155 1144 2211 circuitu
1168 2155 1290 2210 florentis
1309 2155 1367 2226 agri
1386 2154 1470 2227 affigi,
1496 2161 1631 2225 quatenns
1656 2169 1690 2208 eo
1712 2153 1791 2224 signo
1813 2167 1826 2206 a

177 2249 302 2300 sanctum
324 2251 472 2314 martyrem
497 2244 652 2309 duceretur,
679 2243 706 2297 in
735 2243 825 2297 medio
845 2243 939 2297 itinere
963 2259 979 2297 a
1029 2243 1127 2298 messis
1156 2243 1309 2314 direptione
1337 2244 1429 2297 hostes
1455 2250 1650 2313 temperarent.
1682 2241 1739 2296 Sed
1765 2256 1826 2295 unus

178 2330 338 2388 ductoribus
357 2331 437 2387 tedio
457 2339 483 2386 et
502 2331 597 2386 labore
616 2331 697 2387 sessis
717 2331 856 2396 derelicta,
873 2331 981 2402 rogavit
1029 2346 1125 2386 eorum
1153 2332 1207 2385 tale
1231 2331 1338 2401 signum
1359 2330 1521 2401 despiciens,
1543 2330 1648 2401 pallam
1674 2345 1759 2384 unam
1773 2344 1826 2398 curn

178 2419 325 2490 quemdam
341 2419 497 2489 astantium,
514 2428 541 2473 ut
566 2419 660 2474 saltem
676 2419 805 2474 candelas
820 2421 888 2489 (suae
902 2419 980 2474 orbi·
1029 2420 1126 2474 baculo
1158 2420 1186 2472 in
1205 2426 1304 2474 terram
1323 2419 1456 2482 excussit,
1477 2427 1503 2474 et
1522 2419 1556 2472 ab
1583 2434 1656 2489 equo
1683 2420 1780 2489 (quem
1804 2417 1828 2470 in

178 2507 240 2563 tatis
255 2508 591 2578 munusculalantesancti
610 2507 737 2578 martyris
752 2507 836 2562 altare
850 2522 980 2562 accensas
1029 2507 1089 2578 ipsa
1115 2514 1173 2561 sata
1204 2507 1331 2563 inducere
1364 2507 1508 2569 nitebatur)
1541 2507 1632 2561 versis
1658 2505 1827 2562 calcibusin

152 2619 156 2634 ·
178 2594 298 2651 offerret.
316 2594 369 2663 Qui
384 2596 448 2649 dum
470 2611 552 2650 mann
574 2604 686 2651 extensa
703 2612 749 2650 eas
771 2595 897 2665 accipere
912 2596 978 2662 vult,
1029 2593 1118 2649 lronte
1132 2611 1288 2665 percussus,
1306 2595 1431 2665 spiritum
1447 2594 1590 2649 exhalavit.
1617 2593 1681 2662 Quo
1702 2593 1829 2648 auditoet

179 2683 214 2739 ab
229 2683 288 2754 ipsa
304 2684 417 2739 muliere
431 2684 558 2739 videntur
571 2702 577 2738 :
590 2684 789 2755 recollectoque
804 2684 915 2739 brachio
922 2684 980 2752 jam
1028 2699 1079 2755 per
1091 2684 1184 2738 hostes
1199 2681 1346 2747 diffamato,
1372 2683 1454 2738 timor
1468 2683 1612 2738 universos
1627 2682 1737 2737 invadit
1753 2723 1760 2750 ,
1776 2681 1827 2736 evi·

178 2785 233 2827 non
248 2772 397 2841 ductorem,
414 2788 465 2827 nec
480 2789 571 2827 earum
586 2773 700 2828 latorem
716 2773 810 2843 quaerit
827 2789 833 2826 :
849 2772 897 2826 sed
913 2772 981 2825 hila·
1029 2772 1152 2842 densque
1174 2771 1223 2825 Dei
1239 2771 1369 2838 judicium
1397 2786 1427 2825 ac
1447 2771 1532 2826 sancti
1553 2770 1683 2841 martyris
1709 2769 1829 2824 meritam

124 2899 127 2902 >
179 2859 219 2914 ris
233 2868 259 2915 et
273 2859 308 2914 de
330 2860 374 2915 die
396 2860 424 2913 in
448 2860 521 2915 diem
544 2861 643 2922 clarius
666 2861 770 2929 videns,
796 2860 847 2914 iter
862 2867 981 2930 emptum
1029 2859 1130 2931 ubique
1145 2859 1239 2914 valens
1254 2859 1445 2930 praedicatura
1460 2859 1573 2915 cunctis.

182 2946 263 3001 etiam
277 2947 425 3018 plerosque
439 2955 620 3012 antevertens,
637 2947 740 3018 perficit
757 2964 763 3002 ε
781 2955 807 3002 et
822 2948 930 3002 tandem
946 2947 981 3003 ad
1327 2964 1440 3020 CApUp
1458 2964 1534 3018 xpx,

179 3035 334 3106 sepulcrum
348 3035 419 3089 beati
434 3035 568 3091 vincentii
582 3036 715 3106 pervenit.
732 3036 783 3091 Ubi
799 3035 920 3090 candelis
935 3052 980 3089 ar·
995 3052 1020 3116 ρ
1066 3052 1133 3107 Huic
1147 3052 1218 3108 facto
1233 3053 1429 3124 propemodum
1450 3053 1537 3108 simile
1552 3060 1594 3108 est
1611 3052 1687 3124 quod
1702 3052 1827 3125 sequitu,

178 3120 315 3186 dentibus·
332 3138 387 3177 ¹¹⁰¹]
400 3139 451 3193 per
464 3123 555 3189 ³¹i¹¹¹¹¹2
573 3124 622 3178 sed
641 3140 691 3196 per
703 3139 733 3179 ὅθ
749 3123 856 3187 ⁰b¹³iiss
872 3123 980 3194 Plenam
1031 3143 1103 3197 Nam
1117 3141 1216 3196 domno
1232 3140 1357 3197 Alberico
1375 3143 1508 3197 monacho
1529 3157 1591 3197 cum
1616 3140 1702 3196 iratre
1718 3139 1831 3196 Heliain

179 3210 322 3267 oculorum
335 3211 421 3267 aciem
437 3211 549 3282 recepit.

471 3344 584 3401 CAPUT
602 3342 675 3398 XVI.

214 3449 283 3507 Huic
298 3450 385 3505 simile
400 3458 442 3505 est
457 3449 615 3505 miraculum
631 3449 658 3504 in
673 3449 821 3505 Rotenensi
834 3463 915 3520 pago,
928 3446 974 3519 qui

177 3537 260 3612 vulgo
275 3538 426 3609 Rodinigus
440 3539 600 3609 appellatur,
618 3545 760 3608 patratum.
774 3537 889 3606 Quidam
905 3551 973 3592 con·

179 3634 279 3682 tractus
294 3627 411 3699 genibus
421 3643 482 3682 cum
492 3628 527 3681 ad
541 3635 663 3683 sanctum
676 3625 846 3681 vincentium
861 3625 981 3681 adduce-

101 3721 104 3728 '
180 3723 261 3784 retur,
278 3715 364 3770 asnis
377 3715 536 3771 ductoribus
551 3715 667 3787 ignavis,
685 3714 772 3786 pigris
786 3722 813 3768 et
828 3712 982 3768 inhumanis

181 3803 210 3859 in
225 3804 316 3859 medio
331 3804 425 3859 itinere
442 3804 516 3859 solus
532 3812 558 3858 et
579 3804 689 3875 plorans
703 3803 850 3858 derelictus
865 3808 914 3857 est.
928 3802 982 3856 Sed

184 3891 247 3969 quia
262 3891 393 3947 Dominus
416 3892 449 3947 de
472 3907 643 3963 quacumque
664 3891 833 3946 necessitatis
857 3890 982 3963 angustia

179 3979 214 4035 ad
229 3996 260 4034 se
274 3980 448 4035 clamantium
460 3995 557 4049 preces
566 3979 779 4035 misericorditer
789 3979 917 4033 exaudire
928 3994 982 4034 non

93 4121 102 4141 „
180 4074 278 4133 cessat,
298 4067 433 4137 extemplo
448 4067 595 4121 miseratur
611 4066 751 4132 miserum,
763 4082 793 4122 ac
803 4066 906 4122 calesti
921 4083 982 4136 per·

181 4154 272 4211 iusum
285 4154 474 4220 medicamine,
484 4155 621 4223 iacentem
632 4154 749 4210 debilem
765 4154 826 4210 iacit
842 4163 960 4210 erectum
974 4173 980 4209 :

181 4244 251 4299 adeo
266 4250 294 4298 ut
308 4244 418 4316 magnis
437 4244 564 4314 passibus
587 4244 724 4316 gradiens,
750 4259 813 4298 suos
828 4244 982 4299 desertores

181 4348 245 4390 mos
259 4340 458 4404 assequeretur.
474 4332 515 4386 llli
530 4341 619 4387 autem
632 4341 708 4387 tanto
723 4332 854 4387 miraculo
864 4331 979 4398 attoniti,

1031 3246 1133 3302 pagum
1156 3227 1351 3301 lmpurien'sem
1380 3230 1518 3301 prolecto,
1539 3238 1621 3301 atque
1640 3230 1668 3286 in
1699 3230 1762 3286 villa
1780 3245 1831 3284 snae

1032 3319 1209 3386 obedientie,
1231 3335 1292 3389 quae
1311 3317 1465 3374 Garriculas
1498 3326 1690 3390 nuncupatur,
1712 3333 1830 3375 commo·

1031 3415 1119 3476 rante,
1140 3414 1352 3476 supervenemnt
1365 3407 1468 3477 hostes,
1492 3406 1538 3478 qui
1552 3423 1656 3480 pagum
1679 3407 1829 3478 villamque,

1032 3493 1133 3550 nemini
1148 3501 1302 3565 paroentes,
1319 3494 1473 3566 depopulati
1489 3503 1559 3550 sunt.
1578 3495 1736 3564 Quinetiam
1750 3508 1830 3566 equos

1032 3582 1117 3655 ipsius
1137 3583 1256 3638 Alberici
1275 3583 1456 3649 abduxerunt,
1473 3599 1524 3639 nec
1542 3583 1691 3655 impetrare
1707 3583 1792 3655 potuit
1805 3589 1831 3637 ut

1032 3669 1128 3723 saltem
1142 3684 1211 3722 unus
1233 3668 1326 3738 (quem
1337 3668 1514 3725 robustiorem
1529 3669 1654 3740 noverat)
1665 3669 1829 3724 redderetur.

1033 3757 1087 3812 Sed
1111 3757 1225 3827 ipsemet
1249 3772 1335 3828 equus
1358 3757 1404 3828 qui
1425 3757 1622 3828 postulabatur,
1640 3757 1719 3829 quasi
1739 3756 1830 3812 vindex

1032 3844 1148 3917 duplicis
1162 3844 1267 3913 injuriae
1283 3847 1387 3915 (raptus
1405 3845 1525 3916 inquam,
1549 3853 1574 3899 et
1595 3846 1678 3914 justae
1693 3845 1828 3917 repetitio·

1031 3933 1095 4003 nis),
1113 3940 1251 4003 raptorem
1266 3932 1386 3988 calcibus
1410 3933 1437 3987 in
1455 3934 1528 3988 nudo
1552 3933 1641 4004 capite
1655 3948 1828 4005 percussum,

1031 4021 1112 4076 morti
1125 4021 1243 4076 tradidit.
1260 4019 1320 4089 Quo
1341 4021 1410 4076 iacto
1425 4021 1573 4092 iniquitatis
1596 4022 1665 4077 socii
1680 4019 1828 4093 perterriti,

1030 4126 1086 4166 non
1101 4109 1188 4165 solum
1204 4126 1300 4182 equos,
1325 4125 1419 4166 verum
1442 4109 1522 4164 etiam
1548 4110 1679 4183 quicquid
1699 4110 1727 4166 in
1741 4108 1828 4166 eadem

1031 4199 1094 4255 villa
1109 4206 1262 4270 rapuerant,
1279 4197 1465 4270 relinquentes
1479 4197 1655 4272 aufugerunt.

1331 4322 1443 4378 caret
1467 4322 1531 4377 XX.

180 4421 286 4493 seipsos
300 4435 430 4477 accusare
450 4421 679 4491 vehementerque
703 4422 870 4493 redarguere
885 4436 979 4491 coepe·
994 4408 1020 4468 D
1068 4420 1192 4491 Sequens
1208 4418 1361 4490 exemplum
1371 4419 1405 4475 de
1419 4428 1494 4474 muto
1509 4427 1536 4474 et
1546 4419 1631 4474 surdo
1646 4426 1742 4474 curato
1756 4417 1829 4473 finem

180 4517 252 4574 runt,
278 4509 351 4580 quod
372 4509 490 4564 coelestis
514 4509 625 4563 remedii
651 4508 782 4564 beneficio
805 4508 927 4581 dignum,
944 4508 982 4562 ita
1031 4507 1162 4579 imponet.
1175 4507 1312 4579 Georgius
1323 4508 1434 4578 quidam
1444 4507 1485 4562 vir
1495 4507 1600 4562 illuster
1610 4522 1723 4562 servum
1735 4513 1829 4561 mutum

180 4597 253 4672 pigri
267 4596 498 4668 inclementesque
513 4596 708 4652 deseruissent.
1031 4606 1058 4653 et
1085 4597 1198 4651 surdum
1216 4596 1308 4650 habuit
1333 4613 1340 4648 ε
1365 4596 1491 4667 quicum
1511 4595 1546 4651 ad
1566 4595 1726 4667 sepulcrum
1752 4591 1830 4649 sancti

1031 4685 1167 4743 vincentii
1180 4685 1269 4739 levitae
1284 4691 1311 4738 et
1328 4685 1458 4755 martyris
1474 4685 1628 4750 duceretur,
1653 4699 1706 4740 nec
1720 4682 1831 4753 amplius

475 4737 586 4793 CAPUT
605 4737 690 4791 XVH'
1031 4772 1226 4829 amonasterio
1246 4787 1327 4842 quam
1347 4772 1492 4827 duodecim
1514 4770 1602 4826 ferme
1616 4770 1740 4825 millibus
1750 4770 1828 4825 dista-

119 4907 126 4913 -
216 4851 389 4908 C⁰fl⁸1¹0l¹¹d0
400 4850 634 4922 (utffieminlfflus)
646 4848 764 4921 Dlaesfflae
787 4849 981 4922 ⁰⁰¹¹Ss08⁸li⁰·
1032 4871 1081 4928 ret,
1097 4862 1180 4932 coepit
1194 4861 1277 4932 loqui,
1296 4860 1493 4931 loquentesque
1518 4861 1622 4931 absque
1639 4859 1828 4930 impedimento

181 4941 225 4996 ²11⁵
244 4940 304 5006 fuit,
329 4948 357 4995 ¹1²
376 4939 482 4996 femissae
506 4955 601 4996 Omnes
624 4940 657 4994 ab
681 4940 806 5010 ingressu
826 4938 981 4992 ffl⁰flfl⁵lesii
1031 4951 1134 5007 audire.
1151 4951 1225 5004 Tunc
1238 4949 1353 5004 comites
1367 4948 1481 5021 rogavit,
1498 4956 1527 5002 ut
1537 4964 1601 5003 eum
1616 4947 1673 5004 cito
1683 4948 1718 5003 ad
1733 4946 1825 5007 locum,

183 5035 348 5087 arcerentur.
366 5029 469 5084 Idcirco
483 5029 606 5097 ejusdem
621 5027 738 5082 caenobii
752 5025 848 5081 iratres
864 5026 981 5097 pruden-
1032 5042 1067 5096 οι)
1091 5038 1250 5094 referendas
1271 5044 1365 5093 sango
1388 5036 1498 5108 mmm·
1519 5043 1613 5109 grates
1640 5035 1826 5107 perducerent,

180 5125 223 5174 ²⁶?
240 5117 424 5189 Pl'0lid01'stssb
440 5125 469 5171 ui
484 5132 585 5187 00¹'P05
598 5116 670 5170 beati
695 5115 826 5170 vincenii
848 5115 936 5170 lelilae
956 5122 982 5169 0²
1031 5128 1111 5198 Quod
1125 5135 1151 5182 et
1166 5125 1332 5182 ieceruntad
1341 5125 1455 5198 gloriam
1470 5124 1615 5180 etlaudem
1625 5125 1677 5180 Dei
1689 5133 1713 5179 et
1725 5120 1826 5179 Domini

182 5206 309 5277 mllilsis
323 5207 351 5260 1¹¹
365 5205 476 5260 b³³l¹5⁰⁸
489 5205 540 5261 Del
553 5204 691 5277 gemmeis
711 5204 802 5258 Misia?
817 5211 979 5273 P⁰fl<³r⁰l¹¹r2
1030 5217 1117 5272 nostri
1131 5216 1195 5270 lesu
1211 5214 1319 5280 Christi,
1336 5213 1382 5285 qui
1397 5221 1504 5269 sanctos
1519 5228 1584 5268 suos
1601 5211 1724 5266 mirabili
1738 5216 1827 5282 poten·

184 5294 218 5348 ad
242 5310 322 5365 quam
349 5294 420 5349 liber
443 5301 500 5349 erat
523 5293 665 5348 mulierum
688 5308 825 5348 accessus.
854 5294 887 5346 At
916 5307 982 5348 vero
1031 5306 1068 5362 tia
1082 5306 1183 5377 ubique
1202 5303 1365 5374 triumphare
1384 5302 1448 5357 saep
1467 5319 1473 5355 :
1489 5301 1567 5371 cujus
1590 5302 1681 5356 hono,
1702 5307 1729 5354 ep
1748 5299 1827 5368 impe.

184 5396 314 5437 successu
337 5383 486 5454 temporis,
516 5389 650 5438 conventu
677 5380 830 5450 hujusmodi
850 5397 898 5451 per
922 5381 982 5437 dies
1031 5394 1100 5452 η’[ῃῃ
1135 5394 1193 5449 sine
1226 5391 1279 5448 fine
1310 5399 1451 5463 permanet
1480 5391 1509 5444 in
1538 5389 1639 5446 saecula
1664 5387 1827 5447 saeculoram·

183 5484 329 5547 cenante,
351 5479 497 5538 intulerunt
519 5480 583 5536 illuc
609 5479 636 5536 in
665 5479 800 5537 seniorem
823 5478 980 5536 monasterii
1031 5484 1128 5541 Amen.
