3794 6104
43 201 117 254 roos
256 180 262 191 '
796 194 888 252 vnn.
1625 199 1697 258 tooe

45 318 264 392 intelligentibus
278 334 335 375 non
348 327 421 376 recte
443 319 581 376 videretur
596 320 702 387 iecisse,
720 319 797 391 quasi
813 319 847 373 ad
861 318 888 380 Α
903 335 986 390 super
1000 336 1095 376 ornnes
1116 321 1240 377 homines
1255 320 1338 377 luisse
1353 322 1517 378 describitur
1531 323 1625 393 (Num.
1642 339 1694 394 ιιι,

50 408 122 464 alios
137 424 204 463 usus
219 408 358 480 redigeret
366 424 426 480 quae
434 409 521 464 sacris
529 416 606 463 erant
614 409 741 478 deputata
750 415 850 477 myste-
901 407 938 476 3).
954 407 1103 478 aliquoties
1118 417 1209 464 tamen
1220 409 1340 464 sineullo
1356 410 1477 479 ejusdem
1485 411 1697 467 mausuetudinis

48 497 108 561 riis,
139 496 330 567 etaquodam
357 496 540 569 interrogatus
569 495 672 561 luisset,
701 510 785 566 quare
814 494 851 548 ita
901 494 1061 551 detrimento
1084 496 1122 550 ita
1145 497 1314 568 inquirendis
1336 498 1379 552 vel
1402 498 1579 554 discutiendis
1606 498 1698 555 causis

50 582 164 650 iaceret,
177 584 251 653 justa
266 584 371 640 ratione
389 584 537 639 sciscitanti
551 583 721 639 satisfaciens
736 600 743 636 :
761 603 772 632 ι
790 583 851 636 Νοιι
902 592 1029 638 constans
1051 583 1165 640 achras
1181 586 1209 639 in
1223 601 1271 640 sua
1293 586 1427 640 sententia
1451 587 1558 654 mansit,
1575 594 1604 641 ut
1618 602 1633 640 a
1647 602 1699 642 ne·

50 671 160 745 ignoro,
170 673 266 743 inquit,
277 688 320 726 res
334 671 510 728 ecclesiastici
525 671 606 727 officii
621 672 703 743 digne
718 687 779 725 esse
795 678 852 723 tra·
902 671 973 724 mine
997 681 1088 741 posset
1111 673 1139 725 in
1159 671 1231 727 aliud
1246 672 1364 728 deflecti.
1381 671 1459 740 Quod
1475 683 1567 728 autem
1580 673 1698 729 diximus

51 759 178 824 cundia,
194 768 220 815 et
235 760 286 814 sub
301 776 400 832 magna
415 760 473 815 iore
488 760 653 831 obligatione
667 759 703 813 ad
717 760 770 814 hoc
784 773 853 828 opus
903 757 1006 828 absque
1020 760 1233 814 mansuetudinis
1248 760 1409 815 detrimento
1424 761 1475 815 hoc
1490 760 1560 827 fieri,
1577 769 1633 817 tam
1648 778 1698 817 ve-

51 848 202 918 depositas.
216 848 406 903 Vemmtameu
422 847 483 918 plus
498 856 539 903 est
552 848 621 919 apud
631 848 719 901 Deum
733 863 781 917 per
795 846 853 901 baec
903 845 1002 899 racitcr
1024 847 1051 899 in
1066 846 1112 901 illo
1133 847 1308 917 adimpletum
1330 856 1381 916 est,
1398 855 1427 902 ut
1441 848 1478 901 nil
1499 864 1619 919 unquam
1642 849 1698 904 ira-

24 953 27 956 <
53 934 196 990 subveniri
210 935 327 1006 captivis
341 935 499 990 Christianis
511 935 539 990 in
553 935 678 1007 angustia
689 933 852 998 constitutis,
904 932 1010 987 cundiae
1023 933 1066 988 vel
1081 935 1269 990 commotionis
1284 935 1529 991 contradicentibus
1538 936 1698 1006 ostenderit,

53 1039 137 1094 quam
151 1039 213 1078 esse
234 1023 321 1094 possit
344 1023 496 1094 depositum
520 1023 571 1077 ista
586 1022 765 1079 custodiendi.
781 1022 816 1077 Et
831 1021 854 1074 si
904 1020 948 1075 vel
963 1021 1054 1099 uerbis
1078 1023 1181 1092 asperis
1196 1032 1290 1078 eontra
1308 1041 1356 1079 eos
1369 1025 1455 1096 egerit
1470 1042 1477 1078 :
1494 1025 1542 1079 sed
1557 1024 1699 1081 familiari-

53 1111 206 1166 necessitas
220 1111 374 1168 incubuerit
382 1111 497 1167 duorum
511 1112 646 1167 bonorum
660 1127 742 1166 unum
752 1110 854 1183 eligere
905 1108 955 1162 bus
992 1109 1134 1181 colloquiis
1162 1119 1188 1165 et
1222 1112 1374 1167 delectabili
1411 1113 1582 1169 continentiae
1608 1121 1698 1186 gestu,

55 1206 82 1254 et
97 1200 153 1254 alio
167 1215 273 1262 carere,
285 1207 393 1270 oportet
407 1214 549 1257 assumere
563 1201 635 1272 quod
651 1208 692 1255 est
705 1198 811 1265 melius,
828 1205 855 1253 et
905 1197 1009 1251 cunctis
1031 1199 1066 1251 sit
1087 1199 1238 1254 amabiliter
1261 1209 1401 1256 exsecutus
1426 1202 1557 1273 quidquid
1571 1203 1699 1258 intende·

55 1287 214 1359 relinquere
228 1287 300 1358 quod
325 1287 441 1343 habetur
456 1288 578 1343 interius.
594 1289 672 1343 Unde
687 1297 714 1342 et
728 1303 790 1360 ego,
807 1286 853 1355 ait,
906 1284 950 1338 bat
963 1303 968 1338 :
981 1286 1054 1340 deea
1066 1294 1155 1341 tamen
1172 1303 1234 1357 quae
1247 1288 1286 1341 illi
1300 1289 1385 1343 inerat
1399 1289 1593 1346 inflexibilitate
1606 1290 1699 1360 animi,

55 1392 121 1432 cum
145 1376 250 1431 nullum
266 1375 340 1430 aliud
355 1375 443 1430 habeo
459 1376 610 1442 consilium,
626 1391 680 1431 non
694 1376 776 1446 impie
790 1390 853 1447 ago,
904 1373 1051 1443 aquodam
1065 1374 1222 1429 familiarius
1236 1375 1427 1449 interrogatus,
1443 1394 1504 1448 quae
1517 1377 1587 1432 inira
1600 1378 1702 1435 haben·

56 1466 79 1520 si
99 1464 293 1533 Christianum,
317 1463 363 1535 qui
390 1462 461 1518 iilius
486 1463 537 1519 Dei
560 1472 610 1528 est,
635 1480 696 1519 oum
721 1462 856 1518 thesauris
905 1468 947 1515 tur
962 1462 1097 1532 exposuit.
1116 1485 1127 1509 α
1146 1461 1331 1534 Quaecunque,
1346 1465 1443 1535 inquit,
1458 1481 1541 1536 agere
1555 1466 1643 1522 debeo
1657 1466 1702 1523 vel

57 1552 183 1608 ecclesiae
198 1553 303 1606 redimo
315 1569 322 1605 ε
334 1566 397 1606 curn
412 1559 438 1607 et
454 1567 561 1622 semper
574 1551 694 1605 iuvenire
709 1550 855 1621 possimus,
906 1548 1040 1619 omittere,
1066 1567 1115 1604 seu
1132 1550 1167 1604 de
1191 1552 1316 1606 omnibus
1340 1551 1437 1607 suturis
1459 1553 1525 1606 mihi
1548 1554 1700 1621 eventibus,

56 1641 132 1712 quod
147 1640 180 1695 ad
195 1656 273 1694 usum
289 1640 357 1694 sacri
373 1638 487 1695 sufficiat
501 1640 644 1695 ministerii
659 1657 666 1692 :
684 1640 856 1708 irrecupera-
869 1636 1070 1718 Bpraesagium
1093 1653 1201 1708 semper
1222 1638 1300 1709 capio
1325 1656 1358 1693 ex
1379 1640 1529 1695 visionibus
1549 1641 1658 1697 Domini
1672 1656 1706 1697 ec

56 1729 113 1784 bile
127 1736 217 1784 autem
232 1727 275 1795 sit,
287 1728 310 1783 si
324 1728 492 1783 Christianus
499 1728 527 1782 in
540 1727 703 1800 captivitatis
713 1725 855 1782 afflictione
907 1726 1062 1781 decessoris
1077 1725 1130 1780 mei
1144 1726 1281 1798 Ansgarii.
1298 1727 1373 1783 Solet
1388 1729 1460 1783 enim
1474 1729 1539 1783 mihi
1554 1729 1613 1800 ipse
1622 1744 1705 1802 appa·

57 1815 176 1873 deficiat.
196 1841 207 1864 a
907 1829 970 1869 rens
985 1813 1013 1867 in
1027 1814 1153 1885 qualitate
1173 1814 1261 1868 vultus
1283 1814 1324 1869 sui
1348 1816 1501 1884 ostendere,
1525 1817 1640 1887 qualiter
1659 1833 1703 1873 me

345 1941 457 1997 CAPUT
475 1941 563 1997 XVIII
908 1901 1061 1958 immiscere
1085 1901 1199 1957 debeam
1223 1901 1304 1957 rebus
1328 1904 1457 1973 agendis,
1474 1911 1500 1957 et
1523 1904 1654 1975 quidquid
1668 1905 1703 1960 de

567 1982 573 1994 '
908 1989 955 2045 illo
970 1991 1066 2055 sentio,
1081 1990 1182 2044 nullam
1206 1990 1241 2044 ad
1257 1991 1309 2047 hoe
1324 1991 1528 2062 exsequendum
1544 1990 1702 2048 dissimula-

95 2045 221 2119 Exempli
236 2053 325 2101 autern
339 2062 422 2101 causa
433 2063 515 2100 unum
530 2046 564 2101 de
579 2044 767 2114 hujuscemodi
781 2043 859 2100 iactis
908 2077 1011 2133 tionem
1026 2077 1116 2133 facere
1131 2093 1252 2148 possum·
1272 2099 1283 2128 ‚

59 2151 317 2201 commemoramus,
334 2135 361 2189 in
376 2150 430 2206 quo
443 2150 498 2189 non
522 2134 612 2188 minus
625 2133 653 2187 in
667 2133 788 2204 potentia
806 2132 860 2186 rni-

59 2225 158 2293 raculi,
180 2240 261 2296 quam
282 2224 310 2277 in
334 2239 417 2294 opere
438 2222 634 2278 misericordia
655 2221 767 2277 refulsit.
794 2221 860 2276 Cum
1209 2245 1321 2302 CAPUT
1339 2246 1403 2301 XX·

58 2312 182 2370 venisset
197 2312 314 2384 quadam
329 2311 386 2365 vice
401 2311 436 2365 ad
450 2320 541 2381 partes
554 2312 703 2376 Danorum,
717 2309 763 2365 ubi
777 2309 861 2365 eccle·

60 2401 133 2459 siam
155 2398 269 2455 novella
289 2398 479 2454 christianitati
492 2407 676 2454 constructam
690 2397 817 2461 habebat,
834 2396 862 2451 in
948 2370 1043 2467 ΜΨ
1064 2368 1143 2468 eum}
1165 2369 1335 2442 antiqwmm
1355 2385 1432 2425 m⁰r⁰
1448 2380 1615 2469 ‚⁵⁸¹¹,cwmm
1630 2388 1707 2445 Μ’

58 2488 124 2544 1οω
140 2487 188 2558 qui
209 2487 308 2542 dicitur
322 2486 466 2554 Sliasvich’
488 2487 552 2542 vidit
568 2486 766 2541 multitudinem
781 2485 862 2540 Chri,
912 2457 976 2511 dam
990 2458 1088 2512 fecisse
1102 2458 1241 2523 miraculo,
1259 2456 1416 2528 frequenter·
1429 2459 1555 2515 videlicet
1570 2461 1635 2516 dum
1657 2461 1710 2518 iret

62 2577 214 2632 suanorum
238 2583 388 2631 catenatam
416 2575 484 2628 trahi
507 2575 642 2645 captivam
667 2592 674 2628 :
698 2575 770 2629 inter
794 2589 862 2645 quas
912 2545 945 2599 ad
965 2545 1119 2612 sueoniam,
1139 2553 1332 2630 (tempestatem
1356 2547 1440 2601 maris
1465 2548 1632 2603 orationibus
1651 2549 1709 2604 suis

63 2680 120 2720 una
135 2663 359 2731 sanctimonialis,
375 2672 403 2717 ut
418 2663 523 2718 eminus
544 2662 619 2716 illum
634 2662 785 2732 conspexit,
802 2677 863 2717 cunr
914 2633 1036 2729 ⁵ed⁸⁵⁵f³t
1051 2632 1116 2687 effi
1132 2633 1276 2730 ⁰¹¹j¹¹⁵d³¹¹i
1288 2634 1382 2731 ⁰⁰⁰¹⁰⁵‚
1397 2634 1563 2691 illuminasse
1577 2652 1627 2735 pe?
1641 2651 1710 2692 ⁰⁰⁰⁸

61 2752 256 2827 genuflexione
270 2759 297 2806 et
311 2751 410 2806 crebra
422 2751 517 2821 capitis
532 2750 704 2806 inclinatione
718 2759 773 2805 tum
788 2749 863 2804 illum
914 2720 1106 2784 fisfflfflfflffl’
1132 2737 1211 2791 quam
1235 2721 1382 2791 ⁸9¹⁸⁰⁰p³l¹
1401 2738 1477 2777 Μ
1492 2738 1552 2778 ⁰⁰¹³
1567 2724 1713 2780 ⁰hs¹⁸m⁰²⁰

61 2840 202 2909 venerari,
219 2856 300 2911 quam
316 2841 374 2910 ejus
389 2839 605 2896 misericordiam
621 2855 671 2910 pro
692 2855 740 2894 sna
754 2839 864 2893 redem-
915 2824 991 2907 ⁵³⁰¹f⁰
1012 2809 1039 2906 Ψ
1050 2808 1158 2906 ,Εοάθῐῃ
1181 2808 1314 2908 ἷθῦἰθῗῖθῑχ
1330 2810 1384 2865 sed
1408 2817 1434 2865 et
1456 2809 1541 2909 filiqm
1564 2812 1711 2911 fluemdssffl

58 2929 155 3000 mione
178 2927 284 2999 precari
317 2928 472 2983 videbatur·
506 2929 539 2982 Et
560 2936 588 2981 ut
612 2943 672 2983 eam
700 2926 864 2999 intelligere,
915 2913 988 2968 regis
1003 2897 1283 2975 dicituradaemomo
1298 2898 1429 2953 liberasse
1445 2916 1452 2952 :
1468 2914 1512 2955 cut
1535 2908 1616 2955 ettam
1638 2899 1712 2957 affir-

60 3016 150 3073 iuisse
164 3016 352 3083 Christianam,
364 3016 471 3072 elevata
484 3015 563 3070 altius
579 3032 645 3071 voce
662 3015 743 3086 coepit
757 3023 866 3073 cantare
881 2985 1028 3069 (imami
1049 2985 1101 3040 ¹¹⁰⁰
1115 2985 1256 3055 ³⁵¹ip¹¹¹³si
1277 2986 1393 3052 videm*
1411 2988 1484 3058 ‘1¹¹0d
1507 2988 1598 3044 munis
1617 2997 1711 3045 ⁸⁵¹³*

62 3105 195 3177 psalmos·
219 3106 371 3176 Episcopus
394 3112 484 3159 amem
508 3105 683 3159 miseratione
703 3114 864 3170 commus,
917 3074 987 3128 tibus
1001 3073 1137 3144 episcopis
1152 3074 1255 3129 clamor
1268 3075 1303 3128 ab
1318 3091 1366 3130 ore
1380 3076 1468 3131 vexati
1479 3077 1578 3147 saepius
1586 3078 1710 3144 sonabat,

823 3192 867 3247 Ad
916 3162 1088 3217 Rembertum
1103 3161 1189 3216 solum
1205 3162 1274 3216 inter
1288 3177 1336 3217 eos
1345 3163 1428 3236 digne
1438 3164 1613 3219 commissum
1622 3166 1714 3237 egisse

916 3248 1043 3318 odicium,
1060 3250 1203 3321 ipsumque
1227 3249 1278 3303 sibi
1302 3266 1363 3305 esse
1386 3250 1516 3305 cruciatui
1530 3260 1624 3308 auctor
1637 3254 1713 3308 vocis

917 3337 1064 3392 testabatur
1076 3345 1098 3391 ⁸.
1120 3336 1177 3391 Sed
1200 3336 1263 3408 quia
1287 3338 1386 3392 nostris
1410 3339 1588 3408 temporibus,
1604 3347 1634 3394 ut
1648 3341 1714 3397 dicit

917 3425 1068 3491 Psalrnista,
1085 3425 1188 3495 defecit
1202 3429 1328 3491 sonetur,
1344 3429 1373 3481 et
1391 3426 1542 3483 diminutae
1554 3432 1624 3484 sant
1638 3431 1712 3486 veri·

919 3517 990 3569 tates
1005 3531 1021 3568 a
1037 3513 1105 3582 filiis
1122 3513 1268 3567 hominurn
1283 3513 1370 3581 (Paul.
1381 3527 1421 3578 ιιι,
1438 3514 1476 3583 2),
1494 3514 1713 3573 neolecileacci·

917 3601 990 3672 pitur
1000 3615 1134 3672 quemque
1143 3616 1174 3654 ex
1184 3599 1324 3655 modernis
1332 3600 1397 3655 viris
1407 3600 1468 3656 talia
1479 3600 1587 3667 iecisse,
1600 3602 1715 3659 sufficiat

64 3193 196 3249 divinitus
223 3208 284 3247 eam
307 3193 427 3261 adjuvari
449 3208 512 3247 curn
531 3193 658 3264 lacrymis
690 3193 793 3248 orabat.

64 3282 146 3350 cujus
160 3297 257 3352 preces
276 3296 339 3335 mox
359 3281 484 3352 disrupta
498 3289 539 3336 est
553 3289 649 3337 catena
662 3282 697 3337 de
711 3281 781 3337 collo
795 3282 864 3350 ejus,

66 3387 131 3442 quae
144 3370 233 3425 vincta
248 3370 399 3425 tenebatur.
411 3370 452 3424 Ne
467 3378 554 3424 tamen
570 3370 628 3439 ipsa
641 3369 793 3441 aufugeret,
805 3385 867 3424 eam

65 3459 251 3513 intermunus
266 3458 397 3513 habentes
411 3459 511 3528 pagani
527 3458 606 3514 facile
620 3458 786 3514 obtinebant.
798 3458 866 3512 Tum

65 3553 180 3602 sanctus
193 3546 338 3617 episcopus
352 3545 430 3600 anxio
441 3545 474 3600 de
490 3545 534 3599 illa
549 3555 638 3601 motus
653 3545 760 3614 affectu,
773 3554 867 3601 tenen·

65 3634 141 3689 tibus
155 3649 214 3689 eam
236 3633 353 3706 paganis
374 3633 453 3704 plura
473 3633 575 3688 diversi
591 3635 701 3706 generis
715 3632 804 3705 pretia
816 3649 868 3705 pro
1439 3688 1443 3698 ,
1488 3689 1493 3699 ,
1593 3690 1598 3701 ,
1622 3690 1627 3700 ,

68 3723 129 3793 ipsa
156 3722 236 3793 coepi,
265 3720 375 3777 offerre·
406 3721 461 3777 sed
488 3722 527 3776 iffi
551 3721 652 3776 nullam
685 3722 868 3778 conditionem
917 3705 968 3743 nos
979 3690 1109 3743 hactenus
1119 3688 1511 3759 comprobasse,quodhrcv1r
1520 3691 1630 3745 Domrm
1640 3706 1716 3748 sano
1789 3764 1794 3770 μ

69 3810 209 3881 suscipere
223 3809 359 3875 volebant,
375 3808 427 3863 nisi
442 3826 520 3864 suum
535 3810 575 3865 eis
590 3811 667 3865 daret
688 3826 798 3881 equum,
816 3824 869 3881 quo
918 3777 1008 3874 matis,
1026 3775 1131 3845 ΨΜ
1156 3774 1315 3874 9011309ῃῷ
1331 3792 1380 3847 9⁸¹⁸
1394 3792 1442 3831 ‘³³⁵
1455 3777 1582 3876 Yirtufum
1597 3779 1714 3850 ⁸Pe⁰i⁰⁵³

68 3900 105 3955 ad
118 3898 257 3970 propriam
273 3897 368 3952 sellam
383 3897 421 3951 uti
437 3897 550 3953 solebat.
565 3896 643 3965 Quod
657 3897 703 3952 ille
713 3896 805 3953 iacere
814 3913 871 3952 non
919 3881 987 3935 quas
1002 3881 1029 3918 ¹¹¹
1044 3864 1197 3961 Evangfflm
1212 3865 1344 3966 D⁰m¹ff¹¹f⁸
1359 3864 1395 3963 aq
1406 3864 1599 3921 beamudmem
1613 3883 1716 3970 ΡΨ·

68 3986 237 4052 detrectans,
261 3993 374 4057 repente
397 3984 508 4039 disilivit
522 3983 583 4057 lob,
605 3984 722 4057 desiluit]
737 3985 771 4040 de
787 4001 868 4056 equo,
919 3952 1030 4007 ”fidam
1046 3960 1173 4023 pr⁰p⁰¹¹¹¹
1190 3969 1196 4005 ²
1214 3953 1304 4018 ΒΜ
1320 3969 1601 4051 ’Πᾳυξθῃῦζραψω
1611 3957 1716 4029 'Imm‘

70 4084 99 4131 θ,
112 4090 176 4131 cum
190 4072 265 4128 omni
278 4089 360 4144 quam
374 4073 434 4145 ipse
447 4073 482 4128 ad
497 4089 559 4128 eum
573 4073 667 4128 habui,
681 4081 808 4144 paratum
821 4087 871 4142 pro
919 4042 1029 4111 (Motth.
1046 4057 1073 4105 v,
1088 4040 1126 4111 3),
1144 4047 1208 4109 etc,
1223 4041 1258 4095 de
1273 4047 1414 4097 octonario
1437 4048 1566 4097 virtutum
1579 4043 1715 4118 catalogo,

69 4162 167 4217 eadem
181 4161 255 4216 dedit
269 4160 385 4230 captiva,
404 4160 627 4232 redemptamque
643 4160 768 4216 libertate
782 4161 871 4215 dona·
920 4144 973 4200 ‘¹¹¹⁰
989 4127 1156 4226 &linificam
1170 4144 1221 4199 per
1235 4129 1439 4228 risumcfiwis
1454 4131 1571 4229 3an
1584 4130 1644 4204 ⁸P⁹i
1656 4148 1718 4189 ΜΒ·

71 4251 120 4315 νὴ,
138 4257 165 4304 θ,
180 4264 233 4320 quo
249 4248 330 4303 vellet
344 4247 419 4303 abire
433 4248 566 4319 permisit·
580 4248 695 4320 Duplex,
707 4256 736 4303 ut
744 4248 870 4316 diximus,
919 4224 969 4270 trae
990 4216 1127 4286 implenda
1152 4215 1290 4284 perfectio.
1306 4217 1364 4272 Nec
1379 4218 1507 4272 miracula
1523 4219 1561 4272 rllt
1576 4218 1719 4274 defuerunt

71 4355 123 4410 per
136 4339 190 4394 hoc
205 4337 303 4393 facturn
326 4337 359 4392 de
375 4352 405 4392 se
424 4336 584 4393 memoriale
600 4336 689 4390 laudis
703 4335 870 4407 relinquens,
885 4303 1083 4416 D⁸piffi⁰³¹iat
1106 4319 1167 4374 ‘1¹¹ae
1191 4303 1273 4357 etiam
1286 4319 1359 4359 ”⁰¹¹⁰
1373 4304 1401 4357 in
1423 4304 1549 4359 E⁶⁰¹⁶⁵i⁸
1561 4320 1578 4360 ⁸
1592 4305 1719 4361 fidefibm

72 4427 148 4500 quod
163 4435 190 4481 et
207 4425 305 4482 virtute
327 4425 457 4481 orationis
481 4442 537 4481 sum
560 4432 684 4481 catenam
707 4423 828 4496 fregerit,
844 4431 871 4479 et

71 4515 155 4570 simul
177 4516 230 4571 hoo
252 4513 361 4588 insigne
393 4530 462 4586 opus
484 4513 679 4570 misericordie
702 4513 871 4569 demonstra·

71 4603 154 4660 serit.

922 4390 980 4445 lieri
994 4396 1106 4444 testatur
1128 4389 1221 4443 beatus
1244 4389 1393 4461 Gregorius
1407 4406 1546 4462 exponens
1559 4392 1644 4448 verba
1659 4393 1719 4449 Do·

920 4477 986 4532 mini
1006 4476 1119 4531 dicentis
1142 4477 1227 4547 (born.
1251 4480 1286 4532 29
1300 4480 1332 4533 in
1346 4479 1466 4550 Evcnq.)
1480 4498 1491 4534 .·
1507 4480 1595 4552 Siqua
1621 4484 1718 4537 actem

921 4582 966 4622 eos
980 4567 1027 4637 qai
1041 4564 1222 4632 crediderint,
1240 4566 1297 4620 boec
1307 4570 1461 4638 aequentur
1472 4586 1481 4622 :
1491 4569 1523 4622 in
1533 4568 1648 4624 nomine
1657 4584 1718 4626 meo

922 4654 1061 4710 daemonic
1067 4654 1191 4725 ejicient,
1203 4653 1308 4725 linquis
1317 4656 1467 4726 toquentur
1475 4657 1563 4725 novis,
1573 4661 1717 4729 cerpentes

367 4727 479 4785 CAPUT
501 4728 578 4783 XIX·
924 4744 1043 4808 tollent,-
1055 4746 1082 4797 et
1097 4742 1311 4812 simortt'serttm
1325 4743 1391 4814 qaid
1405 4743 1535 4810 biberint,
1547 4757 1603 4801 non
1615 4745 1655 4801 eia
1664 4760 1718 4802 rto·

108 4833 226 4891 Proinde
247 4833 323 4905 juxta
346 4842 512 4907 praeceptum
534 4831 666 4904 Apostoli,
688 4847 741 4904 quo
763 4847 873 4887 servum
923 4831 1205 4902 cebit,·attpercepros
1220 4846 1322 4885 mortua
1338 4832 1492 4903 importent,
1509 4836 1538 4887 et
1552 4832 1620 4889 bene
1635 4833 1720 4890 hade·

73 4923 185 4980 Domini
196 4923 273 4993 jubet
291 4931 461 4978 mansuetum
476 4938 538 4978 esse
552 4922 587 4976 ad
602 4937 698 4976 omnes
713 4921 751 4991 (ll
765 4921 833 4976 Tim.
845 4923 872 4986 ι,
924 4920 994 4974 bant
1007 4918 1101 4987 (licre.
1113 4932 1173 4985 xvi,
1186 4918 1230 4982 tt,
1241 4918 1296 4987 ta).
1308 4917 1362 4972 Sed
1377 4917 1412 4973 de
1426 4919 1468 4972 his
1484 4919 1599 4992 singulis
1609 4920 1720 4992 exposi-

72 5013 132 5082 st),
148 5012 185 5066 ita
198 5011 273 5078 vixit,
288 5019 319 5066 ut
333 5011 390 5067 suis
412 5010 582 5082 temporibus
605 5009 704 5075 nullus,
721 5008 872 5079 sicutipse,
924 5007 1024 5062 tionem
1035 5004 1140 5076 praeiati
1149 5005 1269 5061 doctoris
1280 5021 1441 5076 percurrere
1447 5007 1565 5081 ‚longum
1574 5015 1615 5064 est
1624 5017 1651 5064 et
1664 5024 1720 5065 non

73 5100 223 5156 hloseicum
245 5099 311 5155 illud
338 5100 537 5166 assimilaverit,
570 5114 623 5170 quo
652 5097 694 5153 vir
716 5096 874 5151 mitissimus
925 5094 1118 5158 necessarium,
1132 5108 1192 5148 cnm
1212 5093 1321 5147 homilia
1339 5095 1396 5150 haec
1407 5095 1549 5151 continens
1558 5095 1585 5150 in
1595 5105 1721 5169 pmmptu

110 5236 122 5263 ⁸
135 5233 242 5285 hdamus
254 5235 279 5284 in
292 5246 346 5299 cap.
359 5232 411 5284 at:
425 5235 496 5284 Hunc
508 5233 574 5295 recta
587 5232 721 5284 hutheroici
733 5231 814 5293 tilium
827 5231 875 5280 Ca·
925 5227 1074 5279 bertinianis
1094 5225 1220 5276 annosis
1233 5227 1352 5290 malignus
1364 5229 1463 5292 spiritus
1475 5228 1588 5280 carolum
1603 5229 1721 5281 invasisse

76 5300 159 5351 rotam
170 5301 393 5361 accerbibcmttr,
412 5300 610 5364 quinovtsrt'mis
627 5298 876 5359 archiepiscopitem-
925 5301 950 5345 et
962 5295 1069 5357 graviter
1096 5305 1198 5342 terame
1221 5293 1310 5353 tertnr,
1334 5294 1365 5343 ob
1385 5295 1410 5346 id
1435 5296 1529 5345 scilicet
1550 5297 1613 5359 quod
1635 5301 1721 5349 contre

74 5368 180 5430 poribus
191 5380 206 5416 a
217 5380 292 5430 reparo
308 5369 443 5433 depositas.
466 5368 598 5428 ernulfum
616 5365 726 5428 permane·
740 5364 779 5414 rat
826 5365 877 5414 tarn
926 5367 1022 5426 patrem
1035 5358 1185 5411 ludovicum
1196 5359 1369 5423 conspirasset.

77 5434 176 5495 aoeeptt
194 5445 367 5486 sucessorem.
388 5435 452 5485 sane
474 5433 500 5485 tn
521 5431 656 5485 trudibus
677 5430 790 5483 Fuldemi
808 5442 837 5481 us
851 5433 877 5482 et
